1825 3264
355 251 440 292 430
795 261 829 290 s.
866 260 1095 291 AUGtSTfflI
1128 263 1308 292 Emscom

354 342 510 387 porum
538 335 778 371 vestrorum
810 336 1103 374 trecentorum
1131 337 1175 372 et
1204 329 1383 378 decem,
1407 329 1734 374 memorabilem

351 397 487 452 illam,
508 396 563 440 de
585 412 671 456 qua
692 397 888 456 superius
908 398 1029 458 quod
1051 397 1150 442 satis
1182 412 1270 442 esse
1291 396 1521 442 videbatur
1539 399 1730 455 inserui,

351 482 441 511 non
464 476 505 510 te
526 467 668 525 piguit
684 466 827 526 legere
849 469 1120 522 sententiam,
1143 483 1245 512 cum
1261 467 1334 511 illa
1350 468 1483 512 verba
1505 468 1734 514 damnatos

351 552 452 581 cum
469 537 730 582 Maximiano
752 537 1000 593 duodecim,
1025 554 1212 598 quorum
1232 539 1510 598 praesentium
1533 540 1736 584 manibus

351 606 575 652 ordinatus
603 617 692 662 est,
727 608 991 668 apertissime
1019 610 1277 666 ostendant,
1310 609 1559 654 dilationem
1590 618 1736 654 autem.

352 679 561 722 redeundi
583 678 637 723 ad
659 680 1013 724 communionem
1032 689 1216 724 vestram
1237 678 1319 723 illis
1350 694 1439 724 esse
1460 694 1704 724 concessam
1720 713 1732 735 ,

350 747 538 808 quicum
555 758 696 793 essent
710 750 755 793 in
769 750 1076 794 communione
1093 749 1358 806 Maximiani.
1382 749 1736 809 Primianumque

350 818 650 874 damnassent,
684 829 828 864 tamen
861 821 1038 879 quando
1070 820 1355 865 Maximianus
1389 819 1615 864 ordinatus
1643 828 1732 875 est,

351 904 439 933 non
460 889 776 946 interfuerunt3
797 906 940 950 neque
957 890 1070 934 enim
1085 905 1235 934 omnes
1252 890 1455 934 interesse
1476 899 1732 949 potuerunt,

350 969 424 1003 aut
456 974 505 1003 ex
534 975 654 1004 more
681 960 931 1004 debuerunt
967 980 976 1005 z
1005 960 1243 1020 plurimum
1270 961 1405 1004 miror
1434 960 1657 1019 quomodo
1692 969 1735 1004 te

350 1028 457 1083 falli,
503 1031 646 1074 nescio
680 1046 768 1090 quo
804 1031 1063 1085 mentiente,
1088 1031 1357 1090 permiseris,
1382 1031 1451 1074 cui
1481 1031 1612 1074 verba
1643 1031 1735 1089 ipsa

349 1115 448 1158 quae
474 1101 657 1145 obscura
679 1116 768 1145 non
794 1111 913 1156 sunt,
936 1116 1016 1146 nec
1039 1111 1217 1145 acutum
1238 1101 1461 1159 ingenium
1479 1116 1568 1161 quo
1590 1100 1738 1145 discu-

348 1169 526 1225 tiantur,
551 1172 625 1214 sed
644 1180 815 1215 tantum
839 1171 1032 1215 animum
1054 1187 1143 1232 quo
1165 1171 1445 1215 advertantur
1472 1179 1733 1230 exposcunt,

349 1255 403 1282 ne
424 1240 478 1282 ab
501 1255 551 1284 eo
575 1239 798 1295 fallereris,
825 1242 1003 1285 recitare
1022 1241 1213 1300 potuisti.
1244 1240 1327 1285 Sed
1344 1240 1446 1300 quia
1463 1241 1556 1284 fieri
1574 1249 1731 1299 potest,

348 1320 398 1353 ut
423 1326 511 1354 non
540 1327 632 1355 earn
652 1312 821 1370 legeris,
848 1322 890 1357 et
912 1311 1096 1372 simplici
1117 1312 1278 1356 affectu
1301 1321 1509 1371 tanquam
1533 1312 1737 1371 episcopo

349 1379 416 1423 vel
439 1382 646 1441 episcopis
665 1382 784 1426 aliud
800 1383 879 1426 tibi
896 1382 1217 1426 insinuantibus
1238 1381 1367 1426 facile
1388 1381 1647 1439 credideris,
1672 1397 1738 1426 ac-

349 1450 444 1509 cipe
463 1466 556 1494 eam
572 1460 614 1494 et
631 1451 742 1509 lege,
763 1461 806 1496 et
822 1467 953 1512 quam
970 1453 1050 1496 tibi
1066 1468 1088 1495 a
1105 1467 1174 1495 me
1188 1467 1340 1495 verum
1359 1452 1527 1495 dicatur
1544 1451 1732 1495 attende.

349 1522 499 1580 Neque
521 1523 635 1565 enim
659 1531 841 1580 possunt
862 1537 957 1565 eam
982 1520 1157 1580 tegendi
1186 1520 1398 1564 mendacii
1422 1521 1489 1564 sui
1512 1535 1662 1574 causa,
1686 1529 1738 1564 ut

348 1589 530 1634 libitum
578 1592 714 1637 fuerit
729 1627 740 1647 ,
769 1593 1021 1647 emendare,
1057 1593 1145 1636 imo
1175 1591 1356 1645 falsare,
1397 1606 1528 1650 quam
1569 1589 1737 1650 judicio

349 1660 526 1717 publico
556 1661 673 1718 apud
707 1662 1008 1720 proconsulem
1028 1661 1338 1720 allegaverunt,
1358 1676 1490 1720 quam
1505 1660 1631 1705 toties
1647 1675 1740 1720 germ

349 1729 401 1772 tis
425 1730 759 1789 municipalibus
788 1731 1060 1775 inserendam
1075 1766 1086 1786 ,
1111 1747 1190 1790 pro
1209 1747 1298 1775 suae
1322 1746 1463 1775 causae
1483 1732 1738 1775 necessitate

348 1810 584 1856 curarunt,
615 1802 792 1861 quando
828 1803 1016 1862 agebant
1049 1802 1252 1847 adversus
1279 1817 1367 1856 eos,
1394 1810 1444 1846 ut
1470 1800 1525 1846 de
1553 1800 1738 1846 basilicis

348 1870 629 1929 pellerentur.

410 1944 525 1985 LIX.
551 1941 619 1986 Sic
634 1950 750 1986 certe
762 1942 967 2001 incipitea
981 1942 1194 1985 sententia
1222 1960 1230 1985 :
1255 1960 1275 1983 «
1296 1943 1408 1986 Cum
1426 1939 1737 1998 omnipotentis

352 2011 428 2054 Dei
442 2021 484 2055 et
498 2013 656 2056 Christi
673 2013 765 2072 ejus
782 2012 1007 2057 voluntate
1019 2013 1063 2056 in
1076 2011 1253 2056 ecclesia
1267 2011 1488 2068 Bagaiensi
1504 2009 1735 2054 concilium

352 2095 612 2138 gereremus,
637 2082 881 2137 Gamalius,
908 2083 1170 2135 Primianus,
1198 2081 1391 2134 Pontius,
1419 2079 1734 2134 Secundianus,

351 2152 598 2203 Januarius,
630 2152 902 2196 Saturninus.
935 2151 1070 2205 Felix,
1098 2152 1312 2208 Pegasius,
1346 2150 1548 2204 Rufinus,
1574 2152 1736 2194 Fortu-

350 2221 463 2275 nius,
480 2221 716 2280 Crispinus,
732 2220 1207 2279 Florentius,0ptatus,
1226 2224 1432 2274 Donatus,
1449 2220 1735 2274 Donatianus,
1800 2238 1802 2255 r

352 2300 394 2334 et
409 2291 553 2335 caeteri
571 2306 751 2334 numero
770 2291 949 2334 trecenti
963 2299 1007 2334 et
1021 2290 1170 2334 deceni
1189 2309 1196 2334 :
1214 2289 1377 2349 placuit
1396 2289 1574 2348 Spiritui
1588 2297 1739 2333 sancto

351 2362 425 2420 qui
446 2361 491 2404 in
512 2361 634 2405 nobis
656 2369 747 2415 est,
769 2375 917 2419 pacem
937 2360 1107 2403 firmare
1129 2370 1384 2418 perpetuam
1402 2394 1413 2414 ,
1445 2368 1488 2403 et
1510 2359 1739 2403 schismata

352 2446 541 2475 resecare
566 2430 786 2489 sacrilega.
818 2450 835 2471 »
861 2430 1024 2474 Deinde
1052 2445 1152 2473 cum
1183 2429 1321 2473 multa
1348 2430 1393 2473 in
1421 2444 1493 2473 eos
1522 2427 1739 2473 horrenda

352 2500 769 2560 vomuissent,paulo
788 2509 883 2559 post
905 2501 961 2543 ait
983 2519 991 2544 :
1019 2519 1038 2542 «
1059 2500 1371 2544 Maximianum
1390 2500 1491 2543 fidei
1509 2498 1734 2552 aemulum,

354 2570 543 2614 veritatis
575 2569 841 2624 adulterum,
866 2567 1070 2614 Ecclesiae
1098 2569 1245 2614 matris
1275 2570 1498 2614 inimicum
1515 2603 1526 2623 ,
1554 2569 1729 2622 Damae,
1793 2588 1796 2595 ¹
