1825 3264
329 242 491 273 comita
526 242 726 272 LITTERAS
760 246 994 287 Peru-Iam,
1030 249 1112 276 Lm.
1150 251 1196 275 11.
1403 238 1453 279 49

74 322 230 368 aquam
243 323 364 368 purae
371 310 646 356 conscientiae
657 310 902 370 praecedere
913 323 1113 372 oportere
1127 316 1453 376 generatricem,

72 385 122 422 ut
148 378 331 438 Spiritus
351 389 523 424 sanctus
543 390 848 441 consequatur.
875 382 1063 426 Proinde
1085 394 1159 428 aut
1183 386 1322 430 omnis
1344 402 1453 446 aqua

70 448 116 492 in
134 449 311 494 nomine
329 451 464 495 Patris
482 460 525 495 et
542 451 642 496 Filii
659 461 702 496 et
721 453 902 512 Spiritus
916 454 1051 498 sancti
1067 466 1315 502 consecrata
1334 472 1452 517 purae

69 520 343 565 conscientiae
360 530 439 577 est,
460 537 549 567 non
568 531 745 582 propter
762 538 833 567 eos
855 539 879 568 a
896 523 1057 584 quibus
1078 526 1361 582 ministratur,
1386 528 1450 572 vel

68 606 93 635 a
113 591 272 651 quibus
290 592 516 652 accipitur,
536 592 611 638 sed
629 603 805 654 propter
826 593 950 639 illum
970 595 1046 654 qui
1060 595 1454 655 huncbaptismum

69 661 371 707 immaculatus
386 663 572 708 instituit
593 683 601 708 :
623 667 745 708 autsi
764 680 921 724 aquam
942 681 1063 725 purae
1078 667 1353 711 conscientia».
1367 684 1455 712 non

65 729 171 776 iacit
191 732 272 776 nisi
295 748 402 792 pura
423 734 686 778 conscientia
707 743 750 778 et
771 735 1054 780 ministrantis
1075 736 1287 792 hominis,
1314 747 1355 780 ct
1379 753 1451 781 su-

11 812 14 819 '
68 803 246 861 mentis;
270 804 378 864 quid
398 806 520 864 agitis
545 807 599 850 de
621 806 671 849 iis
693 822 801 866 quos
817 807 1017 851 invenitis
1040 807 1094 851 ab
1116 807 1175 850 eis
1199 807 1452 866 baptizatos,

66 874 143 934 qui
171 873 368 919 nondum
391 875 552 935 proditi
573 877 881 922 conscientiam
914 877 1180 922 maculosam
1214 879 1423 936 gerebant
1445 899 1453 923 2

12 971 14 987 ι
68 946 303 1004 praesertim
335 947 369 991 si
395 947 507 992 inter
535 948 637 993 istos
659 949 899 1008 baptizatos
922 949 1077 1009 aliquis
1109 949 1289 1004 existat,
1316 951 1391 1010 qui
1413 966 1456 994 se

10 1009 13 1070 J
65 1014 253 1062 fateatur
274 1016 432 1062 malam
455 1034 556 1062 cum
580 1020 873 1079 baptizaretur
893 1020 1096 1065 habuisse
1125 1020 1453 1075 conscientiam,

10 1087 14 1136 Γ
69 1086 189 1146 quod
212 1102 288 1146 per
302 1087 421 1131 illam
441 1086 550 1133 forte
571 1090 840 1134 occasionem
861 1091 916 1135 ad
934 1089 1114 1150 aliquod
1137 1091 1350 1149 flagitium
1365 1107 1458 1151 per-

10 1172 14 1210 3
68 1157 215 1201 venire
233 1157 590 1203 voluissetPCum
608 1176 710 1219 ergo
725 1161 846 1205 vobis
860 1159 990 1205 fuerit
1011 1161 1353 1217 manifestatum,
1378 1178 1458 1207 nec

10 1214 14 1286 Ξ
68 1227 192 1272 illum
215 1228 291 1288 qui
314 1228 571 1274 ministravit
590 1265 600 1285 ,
624 1245 704 1274 nec
732 1230 858 1274 illum
880 1232 956 1290 qui
985 1232 1150 1291 accepit
1171 1232 1453 1291 baptismum,

67 1313 220 1358 puram
243 1299 443 1344 habuisse
474 1300 781 1345 conscientiam
799 1336 810 1355 ,
847 1300 994 1345 denuo
1022 1301 1333 1359 baptizandum
1367 1318 1456 1346 esse

66 1370 330 1415 censebitis?
355 1373 642 1432 Nequaquam
664 1372 749 1416 hoc
769 1371 981 1424 dicturus,
1007 1385 1286 1431 nequaquam
1310 1370 1456 1416 sactu·

68 1457 140 1485 rus
160 1455 218 1485 es.
245 1442 452 1501 Baptismi
475 1458 577 1502 ergo
608 1443 771 1502 puritas
801 1457 825 1485 a
853 1441 1042 1501 puritate
1077 1441 1148 1485 vel
1179 1441 1456 1486 immunditia

65 1513 354 1569 conscientiae,
383 1512 470 1558 sive
493 1513 636 1558 dantis
657 1514 745 1558 sive
767 1513 1030 1572 accipientis,
1058 1512 1247 1556 omnino
1254 1512 1458 1557 distincta

65 1592 142 1628 est.
169 1583 294 1628 Aude
318 1599 421 1643 ergo
434 1585 524 1644 jam
547 1583 691 1629 dicere
713 1599 836 1643 purae
863 1583 1139 1628 conscientiae
1170 1580 1301 1626 fuisse
1334 1582 1457 1627 frau-

65 1653 262 1699 datorem
282 1657 296 1681 ¹
311 1690 322 1710 ,
348 1664 589 1714 raptorem,
609 1655 881 1715 pupillorum
903 1663 946 1698 et
968 1652 1197 1712 viduarum
1225 1667 1456 1712 oppresso-

65 1739 174 1780 rem,
191 1726 492 1785 conjugiorum
508 1735 815 1785 separatorem,
835 1724 1195 1784 patrimoniorum
1215 1723 1457 1768 alienorum

65 1795 357 1854 proditorem,
382 1796 656 1841 venditorem
673 1831 684 1851 ,
722 1795 970 1840 divisorem.
1001 1793 1127 1839 Aude
1156 1795 1286 1838 etiam
1311 1794 1456 1839 dicere

64 1880 185 1925 purae
206 1866 479 1911 conscientiae
502 1867 631 1912 fuisse
659 1865 772 1922 illos,
789 1881 898 1926 quos
921 1864 1081 1909 talibus
1098 1864 1370 1923 temporibus
1383 1864 1458 1908 de-

66 1934 196 1981 fuisse
216 1936 394 1981 difficile
412 1946 500 1982 est:
525 1938 558 1981 si
577 1937 653 1998 qui
673 1935 783 1981 torte
802 1951 892 1981 non
914 1945 1091 1995 propter
1113 1935 1335 1980 Christum
1348 1969 1358 1989 ,
1377 1950 1457 1978 nec

67 2016 243 2067 propter
274 2008 407 2051 vitam
443 2017 651 2051 aeternam
669 2042 679 2061 ,
715 2007 792 2050 sed
813 2015 992 2065 propter
1026 2005 1231 2049 amicitias
1266 2014 1458 2048 terrenas

11 2115 13 2126 ἱ
66 2076 374 2130 conciliandas,
400 2086 442 2120 et
469 2076 729 2135 cupiditates
753 2085 944 2119 terrenas
967 2073 1181 2118 satiandas
1197 2108 1206 2126 ‚
1233 2073 1288 2116 ab
1311 2073 1386 2117 illo
1409 2082 1459 2116 ut

12 2131 13 2140 ἵ
69 2146 390 2206 baptizarentur
412 2145 675 2190 ambierunt.
704 2149 839 2189 Porro
867 2146 900 2189 si
928 2146 1006 2189 hos
1030 2159 1150 2203 purae
1183 2143 1458 2188 conscientiae

9 2222 13 2231 '
65 2216 197 2262 fuisse
214 2232 304 2262 non
321 2216 454 2261 audes
471 2215 632 2274 dicere,
648 2216 683 2260 si
698 2231 807 2276 quos
818 2230 868 2260 ex
876 2231 927 2260 eo
940 2229 1123 2259 numero
1137 2214 1344 2273 repereris
1356 2214 1459 2271 bap-

67 2288 233 2343 tizatos,
250 2287 306 2332 da
323 2288 382 2332 eis
407 2302 539 2348 quam
549 2303 638 2332 non
651 2296 913 2346 acceperunt
926 2301 1082 2346 aquam
1098 2301 1219 2345 purae
1233 2285 1458 2330 conscien-

11 2385 13 2413 3
67 2357 153 2403 tiae:
178 2356 300 2418 quod
321 2358 356 2402 si
385 2372 475 2402 non
496 2355 616 2412 facis,
632 2356 781 2400 desine
804 2355 1007 2400 adversus
1039 2370 1117 2399 nos
1139 2356 1302 2414 jactare
1337 2354 1457 2413 quod

10 2430 14 2484 ζ
67 2443 157 2472 non
170 2428 304 2481 nosti,
322 2442 376 2471 ne
392 2427 557 2486 cogaris
579 2426 781 2471 adversus
804 2442 881 2470 nos
905 2425 1166 2485 respondere
1184 2423 1305 2483 quod
1327 2423 1453 2467 nosti.

126 2499 373 2541 LXXXIII.
411 2500 671 2541 Panum-us
686 2496 818 2541 dixit:
846 2496 933 2547 Qui
957 2496 1107 2554 utique
1129 2493 1312 2552 Spiritus
1334 2508 1458 2538 sanc-

119 2588 126 2604 ¹
146 2583 297 2622 optatum
314 2580 546 2613 Gildouianum.

259 2646 448 2677 cxxxix.
1249 2630 1272 2664 [ι
