1825 3264
257 269 419 300 conum
450 271 714 300 cunscomuu
750 267 1037 309 nois-Ausum,
1073 273 1151 299 Lm.
1190 273 1254 298 111.
1371 258 1453 298 447

76 337 191 382 vales
218 337 476 381 convincere
492 371 503 391 ,
525 335 761 381 identidem
786 336 888 380 velis
918 345 1029 381 artes
1060 336 1305 382 dialecticas
1327 351 1457 381 accu-

75 423 190 465 sare,
212 406 283 452 dic
300 422 424 465 ergo,
450 422 553 465 rogo
576 416 635 462 te,
659 421 785 451 causa
808 407 887 451 ista
909 416 1045 451 vestra
1077 422 1178 451 cum
1195 407 1304 451 veris
1321 405 1460 451 docu-

76 479 232 523 mentis
252 478 404 522 vestris
431 477 643 538 perducta
668 486 732 522 est
761 476 815 520 ad
836 476 1052 537 judicium
1075 478 1460 523 transmarinarum

77 547 367 593 Ecclesiarum
399 548 549 593 labore
581 547 816 608 apostolico
848 547 1125 593 fundatarum
1144 584 1156 604 ,
1191 564 1247 593 an
1276 564 1367 594 non
1398 557 1462 593 est

78 619 315 679 perducta?
339 619 383 664 Si
413 617 623 678 perducta
649 627 728 673 est,
754 618 912 663 vicistis
945 618 990 662 in
1011 634 1063 663 eo
1075 619 1258 680 judicio,
1284 635 1338 664 an
1360 619 1462 664 victi

79 690 207 734 estis?
226 690 270 735 Si
291 689 440 734 vicisse
460 705 536 734 vos
553 689 712 744 dicitis,
736 689 886 733 eureis
906 688 1108 734 Ecclesiis
1124 691 1168 734 in
1190 705 1374 750 quarum
1386 691 1461 750 ju-

79 759 192 805 dicio
217 760 399 815 vicistis,
433 775 524 805 non
547 760 900 805 communicatis?
929 760 971 805 Si
999 769 1169 815 autem,
1200 759 1336 821 (quod
1364 761 1463 805 satis

78 830 168 890 ipsa
190 829 352 875 indicat
378 830 435 874 ab
475 831 535 874 eis
562 830 744 874 alienata
773 839 911 875 vestra
933 831 1201 885 communio,
1227 834 1243 889 )
1269 830 1372 876 victi
1396 847 1463 875 es-

79 901 150 956 tis,
175 900 284 962 quid
300 900 528 946 nobiscum
542 899 612 945 vel
634 900 746 945 mala
772 901 839 945 vel
863 901 976 946 bona
994 917 1119 946 causa
1139 901 1306 961 perdita
1324 901 1465 958 litiga-

79 973 148 1027 tis,
172 973 219 1017 id
241 973 452 1017 habentes
473 972 711 1016 maximum
732 973 914 1027 crimen,
935 972 1055 1033 quod
1078 973 1259 1017 crimine
1280 972 1466 1017 tradito·

79 1058 177 1087 rum
195 1058 304 1103 quos
332 1043 378 1087 in
401 1042 568 1103 judicio
601 1043 984 1087 transmarinarum
1016 1043 1307 1088 Ecclesiarum
1336 1044 1467 1088 etiam

79 1128 179 1158 vera
195 1112 460 1158 documenta
483 1112 751 1172 proferentes
772 1113 1032 1158 convincere
1054 1113 1231 1158 minime
1248 1113 1464 1173 potuistis,

79 1184 231 1230 orbem
254 1184 537 1229 christianum
567 1183 852 1244 perfunditis,
876 1185 978 1244 quia
1000 1184 1045 1228 in
1074 1200 1122 1228 ea
1143 1199 1272 1228 eausa
1306 1185 1352 1228 in
1380 1199 1469 1244 qua

79 1255 283 1300 interesse
305 1271 395 1300 non
418 1255 577 1314 potuit,
605 1255 735 1314 elegit
766 1255 986 1314 judicibus
1007 1253 1199 1310 credere,
1219 1270 1309 1300 non
1337 1270 1468 1299 accu-

79 1326 297 1371 satoribus
323 1326 477 1371 victis?
498 1329 596 1384 Non
628 1327 775 1386 itaque
804 1325 903 1371 ideo
933 1326 995 1370 rei
1025 1327 1146 1380 estis,
1183 1326 1284 1385 quia
1307 1326 1470 1370 bonam

80 1413 272 1452 causam,
298 1406 349 1442 ut
376 1397 616 1442 secundum
641 1413 716 1442 vos
733 1396 904 1457 loquar,
935 1398 981 1441 in
1004 1398 1290 1442 transmarino
1303 1397 1470 1457 judicio

81 1468 332 1528 perdidistis
356 1487 365 1513 ε
395 1470 472 1513 sed
495 1469 597 1528 quia
628 1468 792 1512 crimen
815 1483 1012 1522 reorum,
1044 1477 1175 1527 atque
1207 1477 1257 1512 ut
1287 1468 1471 1512 nimium

81 1539 206 1585 vobis
227 1540 424 1595 cedatur,
445 1552 487 1584 et
506 1539 721 1599 judicum,
744 1548 807 1583 tot
831 1539 1140 1584 innocentibus
1155 1538 1328 1598 populis
1343 1539 1473 1584 chris·

82 1610 210 1655 tianis
231 1626 310 1670 per
344 1619 411 1655 tot
439 1620 590 1669 gentes
611 1609 742 1669 longe
764 1609 940 1670 lateque
967 1610 1161 1665 diffusis,
1186 1611 1374 1670 objicere
1391 1610 1473 1654 mi-

81 1681 198 1725 nime
219 1680 446 1725 dubitatis.
483 1683 682 1734 Quorum
710 1680 1010 1725 communioni
1035 1690 1244 1739 tanquam
1271 1679 1472 1724 frumen-

82 1750 135 1795 tis
152 1751 386 1795 Dominicis
408 1750 687 1806 cohaerendo,
707 1759 751 1795 et
765 1750 862 1795 illos
883 1751 1012 1806 viros,
1029 1752 1141 1795 sicut
1153 1750 1312 1805 dicitis,
1334 1749 1473 1795 tradi-

88 1830 218 1876 tores,
240 1830 285 1865 et
305 1820 402 1866 illos
420 1820 571 1876 malos,
591 1822 703 1865 sicut
725 1821 1009 1875 arbitramini,
1025 1819 1211 1880 judices,
1232 1819 1474 1865 secundum

84 1890 365 1950 Evangelicas
383 1890 549 1936 litteras
563 1926 575 1946 ,
598 1891 727 1935 etiarn
761 1900 967 1936 monente
987 1891 1210 1951 Cypriano
1224 1926 1235 1944 ,
1260 1906 1398 1951 usque
1419 1890 1475 1935 ad

85 1970 258 2021 tempus
280 1959 590 2015 ventilationis,
623 1970 829 2020 tanquam
850 1960 1017 2020 paleam
1037 1960 1222 2006 tolerare
1242 1960 1472 2015 debuistis,

85 2046 141 2076 ne
163 2046 306 2076 arcam
335 2029 575 2075 deserendo
598 2031 808 2090 periretis.
839 2031 883 2076 Si
908 2040 1054 2075 autem
1078 2047 1205 2076 causa
1243 2030 1315 2075 illa
1336 2040 1476 2075 vestra

85 2117 187 2146 cum
213 2102 350 2156 veris,
383 2100 503 2161 quod
528 2101 604 2145 tibi
637 2100 827 2159 elegisti,
853 2102 1127 2146 documentis
1155 2102 1242 2146 suis
1273 2101 1328 2145 ad
1357 2100 1476 2161 judi-

87 2173 202 2217 cium
223 2172 610 2217 transmarinarum
625 2171 915 2216 Ecclesiarum
934 2188 1022 2217 non
1044 2182 1107 2217 est
1122 2172 1348 2232 perducta,
1365 2188 1477 2232 quo-

88 2241 220 2288 modo
243 2243 299 2287 ab
322 2243 381 2287 eis
402 2251 640 2302 potuerunt
662 2251 727 2286 tot
744 2243 932 2302 episcopi
951 2243 997 2286 in
1021 2244 1108 2287 suis
1132 2242 1332 2302 plebibus
1349 2258 1477 2287 cons-

92 2313 210 2358 tituti
230 2329 359 2358 causa
380 2313 620 2372 incognita,
646 2322 689 2357 et
710 2313 765 2357 ad
786 2329 830 2357 se
859 2313 1039 2358 omnino
1063 2329 1152 2358 non
1180 2313 1346 2368 delata,
1380 2314 1478 2372 jure

91 2384 312 2428 damnari?
339 2387 428 2427 Aut
457 2382 681 2442 quomodo
708 2384 960 2428 debuerunt
983 2383 1077 2428 Afri
1102 2384 1362 2437 Christiani,
1386 2398 1477 2428 non

89 2453 190 2498 dico
204 2450 267 2497 illi
283 2454 360 2512 qui
381 2468 453 2498 eos
467 2462 733 2513 putaverunt
754 2453 1022 2508 innocentes,
1041 2470 1193 2498 verum
1216 2455 1345 2499 etiam
1364 2453 1427 2498 itti
1447 2454 1482 2498 si

90 2524 170 2583 qui
192 2539 265 2569 eos
287 2534 499 2569 noverant
522 2523 747 2569 traditores
769 2534 946 2584 propter
961 2525 1123 2570 zizania
1140 2541 1240 2586 quae
1261 2526 1306 2570 in
1327 2524 1481 2571 Eccle-

95 2593 155 2639 sia
176 2608 265 2639 esse
294 2595 560 2650 cernebant,
603 2609 626 2639 a
665 2594 988 2640 frumentorum
1023 2603 1111 2641 tam
1145 2594 1273 2655 longe
1309 2594 1483 2655 lateque
