1825 3264
266 285 428 316 CONTRA
460 289 724 317 cmzseomrm
758 285 1047 326 DONATISTAM‚
1083 288 1165 315 Lm.
1203 288 1249 313 11.
1375 274 1453 314 381

78 362 147 399 tus
168 354 412 413 Cyprianus
435 353 616 413 adjuvit,
637 353 723 407 cui,
754 352 809 396 de
834 353 1026 411 baptimo
1049 352 1287 413 repetendo
1303 351 1462 411 siquid

77 425 200 470 aliter
226 426 395 484 sapuit,
421 441 498 485 pro
535 425 664 469 tantis
686 424 848 468 meritis
871 424 1209 482 flagrantissimae
1241 423 1462 468 charitatis

81 497 385 554 corrigendum
409 496 562 556 procul
584 497 720 541 dubio
739 497 947 540 Dominus
965 496 1170 540 revelavit
1192 514 1200 539 :
1226 496 1327 555 quia
1349 495 1393 538 in
1412 509 1461 538 ea

79 567 167 611 vite
184 569 418 626 permansit
441 578 649 627 tanquam
671 576 938 612 sarmentum
967 577 1088 611 tanto
1109 567 1255 611 fructu
1280 566 1396 625 pacis
1419 574 1463 609 et

76 637 321 682 dilectionis
344 639 619 699 opulentum,
645 648 694 683 ut
716 639 844 683 etiam
867 639 900 682 si
918 637 1023 697 quid
1047 639 1090 681 in
1114 654 1165 681 eo
1186 637 1462 696 purgandum

75 708 353 767 reperiretur,
386 710 418 753 si
442 709 562 753 nulla
586 725 630 753 re
653 709 749 763 alia,
778 718 893 752 certe
912 708 1023 752 falce
1043 709 1238 766 martyrii
1256 721 1464 767 purgare-

72 787 159 822 tur.
198 781 459 839 Quanquam
486 780 633 840 itaque
662 780 716 824 ad
745 795 935 823 errorem
969 790 1158 823 vestrum
1194 779 1463 822 convincen-

74 848 178 893 dum
197 885 206 905 =
231 860 274 894 et
296 852 327 894 si
356 849 579 895 volueritis
601 851 926 910 corrigendum,
949 851 1047 895 satis
1073 866 1291 911 superque
1313 859 1463 906 potue-

73 921 160 965 rint
177 921 256 964 ista
278 921 476 966 sufficere
500 942 507 966 :
544 931 689 966 tamen
712 938 766 966 ne
788 923 1017 983 quisquam
1041 922 1276 966 arbitretur
1299 919 1464 980 aliquid

73 1000 116 1034 te
137 991 182 1034 in
206 992 385 1051 epistola
409 993 616 1051 posuisse,
642 993 761 1053 quod
780 992 977 1036 refellere
995 1009 1082 1036 non
1100 993 1306 1046 valerem,
1327 1000 1403 1035 aut
1419 991 1464 1034 in

73 1078 163 1121 quo
198 1072 238 1105 te
261 1064 416 1107 nostris
449 1072 599 1108 contra
635 1064 893 1108 Petilianum
930 1063 1083 1107 litteris
1115 1062 1223 1106 nihil
1256 1062 1462 1106 idoneum

75 1133 360 1192 respondisse,
379 1136 676 1180 demonstrare
700 1151 787 1180 non
811 1151 996 1195 possem,
1020 1135 1220 1196 sequenti
1242 1133 1466 1179 volumine

73 1213 229 1250 caetera
252 1205 487 1250 videamus.
