1825 3264
491 282 545 308 nn
579 281 765 309 rmum
797 281 1014 309 nccmzsrae.
1362 273 1444 310 277

66 366 87 390 »
112 347 313 393 voluntas
336 361 450 402 mea,
482 356 525 391 et
546 356 658 391 terra
682 357 755 392 tua
785 346 901 391 orbis
924 357 1136 392 terrarum
1161 351 1173 375 ¹
1197 367 1206 394 ε
1234 367 1254 390 »
1285 349 1387 408 quia
1409 349 1446 393 ei

63 419 236 473 dicitur,
260 433 392 477 quam
415 433 543 463 nemo
560 418 830 463 Christianus
852 418 932 461 nisi
951 419 1188 463 Ecclesiam
1206 419 1365 464 Christi
1386 420 1451 463 in-

62 489 230 547 telligit.
255 490 374 534 Sicut
396 505 484 533 non
507 498 605 549 eget
626 490 860 548 interprete
892 508 901 534 z
931 507 951 531 «
976 490 1452 535 Commemorabuntur

65 577 85 601 »
111 569 154 605 et
170 569 479 604 convertentur
501 561 555 605 ad
594 559 828 604 Dominum
866 559 1055 604 universi
1088 561 1195 604 fines
1223 571 1376 615 terrae,
1408 570 1452 605 et

63 649 83 671 »
110 630 357 674 adorabunt
377 630 422 674 in
445 638 682 690 conspectu
703 631 794 690 ejus
816 629 1030 674 universae
1049 631 1201 688 patriae
1220 632 1414 689 gentium
1435 651 1445 687 ς

63 719 83 743 »
109 702 316 762 quoniam
351 702 484 760 ipsius
507 710 570 745 est
592 717 775 761 regnum
793 737 804 757 ,
836 709 879 745 et
907 701 997 760 ipse
1020 700 1319 746 dominabitur
1342 717 1452 761 gen-

62 790 82 813 »
110 772 217 815 tium
236 774 252 796 ²
275 790 283 815 :
310 772 412 832 quia
443 772 488 815 in
523 787 574 816 eo
600 772 770 816 Psalmo
799 770 959 815 dicitur
976 805 987 825 ,
1014 771 1089 814 ubi
1123 772 1261 830 passio
1283 772 1455 816 Domini

59 843 187 887 etiam
222 852 330 888 teste
362 843 600 903 Evangelio
628 843 890 888 declaratur.
933 844 1052 888 Sicut
1083 858 1172 887 non
1201 852 1298 901 eget
1320 844 1456 886 inter-

59 923 182 973 prete
209 933 217 958 :
246 933 266 956 «
287 915 394 967 Quia
408 914 639 974 oportebat
656 914 877 959 Christum
897 913 1009 974 pati,
1028 922 1071 957 et
1090 928 1313 972 resurgere
1332 913 1457 956 tertia

61 1002 82 1025 »
110 984 196 1039 die,
222 994 264 1029 et
283 985 506 1044 praedicari
527 985 571 1029 in
593 985 771 1029 nomine
793 985 883 1044 ejus
902 984 1221 1044 poenitentiam,
1243 993 1285 1027 et
1303 984 1458 1027 remis-

61 1073 82 1096 »
108 1055 272 1099 sionem
305 1065 579 1114 peccatorum
603 1071 680 1114 per
702 1070 851 1100 omnes
871 1064 1019 1115 gentes
1034 1091 1044 1109 ‚
1069 1055 1380 1114 incipientibus
1401 1055 1455 1097 ab

57 1145 77 1168 »
108 1127 347 1170 Jerusalem
362 1129 393 1170 ³.
419 1146 438 1167 »
467 1127 585 1172 Sicut
604 1142 692 1171 non
711 1136 810 1185 eget
824 1127 1061 1186 interprete
1078 1146 1086 1171 :
1105 1146 1124 1168 «
1147 1129 1202 1170 Et
1216 1126 1333 1170 eritis
1351 1125 1455 1169 mihi

60 1214 82 1238 »
108 1205 236 1240 testes
269 1197 312 1240 in
345 1196 583 1240 Jerusalem
600 1233 610 1251 ,
648 1206 691 1240 et
713 1197 757 1240 in
779 1206 868 1241 tota
891 1196 1045 1241 Judaea
1063 1233 1073 1252 ,
1101 1205 1144 1240 et
1170 1196 1358 1241 Samaria
1377 1231 1387 1250 ,
1413 1204 1456 1239 et

60 1286 82 1310 »
109 1283 246 1329 nsque
268 1269 312 1311 in
336 1277 472 1312 totam
498 1277 655 1312 terram
674 1271 704 1311 4.
736 1287 754 1309 »
782 1269 977 1328 Coepisse
1002 1270 1117 1312 enim
1142 1268 1378 1313 Ecclesiam
1402 1267 1457 1310 ab

59 1338 315 1393 Jerusalem,
341 1347 473 1398 atque
489 1338 592 1382 inde
611 1339 690 1382 isse
710 1339 872 1382 circum
894 1337 1109 1392 Judaeam,
1135 1347 1178 1382 et
1202 1337 1454 1391 Samariam,

57 1418 100 1453 et
120 1418 297 1454 caeteras
320 1418 467 1468 gentes
484 1443 495 1463 ,
521 1409 831 1468 consequentia
856 1417 973 1468 gesta
993 1416 1208 1452 testantur
1237 1407 1457 1451 canonicis

58 1480 228 1524 firmata
251 1479 541 1524 documentis.
567 1480 686 1524 Sicut
707 1495 797 1524 non
820 1488 915 1537 eget
935 1479 1173 1537 interprete
1196 1497 1204 1523 :
1235 1497 1254 1519 «
1278 1480 1333 1522 Et
1351 1492 1460 1536 prae-

59 1568 82 1593 »
108 1551 325 1596 dicabitur
343 1553 426 1596 hoc
450 1550 737 1610 Evangelium
762 1551 884 1610 regni
898 1552 943 1594 in
961 1551 1163 1594 universo
1185 1549 1292 1593 orbe
1313 1549 1358 1591 in
1376 1557 1460 1592 tes-

63 1641 81 1663 »
108 1624 340 1667 timonium
365 1623 567 1667 omnibus
592 1623 795 1681 gentibus
816 1658 826 1676 ‚
866 1631 907 1666 et
948 1632 1054 1666 tunc
1083 1621 1229 1665 veniet
1259 1620 1356 1663 finis
1373 1621 1404 1662 ⁵.
1436 1638 1454 1660 »

58 1696 356 1754 Interrogatus
371 1695 486 1738 enim
504 1695 712 1738 Dominus
730 1694 784 1737 de
798 1694 884 1737 fine
898 1694 1026 1752 hujus
1043 1692 1206 1747 saeculi,
1224 1707 1323 1736 cum
1340 1706 1459 1750 quae-

2 1787 4 1789 ·
59 1763 157 1809 dam
183 1784 202 1806 «
226 1765 345 1809 initia
365 1765 704 1824 parturitionum
726 1783 745 1805 η
773 1763 961 1819 dixisset,
990 1764 1048 1807 ait
1074 1783 1082 1807 :
1114 1783 1133 1804 «
1158 1761 1240 1807 Sed
1260 1761 1456 1805 nondum

62 1853 81 1875 »
108 1845 171 1879 est
190 1835 300 1879 finis.
324 1854 343 1876 »
371 1835 523 1879 Finem
558 1845 704 1879 autem
734 1836 929 1879 futurum
955 1834 1157 1893 praedixit
1175 1843 1271 1892 post
1295 1831 1458 1892 praedi-

57 1907 273 1950 cationem
298 1904 522 1964 Evangelii
546 1907 589 1950 in
612 1906 816 1950 universo
834 1905 997 1949 orbein
1017 1905 1222 1949 omnibus
1237 1903 1454 1961 gentibus.

60 1977 181 2022 Sicut
198 1993 286 2020 non
301 1987 399 2035 eget
420 1978 654 2035 interprete
680 1997 688 2021 z
714 1997 732 2018 «
758 1977 894 2021 Sinite
912 1985 1097 2035 utraque
1113 1991 1302 2019 crescere
1320 1988 1458 2032 usquc

61 2066 81 2088 »
109 2048 162 2091 ad
187 2063 365 2091 messem
383 2049 398 2073 ⁰
423 2067 431 2091 ε
453 2048 553 2106 quia
575 2063 673 2091 cum
692 2057 837 2105 egeret
858 2047 1110 2104 interprete,
1132 2046 1222 2105 ipse
1248 2045 1457 2088 Dominus

59 2118 367 2176 interpretatus
388 2127 478 2173 est,
503 2127 545 2161 et
570 2118 658 2176 ipse
681 2117 898 2176 exposuit,
920 2117 989 2159 cui
1009 2131 1138 2159 nemo
1160 2114 1457 2159 contradicere

38 2197 217 2247 ‘potest,
243 2188 428 2231 maxime
449 2187 493 2230 in
516 2203 563 2230 ea
585 2187 811 2246 parabola,
838 2202 937 2246 quae
952 2185 1099 2230 abillo
1120 2185 1283 2245 prolata
1303 2194 1365 2228 est
1385 2203 1393 2228 :
1414 2193 1458 2228 et

59 2258 151 2318 ipse
175 2257 234 2301 ait
262 2276 270 2302 ε
297 2276 317 2298 «
342 2260 512 2301 Bonum
540 2272 687 2301 semen
711 2272 801 2301 esse
825 2256 936 2301 filios
959 2257 1108 2315 regni,
1137 2271 1289 2315 agrum
1322 2270 1456 2298 mun-

62 2346 84 2371 »
109 2329 216 2373 dum
232 2363 244 2383 ‚
272 2343 450 2372 messem
471 2329 602 2372 finem
625 2327 788 2372 saeculi.
813 2347 833 2370 »
862 2327 963 2372 Tale
985 2327 1150 2387 aliquid
1173 2326 1363 2385 proferte
1387 2324 1456 2368 vel

59 2400 224 2452 unum,
250 2413 339 2458 quo
360 2398 623 2457 apertissime
654 2398 799 2442 Africa
829 2396 1100 2451 declaretur,
1124 2396 1191 2440 vel
1215 2397 1257 2439 in
1282 2395 1457 2455 reliquis

61 2467 152 2514 sola
173 2467 378 2512 derelicta
396 2502 407 2521 ‚
443 2467 512 2512 vel
535 2467 588 2511 ad
612 2467 872 2526 principium
904 2466 1143 2512 renovandi
1170 2475 1212 2510 et
1243 2463 1456 2524 implendi

111 2585 123 2600 ¹
146 2578 219 2610 lsai.
245 2588 322 2618 un,
350 2577 382 2618 4.
402 2594 439 2600 -
454 2583 467 2600 ²
488 2576 568 2609 Psal.
590 2587 655 2614 xxx,
685 2576 741 2609 28.
766 2593 807 2599 —
828 2575 841 2600 3
859 2578 937 2609 Luc.
956 2587 1044 2617 xxiv,
1063 2575 1115 2616 46.
1133 2593 1174 2599 —
1191 2573 1207 2604 4
1231 2577 1301 2607 Act.
1323 2586 1345 2611 i,
1366 2573 1397 2605 8.
1415 2590 1455 2596 —

69 2631 83 2656 ⁵
104 2634 224 2666 Matth.
245 2645 332 2674 xxiv,
356 2633 407 2675 14.
422 2651 461 2658 -
477 2631 492 2655 6
512 2634 556 2667 Id.
578 2644 653 2673 ¹111,
673 2631 724 2665 30.
