1825 3264
346 273 429 311 220
777 275 811 304 s.
847 275 1076 304 Aucus-run
1110 277 1288 304 EPlSCOPI

345 347 400 391 ad
430 361 473 390 se
499 341 843 404 praedicandum,
875 350 924 386 ut
945 351 1053 385 esset
1075 342 1188 386 salus
1210 355 1347 401 usque
1369 340 1424 384 ad
1448 341 1555 386 fines
1577 349 1716 387 terrae.

347 420 397 459 In
419 415 485 459 his
505 414 636 473 igitur
652 413 855 458 omnibus
871 411 1106 472 quaerenda
1130 420 1191 455 est
1212 410 1419 456 Ecclesia.

402 487 522 528 VIII.
560 485 643 529 Sed
670 484 877 544 quoniam
898 483 1036 527 multa
1064 484 1108 526 in
1137 482 1241 527 alios
1262 481 1331 526 vel
1353 482 1409 526 ob
1433 481 1551 526 aliud
1573 481 1688 528 dicta
1707 518 1719 539 ,

342 555 386 598 in
407 569 515 614 quos
541 553 717 611 volunt,
750 563 793 597 et
829 553 883 597 ad
913 568 1022 612 quos
1049 551 1204 596 volunt
1236 550 1435 595 maledici
1466 551 1723 613 plerumque

342 633 627 679 convertunt,
664 623 802 668 multa
834 624 963 667 etiam
991 632 1167 682 propter
1199 621 1458 666 exercendas
1496 622 1723 667 rationales

343 705 508 739 mentes
524 696 705 753 figurate
722 703 852 754 atque
872 694 1053 738 obscure
1070 694 1205 752 posita
1229 708 1304 752 per
1323 693 1563 751 aenigmatis
1582 694 1723 751 imagi-

342 781 416 809 nes
438 765 508 809 vel
531 765 820 824 ambiguitatis
847 765 1077 824 ancipitem
1105 779 1300 818 sensum,
1327 762 1469 807 fallaci
1491 762 1725 824 aliquando

343 837 689 896 interpretationi
721 851 957 880 consonare
991 845 1033 879 et
1069 835 1300 880 convenire
1330 834 1598 889 creduntur,
1642 835 1725 879 hoc

342 908 472 950 etiam
488 906 677 966 praedico
695 916 826 966 atque
844 921 1058 966 propono,
1084 915 1133 950 ut
1155 920 1342 965 quaeque
1360 914 1505 964 aperta
1526 915 1568 949 et
1590 904 1726 949 mani-

339 976 447 1020 festa
469 976 724 1035 deligamus.
752 979 859 1030 Quae
888 977 921 1020 si
943 978 988 1020 in
1011 976 1165 1020 sanctis
1191 975 1420 1034 Scripturis
1444 990 1532 1019 non
1553 974 1727 1019 inveni-

339 1057 505 1099 rentur,
527 1046 649 1090 nullo
666 1045 797 1090 modo
820 1056 929 1090 esset
952 1045 1070 1090 unde
1089 1046 1360 1105 aperirentur
1382 1045 1524 1089 clausa
1548 1055 1591 1089 et
1612 1045 1726 1090 illus·

341 1125 557 1160 trarentur
585 1117 781 1160 obscura.
804 1116 936 1159 Verbi
961 1116 1077 1159 enim
1106 1116 1255 1173 gratia,
1284 1114 1427 1158 videte
1446 1130 1577 1174 quam
1600 1113 1728 1159 facile

339 1187 392 1229 sit
406 1186 474 1229 vel
491 1186 614 1230 nobis
631 1187 677 1229 in
694 1201 765 1230 eos
783 1185 942 1240 dicere,
962 1184 1030 1228 vel
1048 1184 1130 1229 illis
1156 1186 1199 1228 iu
1223 1201 1300 1230 nos
1317 1220 1327 1239 ‚
1353 1185 1472 1245 quod
1494 1186 1553 1229 ait
1579 1184 1727 1229 Domi-

340 1270 419 1299 nus
444 1257 669 1300 Pharisaeis
688 1275 695 1299 :
718 1275 734 1295 «
765 1255 932 1300 Similes
955 1256 1053 1299 estis
1076 1256 1368 1299 monumentis
1389 1254 1614 1309 dealbatis,
1629 1270 1728 1315 quae

342 1344 361 1368 »
398 1341 421 1370 a
445 1325 547 1370 foris
578 1335 787 1386 apparent
816 1326 1067 1370 hominibus
1096 1327 1302 1384 speciosa,
1335 1327 1452 1370 intus
1477 1341 1578 1370 vero
1601 1325 1728 1385 plena

341 1415 360 1437 »
397 1405 498 1440 sunt
521 1397 688 1440 ossibus
710 1405 982 1440 mortuorum
1012 1406 1054 1439 et
1074 1390 1192 1442 omni
1216 1397 1421 1456 spurcitia
1444 1415 1453 1441 ε
1472 1397 1531 1440 sic
1549 1405 1591 1440 et
1614 1411 1724 1441 vosa

343 1486 360 1507 »
396 1466 500 1510 foris
535 1467 713 1526 quidem
754 1467 966 1525 apparetis
989 1466 1240 1510 hominibus
1259 1467 1392 1526 justi,
1426 1467 1544 1510 intus
1581 1476 1727 1510 autem

340 1555 359 1576 »
396 1536 512 1594 pleni
531 1537 628 1580 estis
644 1537 862 1595 hypocrisi
884 1545 927 1580 et
947 1536 1218 1596 iniquitate¹.
1243 1555 1261 1577 »
1284 1539 1386 1580 Haec
1411 1537 1498 1580 sive
1521 1537 1567 1580 in
1588 1535 1682 1581 illos
1704 1551 1727 1580 a

338 1606 480 1660 nobis,
507 1607 594 1650 sive
617 1607 671 1650 ab
697 1607 755 1650 eis
774 1607 818 1650 in
840 1622 918 1651 nos
941 1606 1158 1661 dicantur,
1185 1607 1264 1650 uisi
1281 1607 1399 1665 prius
1417 1606 1626 1666 probetur
1643 1621 1727 1651 ma·

338 1677 620 1721 nisestissimis
653 1678 924 1722 documentis
955 1680 1030 1737 qui
1059 1678 1144 1722 sint
1162 1713 1172 1732 ,
1204 1678 1280 1736 qui
1308 1693 1408 1721 curn
1434 1678 1519 1721 sint
1547 1677 1723 1738 injusti,

331 1748 469 1806 justos
485 1763 528 1790 se
546 1763 633 1791 esse
655 1749 931 1807 confingant,
953 1749 1224 1793 conviciante
1246 1749 1380 1807 magis
1404 1748 1579 1793 levitate
1596 1763 1727 1809 quam

337 1818 622 1862 convincente
650 1820 828 1862 veritate
856 1819 956 1873 dici,
979 1819 1074 1879 quis
1091 1819 1367 1863 mediocriter
1381 1835 1508 1863 sanus
1533 1819 1728 1878 ignoret?

337 1886 473 1931 Aliter
495 1889 657 1947 quippe
678 1888 751 1932 illa
775 1889 983 1932 Dominus
1010 1889 1055 1932 in
1081 1889 1314 1932 Pharisaeos
1329 1887 1502 1933 dicebat
1523 1899 1728 1948 tanquam

338 1959 564 2015 Dominus,
583 1959 628 2003 id
646 1969 725 2014 est,
752 1960 948 2017 cognitor
969 1960 1125 2013 cordis,
1149 1969 1191 2003 et
1212 1961 1506 2004 humanorum
1530 1960 1726 2004 omnium

337 2038 601 2073 secretorum
628 2030 671 2073 ‘et
695 2031 813 2074 testis
838 2039 880 2073 et
897 2029 1033 2089 judex
1055 2050 1064 2074 2
1087 2045 1164 2074 nos
1197 2039 1340 2074 autem
1369 2031 1489 2089 prius
1517 2030 1727 2074 debemus

337 2098 532 2142 invenire
546 2108 589 2143 et
601 2099 829 2143 ostendere
847 2100 953 2159 quid
970 2115 1215 2158 arguamus,
1235 2115 1289 2143 ne
1307 2100 1387 2158 ipsi
1406 2101 1550 2159 potius
1571 2100 1728 2159 gravis-

337 2168 445 2212 simo
471 2170 640 2213 crimini
662 2170 822 2213 insanae
848 2171 1101 2221 temeritatis
1123 2185 1368 2228 arguamur.
1398 2172 1508 2215 Sane
1532 2205 1543 2225 ,
1567 2172 1600 2214 si
1626 2177 1725 2214 ante

337 2237 567 2282 docuerint
598 2254 676 2283 nos
704 2241 808 2283 tales
837 2256 926 2284 esse
944 2275 954 2293 ‚
986 2256 1264 2300 nequaquam
1291 2256 1488 2285 recusare
1517 2241 1726 2285 debemus

338 2308 498 2352 talibus
540 2318 784 2352 sanctarum
826 2310 1144 2368 Scripturarum
1185 2310 1328 2353 verbis
1358 2325 1433 2354 nos
1470 2310 1727 2369 reprehendi

339 2387 470 2437 atque
500 2379 727 2423 contundi.
756 2382 818 2422 Ita
841 2380 873 2422 si
893 2395 970 2423 nos
992 2396 1064 2424 eos
1088 2380 1193 2424 tales
1218 2395 1306 2424 esse
1329 2380 1622 2434 docuerimus,
1647 2380 1726 2424 erit

339 2448 534 2492 similiter
560 2450 603 2492 in
620 2458 833 2508 potestate
848 2458 993 2493 nostra
1013 2485 1022 2503 ,
1043 2449 1202 2509 quibus
1221 2450 1457 2494 Dominicis
1477 2450 1726 2509 increpatio-

340 2517 467 2560 nibus
484 2520 574 2575 jam
597 2517 913 2564 demonstratos
944 2521 1252 2579 convictosque
1276 2521 1493 2564 feriamus.

391 2604 399 2621 ¹
421 2600 532 2632 Manli.
559 2612 647 2637 xxm,
668 2611 718 2642 27.

1787 2452 1825 2502 ‚Q

1785 2524 1825 2923 Ξ,

1820 2418 1825 2445 i
