1825 3264
297 228 459 261 CONTRA
492 232 693 261 Ll’rTznAs
725 233 960 267 PETILIANI,
998 235 1079 261 Lm.
1118 235 1183 261 111.
1351 225 1434 263 205

47 317 68 340 »
104 299 282 343 domum
298 299 360 340 ¹.»
385 298 607 342 Genuerat
628 297 778 358 itaque
801 296 898 342 illos
913 333 924 351 ,
950 313 1041 342 non
1062 313 1140 357 per
1159 312 1204 342 se
1221 332 1232 353 ,
1267 297 1344 343 sed
1364 314 1443 359 per

47 367 349 427 Evangelium.
371 367 457 420 Qui
478 367 610 411 etiam
644 368 678 412 si
718 382 795 412 sua
831 378 1069 427 quaereret,
1095 384 1184 413 non
1212 385 1312 430 quae
1337 372 1442 414 Jesu

48 438 231 492 Christi,
257 446 300 482 et
321 437 483 482 invitus
511 437 594 482 hoc
630 438 791 482 faceret
823 438 915 482 sine
945 454 1022 482 sua
1052 438 1273 495 mercede,
1300 450 1446 485 tamen

49 510 278 570 pecuniam
318 509 590 554 Dominicam
626 508 897 569 dispensaret
924 529 932 554 ε
958 525 1114 570 quam,
1140 510 1241 554 licet
1277 511 1443 568 malus,

46 595 138 626 non
161 579 321 625 malam
339 596 419 625 nec
444 580 642 624 inutilem
658 581 772 624 bene
786 581 1100 640 accipientibus
1119 579 1296 626 faceret.

108 655 306 697 LXVIII.
339 656 395 697 Et
429 653 463 696 si
487 654 570 697 hoc
592 653 647 696 de
678 651 915 710 Evangelio
943 661 1057 696 recte
1081 653 1255 707 dicitur,
1280 661 1446 712 quanto

49 724 183 782 magis
213 723 267 767 de
296 724 514 783 baptismo
544 723 782 768 dicendum
817 733 902 779 est,
938 724 1057 783 quod
1094 723 1152 767 ita
1180 724 1368 783 pertinet
1391 724 1447 768 ad

51 794 364 853 Evangelium,
403 805 452 840 ut
482 797 571 839 sine
595 795 670 839 illo
705 796 882 854 quidem
927 794 980 839 ad
1011 809 1196 854 regnum
1235 794 1448 839 coelorum

50 880 180 910 nemo
203 866 426 924 perveniat
442 901 452 920 ,
494 865 570 910 sed
604 866 638 910 si
661 867 840 911 accedat
860 875 1132 911 sacramento
1149 865 1331 925 justitia.
1363 866 1450 918 Qui

51 937 166 980 enim
189 936 298 980 dixit
327 955 335 981 :
362 955 382 979 «
407 936 496 982 Nisi
515 937 612 996 quis
634 947 810 981 renatus
827 937 960 981 fuerit
981 952 1033 982 ex
1055 952 1169 996 aqua
1191 928 1234 980 et
1258 936 1420 995 Spiritu
1434 970 1445 990 ,

56 1025 75 1048 w
100 1021 189 1050 non
213 1006 396 1051 intrabit
418 1008 464 1051 in
487 1022 671 1066 regnum
701 1007 917 1052 coelorum
932 1012 948 1033 2
971 1027 980 1052 :
1010 1025 1030 1048 »
1055 1007 1171 1051 idem
1193 1007 1284 1066 ipse
1305 1006 1414 1050 dixit
1437 1024 1446 1050 ε

55 1095 76 1120 «
101 1078 191 1122 Nisi
231 1075 520 1123 abundaverit
550 1079 720 1138 justitia
753 1089 892 1123 vestra
945 1093 1075 1138 super
1120 1077 1369 1123 Scribarum
1407 1085 1450 1121 et

56 1165 77 1189 »
105 1148 447 1203 Pharisaeorum,
488 1164 579 1194 non
611 1149 830 1193 intrabitis
860 1150 904 1193 in
927 1163 1109 1207 regnum
1134 1147 1346 1192 coelorum
1365 1148 1395 1190 ³.
1426 1165 1445 1189 »

53 1220 212 1264 Forma
252 1220 509 1264 sacramenti
546 1219 675 1264 datur
718 1235 795 1279 per
837 1221 1103 1279 baptismum
1124 1255 1138 1274 ‚
1182 1217 1321 1263 forma
1352 1219 1447 1279 jus·

53 1289 160 1334 titiae
192 1306 269 1350 per
293 1290 597 1349 Evangelium.
627 1291 826 1336 Alterum
850 1292 942 1335 sine
980 1291 1116 1336 altero
1154 1307 1244 1336 non
1287 1290 1450 1350 perdu-

56 1360 115 1405 cit
158 1362 213 1406 ad
249 1377 434 1421 regnum
480 1361 710 1407 coelorum.
744 1365 1058 1406 Verumtamen
1109 1361 1302 1421 perfecte
1340 1362 1450 1420 bap-

56 1431 186 1476 tizare
214 1432 343 1476 etiam
368 1433 511 1476 minus
553 1432 670 1477 docti
707 1443 904 1493 possunt,
931 1432 1123 1492 perfecte
1146 1441 1290 1476 autem
1316 1447 1449 1476 evan-

56 1502 237 1561 gelizare
259 1503 399 1548 multo
422 1503 678 1548 difficilioris
700 1513 743 1548 et
756 1504 926 1548 rarioris
949 1512 1013 1548 est
1031 1503 1186 1561 operis.
1215 1503 1319 1547 Ideo
1340 1506 1449 1547 Doc-

56 1582 125 1619 tor
145 1575 335 1633 gentium
360 1574 557 1634 plurimis
577 1575 860 1620 excellentior
881 1575 1176 1633 evangelizare
1193 1575 1344 1618 missus
1366 1583 1445 1628 est,

57 1660 148 1690 non
172 1647 388 1705 baptizare
414 1666 421 1692 :
447 1647 655 1706 quoniam
678 1647 761 1692 hoc
778 1662 855 1706 per
876 1647 1038 1690 multos
1059 1646 1153 1691 fieri
1177 1654 1371 1704 poterat,
1392 1645 1447 1688 il-

57 1714 136 1759 lud
163 1731 239 1775 per
261 1732 444 1775 paucos,
472 1719 584 1761 inter
610 1732 720 1777 quos
748 1717 983 1761 eminebat.
1011 1719 1066 1760 Et
1099 1726 1243 1760 tamen
1265 1715 1449 1775 legimus

58 1799 158 1829 eum
186 1786 404 1846 aliquibus
425 1786 531 1832 locis
563 1787 718 1832 dixisse
737 1823 748 1843 ,
774 1786 1063 1846 Evangelium
1086 1801 1233 1830 meum
1252 1787 1266 1811 ⁴
1294 1805 1304 1831 2
1336 1787 1447 1845 bap-

57 1855 234 1900 tismum
268 1867 414 1902 autem
443 1873 590 1902 meum
631 1873 859 1918 nunquam
902 1857 1038 1911 dixit,
1075 1855 1151 1900 sed
1186 1871 1266 1899 nec
1301 1857 1448 1915 cujus-

58 1941 188 1987 quam
207 1942 284 1986 per
302 1943 434 1988 quem
458 1929 724 1973 ministratus
745 1938 824 1973 est.
850 1931 958 1973 Nam
982 1925 1099 1971 solus
1116 1925 1189 1970 ille
1211 1926 1451 1984 baptismus

59 2013 190 2058 quem
213 1998 333 2042 dedit
354 2002 543 2044 ,Ioannes
559 2035 569 2054 ,
590 2001 731 2044 dictus
752 2009 816 2043 est
838 1998 1078 2056 baptismus
1098 1997 1278 2041 Joannis
1297 1999 1327 2038 ⁵.
1356 1999 1449 2040 Hoc

58 2067 330 2127 praecipuum
353 2070 419 2111 vir
441 2068 514 2111 ille
534 2068 865 2128 dispensationis
894 2083 982 2111 suae
1012 2081 1170 2110 munus
1192 2065 1378 2124 accepit,
1404 2075 1453 2110 ut

59 2135 217 2182 lavacri
240 2141 572 2198 praecursorium
595 2148 914 2184 sacramentum
931 2138 1060 2182 etiam
1083 2135 1199 2180 illius
1216 2135 1449 2191 diceretur,

59 2222 138 2269 per
159 2224 290 2269 quem
319 2209 652 2269 dispensabatur
677 2230 685 2254 :
712 2210 951 2269 baptismus
971 2216 1115 2252 autem
1138 2221 1271 2266 quem
1301 2207 1453 2251 minis-

61 2286 288 2323 traverunt
312 2279 521 2339 Discipuli
546 2281 732 2335 Christi,
758 2279 922 2324 nullius
949 2293 1100 2323 eorum
1125 2276 1268 2321 dictus
1292 2287 1381 2334 est,
1406 2286 1455 2321 ut

62 2347 178 2393 illius
216 2364 305 2393 esse
330 2349 664 2409 intelligeretur,
690 2351 744 2395 de
781 2365 870 2410 quo
895 2350 1062 2394 dictum
1091 2356 1153 2391 est
1177 2367 1185 2391 ;
1215 2366 1233 2388 «
1260 2347 1456 2392 Christus

64 2436 88 2461 -»
113 2419 263 2464 dilexit
282 2420 542 2475 Ecclesiam,
568 2431 611 2464 et
640 2436 684 2465 se
705 2422 848 2480 ipsum
873 2419 1051 2464 tradidit
1076 2433 1154 2476 pro
1175 2434 1244 2472 ea,
1276 2427 1325 2462 ut
1359 2433 1453 2462 eam

114 2529 123 2544 ¹
150 2535 161 2555 ι
183 2525 304 2559 Cor-1,
339 2521 386 2563 ¹4·
405 2540 445 2546 —
464 2529 475 2546 ²
504 2525 595 2555 Joan.
615 2534 662 2561 ιιι,
684 2523 715 2555 5.
730 2540 769 2546 -
783 2521 797 2546 3
811 2523 924 2556 Mattln.
951 2532 982 2562 v,
1002 2529 1056 2554 90.
1074 2537 1113 2544 -
1129 2518 1144 2544 ⁶
1165 2531 1177 2553 1
1206 2520 1285 2552 Tim.
1309 2530 1345 2562 n,
1363 2522 1394 2552 8.
1413 2535 1453 2541 —

68 2575 84 2601 ⁵
104 2581 176 2612 Act.
200 2590 265 2621 xix,
285 2579 314 2611 3.
