1825 3264
264 247 427 278 CONTRA
458 250 722 278 anscomuM
753 248 1042 291 DONATISTAM‚
1076 252 1160 280 Lm.
1197 253 1262 279 111.
1369 241 1451 280 387

69 316 154 360 hoc
175 329 266 361 esse
286 315 457 371 melius,
483 316 684 376 utjustus
702 315 895 360 minister
915 317 985 373 sit,
1004 319 1123 378 quod
1140 317 1366 362 infirmitas
1380 318 1455 363 ho-

67 384 218 442 minis,
243 385 315 431 cui
333 386 425 430 sine
453 385 652 446 exemplo
675 386 943 431 laboriosum
970 397 1034 433 est
1066 397 1110 433 et
1136 387 1312 432 difficile
1334 386 1457 447 quod

67 456 252 517 imperat
285 460 398 502 Deus
415 492 426 514 ,
449 457 690 503 imitatione
712 457 817 502 boni
847 458 1031 502 ministri
1057 459 1113 503 ad
1136 460 1269 503 vitam
1294 459 1456 502 bonam

67 524 236 572 facilius
259 528 463 588 erigatur.
491 526 615 573 Unde
634 527 739 573 dicit
754 529 975 588 apostolus
997 528 1157 574 Paulus
1177 549 1185 574 :
1213 549 1233 570 «
1259 530 1457 574 Imitato-

73 618 91 639 »
117 613 183 643 res
197 599 283 643 mei
295 608 453 654 estote,
476 600 587 644 sicut
603 608 646 643 ct
663 613 764 657 ergo
777 599 974 644 Ch1-isti1.
998 617 1019 640 η
1036 600 1104 643 Ad
1118 600 1339 653 hominem
1355 614 1458 644 vero

67 668 379 728 baptizandum
402 678 445 714 et
466 667 849 724 sanctificandum,
880 669 915 714 si
936 678 1058 714 tanto
1081 678 1144 714 est
1162 669 1315 714 melius
1337 669 1459 729 quod

69 739 294 799 accipitur,
316 749 482 800 quanto
499 749 563 784 est
585 739 737 784 melior
759 755 837 800 per
863 755 996 800 quem
1016 739 1229 798 traditur,
1253 749 1373 784 tanta
1396 747 1461 784 est

21 848 27 850 ἡ
68 805 114 855 in
137 812 447 872 accipientibus
476 812 793 872 baptismorum
821 812 1028 867 varietas,
1062 822 1223 872 quanta
1246 813 1291 856 in
1314 811 1462 856 minis-

70 883 144 926 tris
165 882 388 927 diversitas
404 882 674 926 meritorum.
698 882 740 926 Si
762 883 895 938 enim,
920 882 1041 942 quod
1059 882 1151 926 sine
1169 881 1464 927 controversia

69 950 279 1007 creditur,
305 951 458 997 melior
473 961 563 997 erat
584 951 742 996 Paulus
763 967 894 1012 quam
917 951 1093 1011 Apollo,
1112 952 1337 996 meliorem
1356 951 1464 1011 bap-

72 1021 247 1066 tismum
266 1021 404 1077 dedit,
427 1023 670 1066 secundum
685 1022 812 1066 istam
829 1030 1016 1066 vestram
1030 1037 1185 1066 vanam
1203 1036 1465 1081 perversam-

69 1108 157 1152 que
183 1093 443 1136 sententiam
471 1111 480 1137 ι
503 1101 546 1136 et
573 1092 607 1136 si
628 1091 853 1136 meliorem
882 1093 1147 1152 baptismum
1181 1091 1329 1147 dedit,
1356 1107 1462 1151 pro·

68 1163 185 1209 fecto
202 1163 261 1208 eis
274 1179 382 1224 quos
396 1179 419 1207 a
433 1178 477 1207 se
493 1179 582 1208 non
601 1163 841 1223 baptizatos
855 1163 1114 1222 gratulatur,
1136 1163 1306 1208 invidit.
1326 1166 1461 1207 Porro

69 1234 104 1278 si
124 1235 238 1278 inter
259 1234 396 1279 bonos
418 1234 637 1278 ministros
659 1249 760 1278 cum
784 1235 837 1278 sit
865 1233 974 1279 alius
991 1233 1076 1278 alio
1094 1234 1263 1289 melior,
1286 1249 1376 1279 non
1399 1241 1465 1278 est

70 1303 224 1350 melior
246 1305 485 1364 baptismus
499 1305 576 1363 qui
599 1320 675 1364 per
691 1303 916 1349 meliorem
931 1305 1077 1360 datur,
1104 1304 1227 1350 nullo
1250 1304 1383 1349 modo
1400 1312 1464 1348 est

71 1374 227 1431 malus,
253 1376 329 1436 qui
352 1376 483 1420 etiam
508 1390 584 1435 per
602 1374 769 1419 malum
791 1375 937 1431 datu'r,
964 1375 1143 1435 quando
1164 1375 1280 1418 idem
1302 1374 1467 1434 baptis-

72 1461 168 1490 mus
201 1445 346 1491 datur.
381 1449 437 1491 Et
466 1444 564 1490 ideo
593 1460 669 1505 per
705 1445 923 1490 ministros
959 1445 1151 1505 dispares
1191 1445 1267 1490 Dei
1305 1460 1467 1490 munus

71 1515 242 1576 aequale
264 1526 343 1572 est,
369 1516 471 1576 quia
494 1531 583 1560 non
613 1514 811 1571 illorum,
836 1515 911 1559 sed
934 1516 1026 1576 ejus
1049 1525 1127 1559 est.
1149 1517 1247 1560 Non
1265 1529 1384 1572 ergo,
1409 1516 1467 1559 si-

71 1596 147 1631 cut
175 1587 363 1631 inaniter
389 1586 628 1641 inveheris,
661 1586 771 1629 nihil
805 1586 919 1630 inter
953 1585 1128 1630 fidelem
1156 1584 1466 1645 perfidumque

72 1656 357 1701 discernimus
378 1677 386 1701 :
409 1656 484 1701 sed
499 1657 785 1700 discernimus
804 1656 996 1700 humana
1017 1656 1188 1711 merita,
1214 1671 1303 1700 non
1325 1671 1466 1700 sacra-

72 1738 220 1772 menta
242 1727 390 1772 divina
409 1748 416 1772 :
439 1743 539 1788 quae
554 1737 601 1771 tu
617 1742 795 1787 quoque
815 1727 856 1770 vi
871 1726 1063 1774 veritatis
1083 1719 1299 1771 adductus
1319 1736 1363 1771 et
1381 1728 1467 1771 hae-

73 1799 217 1845 reticae
249 1799 502 1844 intentionis
539 1797 730 1855 oblituS,
756 1798 883 1843 nobis
906 1807 949 1842 et
981 1798 1103 1844 vobis
1136 1814 1228 1844 non
1265 1797 1364 1854 alia,
1389 1798 1466 1843 sed

72 1886 160 1914 una
182 1868 423 1930 eademque
451 1885 540 1914 esse
572 1868 730 1913 dixisti.

131 1943 232 1984 VII.
245 1941 477 1993 Quomodo
489 1940 594 1984 dicis
613 1958 622 1983 :
647 1958 667 1981 «
685 1941 778 1983 Hoc
791 1947 834 1982 et
846 1953 923 1982 nos
937 1937 1168 1982 suademus
1183 1947 1226 1982 et
1239 1938 1460 1994 volumus,

74 2019 122 2055 ut
145 2025 314 2069 semper
335 2008 408 2054 det
423 2009 619 2054 Christus
630 2007 778 2063 fidem,
794 2008 990 2053 Christus
1005 2008 1058 2051 sit
1070 2007 1192 2066 origo
1207 2008 1461 2063 Christiani,

74 2081 120 2125 in
142 2081 315 2127 Christo
333 2081 519 2125 radicem
534 2079 804 2126 Christianus
826 2078 994 2137 infigat,
1013 2079 1209 2123 Christus
1227 2077 1462 2124 Christiani

74 2151 128 2195 sit
154 2153 313 2211 caput?
333 2170 352 2193 »
379 2167 479 2195 cum
508 2148 718 2201 defendas
746 2148 912 2193 litteras
936 2148 1156 2203 Petiliani,
1182 2148 1259 2192 ubi
1282 2149 1465 2208 apertis-

75 2223 179 2266 sime
201 2238 301 2266 cum
328 2221 585 2282 baptizantis
619 2220 822 2264 meritum
854 2219 1198 2274 commendaret,
1224 2229 1465 2279 quantum-

0 2339 1 2349 ,
76 2307 162 2352 que
181 2291 235 2336 ad
263 2291 458 2336 dandum
482 2291 746 2350 baptismum
771 2289 932 2334 valeret
959 2290 1150 2334 humana
1172 2289 1360 2349 justitia,
1386 2304 1466 2349 pro

8 2407 16 2416 ,
77 2372 273 2422 suscepta
296 2377 423 2407 causa
453 2370 684 2405 conaretur
722 2359 978 2405 ostendere:
1007 2378 1028 2401 «
1061 2359 1363 2414 Conscientia,
1396 2359 1466 2402 in-

8 2423 17 2443 ἦ
78 2433 200 2493 quit,
225 2442 372 2476 sancte
400 2431 541 2476 dantis
568 2430 826 2485 attenditur,
860 2445 959 2490 quac
991 2429 1141 2473 abluat
1170 2429 1464 2489 accipientis2.

12 2509 20 2545 ζ
75 2505 184 2548 Nam
207 2504 283 2562 qui
306 2501 435 2546 fidem
458 2502 595 2546 sciens
614 2516 637 2544 a
656 2499 822 2559 perfido
840 2499 1088 2558 sumpserit,
1105 2515 1194 2544 non
1217 2500 1348 2545 fidem
1368 2515 1466 2560 pei·-

131 2593 138 2610 ¹
158 2588 290 2627 Cor.1v,
314 2586 363 2619 ιδ.
381 2601 422 2610 -
438 2592 450 2609 ²
466 2586 543 2618 Vide
560 2583 617 2617 lib.
637 2596 649 2618 1
666 2588 777 2617 contra
794 2583 942 2617 Petilian.
962 2593 1035 2626 cap.
1056 2593 1067 2616 1
1091 2587 1122 2616 et
1140 2591 1171 2616 2.

1214 2639 1279 2678 25.
