1825 3264
326 259 490 292 comm
523 258 724 290 urruns
756 259 990 301 nmirum,
1027 263 1108 291 Lm.
1147 265 1195 291 11.
1372 250 1453 289 137

72 331 195 376 bonis
216 338 259 375 et
286 330 331 374 in
352 329 474 374 malis
495 338 662 389 potest,
695 328 777 373 illis
800 328 854 373 ad
880 331 1103 388 praemium
1120 366 1131 385 ,
1157 329 1241 374 illis
1264 330 1319 375 ad
1335 329 1457 390 judi-

70 402 202 455 cium,
227 400 281 444 ab
306 399 478 444 invisibi
501 400 708 444 unctione
731 399 972 454 charitatis,
998 415 1097 458 quae
1119 401 1293 460 propria
1317 401 1456 446 bono-

71 485 165 516 rum
181 479 258 514 est.
281 470 483 514 Discerne
503 470 598 525 ista,
624 468 818 514 discerne
840 488 848 514 z
871 469 1086 514 discernat
1108 479 1149 514 te
1168 474 1279 515 Deus
1298 487 1319 515 a
1334 481 1456 531 parte

70 541 242 595 Donati,
264 550 307 586 et
328 542 371 584 in
394 540 663 586 Catholicam
683 549 868 594 revocet,
893 540 1012 584 unde
1031 550 1072 584 te
1094 540 1155 584 illi
1178 542 1454 586 catechume—

69 628 175 657 num
194 613 423 671 abreptum
446 611 656 656 mortiferi
676 611 851 656 honoris
873 611 1049 656 vinculo
1073 610 1332 670 ligaverunt.
1361 615 1455 656 Jam

69 699 137 728 ros
168 686 359 728 Hermon
379 698 505 742 super
521 691 689 727 montes
719 682 820 728 Sion
838 717 849 738 ,
874 682 1207 742 quomodolibet
1229 683 1305 727 abs
1323 692 1364 727 te
1387 698 1458 727 ac-

67 754 273 812 cipiatur,
296 768 386 797 non
406 753 506 797 estis
520 753 564 796 in
583 753 805 798 montibus
826 753 954 809 Sion,
979 753 1081 813 quia
1103 768 1193 797 non
1213 753 1311 797 estis
1333 753 1378 796 in
1396 753 1458 797 ci-

66 823 201 869 vitate
229 839 358 884 super
377 833 573 868 montem
590 823 849 879 constituta,
877 839 976 885 quae
1000 833 1166 868 certum
1186 825 1358 882 signum
1374 824 1458 869 hoc

67 894 218 949 habet,
244 895 364 954 quod
387 894 595 939 abscondi
612 910 701 940 non
724 904 881 954 potest.
910 897 1020 941 Nota
1045 904 1108 939 est
1128 910 1232 953 ergo
1254 894 1458 938 omnibus

67 966 269 1024 gentibus
294 985 302 1010 ι
328 980 426 1024 pars
448 974 593 1010 autem
624 967 782 1011 Donati
806 966 955 1025 ignota
985 976 1049 1011 est
1086 966 1286 1026 pluribus
1320 966 1459 1025 genti-

67 1037 148 1080 but
170 1056 177 1080 :
203 1051 293 1081 non
309 1045 372 1080 est
390 1052 492 1094 ergo
514 1037 619 1096 ipsa.

125 1108 291 1152 CCXL.
323 1110 581 1151 perimimus
610 1107 718 1151 dixit
750 1126 758 1152 :
793 1110 871 1152 Vae
903 1110 1036 1167 igitur
1061 1107 1184 1152 vobis
1206 1144 1216 1163 ,
1255 1109 1329 1168 qui
1362 1109 1458 1152 vio-

68 1177 198 1222 lando
223 1178 343 1238 quod
374 1187 570 1222 sanctum
594 1187 684 1233 est,
710 1179 950 1223 rescinditis
973 1180 1214 1234 unitatem,
1241 1181 1458 1239 Propheta

67 1248 239 1293 dicente
262 1268 270 1293 :
298 1267 316 1290 «
341 1248 382 1293 Si
407 1249 644 1305 peccaverit
662 1248 849 1307 populus
866 1285 876 1304 ‚
903 1250 1043 1294 orabit
1060 1265 1138 1310 pro
1156 1265 1206 1294 eo
1228 1251 1425 1294 sacerdos
1446 1271 1456 1307 3

71 1337 90 1360 »
115 1320 149 1363 si
171 1328 316 1362 autem
339 1320 578 1378 peccaverit
601 1320 813 1374 sacerdos,
834 1321 930 1380 quis
947 1321 1089 1364 orabit
1109 1336 1188 1379 pro
1206 1336 1258 1365 eo
1274 1323 1320 1364 ¹?
1346 1340 1365 1362 η

123 1391 314 1435 CCXLI.
342 1393 618 1434 Aucusrnws
639 1390 860 1450 respondit
879 1410 888 1435 :
915 1393 970 1435 Et
985 1391 1166 1436 videbar
1184 1390 1315 1450 paulo
1337 1400 1455 1446 ante,

67 1475 167 1505 cum
194 1460 249 1505 de
269 1460 365 1505 oleo
387 1461 625 1520 peccatoris
644 1461 963 1521 disputaremus
981 1497 992 1516 ,
1020 1476 1212 1520 unguere
1231 1462 1311 1506 tibi
1334 1460 1457 1506 fron-

68 1540 154 1576 tem
172 1567 182 1586 ‚
210 1540 258 1576 ut
275 1530 437 1577 diceres
453 1567 464 1587 ‚
487 1533 518 1576 si
541 1532 720 1576 auderes
737 1568 747 1588 ‚
769 1543 917 1577 utrum
942 1533 1032 1592 ipse
1052 1543 1254 1592 peccator
1277 1548 1365 1577 non
1390 1548 1458 1577 es-

66 1617 144 1647 ses.
170 1605 282 1646 Ecce
304 1602 446 1646 dixisti
470 1602 596 1647 illud.
618 1604 655 1646 0
678 1603 836 1658 scelus,
863 1619 888 1648 o
911 1614 1153 1647 monstrum
1175 1604 1183 1647 l
1211 1604 1320 1656 Quia
1343 1604 1458 1647 enim

68 1682 108 1717 te
125 1673 394 1717 sacerdotem
411 1674 576 1729 asseris,
596 1673 703 1733 quid
726 1673 845 1718 aliud
863 1689 938 1733 per
955 1674 1038 1718 hoc
1054 1675 1357 1734 propheticum
1371 1683 1457 1718 tes·

66 1744 319 1799 timonium,
346 1744 425 1788 nisi
449 1755 490 1789 te
512 1745 691 1790 omnino
714 1746 806 1789 sine
829 1755 1008 1805 peccato
1036 1760 1126 1789 esse
1150 1745 1327 1789 dixisti?
1350 1747 1458 1790 Nam

66 1816 99 1860 si
121 1816 254 1860 habes
275 1826 502 1875 peecatum
519 1852 529 1872 ‚
555 1817 652 1876 quis
673 1832 752 1876 pro
776 1826 817 1860 te
843 1817 983 1861 orabit
1001 1817 1242 1861 secundum
1262 1815 1459 1861 intellec-

67 1894 158 1929 tum
183 1889 339 1930 tuum?
366 1890 429 1931 lta
453 1888 567 1931 euim
583 1902 658 1932 vos
675 1888 836 1932 miseris
853 1887 1053 1947 plebibus
1070 1887 1318 1942 venditatis,
1344 1903 1460 1932 com-

66 1965 355 2001 memorantes
378 1972 430 2002 ex
447 1959 662 2018 Propheta
686 1977 693 2003 :
724 1977 743 2000 «
766 1959 807 2003 Si
825 1960 1069 2018 peccaverit
1086 1959 1297 2018 populus,
1319 1959 1459 2003 orabit

69 2045 89 2067 »
107 2042 186 2086 pro
201 2042 252 2071 eo
268 2027 465 2072 sacerdos
484 2049 495 2085 3
520 2030 553 2072 si
578 2038 721 2072 autern
735 2030 932 2073 sacerdos
948 2029 1210 2087 peccaverit,
1240 2029 1336 2088 quis
1358 2044 1457 2073 ora-

70 2116 89 2137 »
109 2097 171 2141 bit
193 2112 272 2156 pro
284 2099 365 2141 eo?
382 2116 401 2138 »
423 2107 471 2142 ut
489 2113 563 2142 vos
584 2099 675 2142 sine
698 2108 876 2158 peccato
889 2114 977 2142 esse
998 2098 1199 2154 credant,
1221 2109 1263 2143 et
1281 2108 1457 2158 peccata

66 2183 142 2212 sua
167 2169 314 2213 vestris
337 2170 606 2214 orationibus
634 2170 860 2229 purganda
888 2171 1178 2215 committant.
1205 2171 1354 2230 Magni
1377 2171 1457 2215 ho-

66 2240 204 2284 mines
221 2255 317 2295 vos,
343 2240 516 2296 excelsi,
539 2240 751 2296 coelestes,
774 2240 926 2296 divini,
946 2257 1025 2286 nec
1043 2243 1132 2302 jam
1147 2243 1359 2296 homines,
1382 2243 1455 2286 sed

68 2311 237 2369 Angeli,
262 2312 337 2371 qui
360 2327 438 2371 pro
459 2311 662 2371 plebibus
680 2313 825 2367 oratis,
856 2322 899 2357 et
920 2328 998 2372 pro
1020 2313 1142 2357 vobis
1165 2314 1312 2373 plebes
1334 2328 1457 2356 orare

65 2396 153 2424 non
169 2381 313 2425 vultis.
343 2383 651 2442 Tu-nejustior
670 2382 825 2437 Paulo,
851 2393 896 2427 tu
919 2384 1151 2443 perfectior
1170 2393 1292 2428 tanto
1316 2387 1455 2442 Apos-

68 2451 178 2505 tolo‚
206 2453 281 2511 qui
303 2467 454 2496 eorum
477 2468 585 2513 quos
603 2452 788 2498 docebat
812 2454 1082 2498 orationibus
1109 2469 1152 2498 se
1176 2454 1456 2498 commenda-

68 2522 175 2566 bat?
202 2541 221 2563 «
245 2523 457 2578 Orationi,
484 2524 642 2584 inquit,
663 2525 834 2579 instate,
861 2525 1085 2582 vigilantes
1111 2525 1154 2569 in
1178 2524 1265 2579 illa,
1292 2526 1334 2569 in
1356 2541 1454 2584 gra-

115 2609 124 2631 ¹
144 2619 153 2639 ι
177 2610 254 2649 Reg.
273 2620 312 2650 u,
332 2609 386 2642 25.
