1825 3264
311 277 473 306 con-riu
506 276 708 306 Lim-mus
740 278 973 316 mimum,
1010 281 1091 307 Lm.
1129 281 1175 305 ιι.
1355 267 1435 306 135

53 347 143 406 pite
163 344 407 390 vestimenti
431 352 494 388 est
511 378 522 398 ‚
557 359 641 404 qua
670 344 891 389 vestientis
913 354 1040 403 caput
1065 344 1306 402 ingreditur
1327 364 1335 390 ι
1365 360 1439 404 per

53 417 165 462 hanc
178 415 477 474 significantur
490 414 672 474 perfecti
694 414 842 458 fideles
858 415 903 458 in
926 414 1131 459 Ecclesia.
1159 418 1208 459 In
1227 431 1300 460 ora
1324 431 1441 459 nam-

53 500 140 546 que
161 483 370 545 perfectio
391 493 456 528 est
485 503 495 529 ε
525 494 569 529 et
598 485 751 545 utique
773 485 1006 528 meministi
1039 483 1204 528 dictum
1229 500 1319 529 esse
1349 486 1441 529 cui-

54 556 154 602 dam
177 555 300 601 diviti
334 575 342 600 :
379 574 396 596 α
426 556 470 601 Si
496 556 560 601 vis
583 571 674 600 esse
699 555 916 615 perfectus
933 590 943 610 ,
969 555 1078 600 vade
1097 589 1108 610 ,
1133 555 1273 599 vende
1302 558 1447 600 omnia

56 646 78 671 ι»
102 642 202 688 quae
224 627 416 686 possides
431 661 442 682 ‚
468 636 510 671 et
533 626 587 671 da
610 627 874 687 pauperibus
891 662 901 682 ,
926 636 969 670 et
996 626 1176 670 habebis
1196 627 1446 670 thesaurum

58 717 79 742 »
103 699 148 743 in
170 697 307 753 coehs,
337 705 381 742 et
397 699 510 752 veni,
530 713 711 758 sequere
727 713 794 742 me
811 700 842 741 ¹.
867 716 886 740 »
923 697 1070 742 Tristis
1089 697 1264 757 quidem
1284 696 1356 740 ille
1370 696 1449 741 dis-

54 769 194 822 cessit,
218 767 440 826 neglector
455 767 747 827 perfectionis,
765 767 927 813 elector
937 768 1194 812 defectionis
1212 787 1220 812 :
1239 767 1312 811 sed
1328 783 1452 811 num-

37 875 39 879 .
53 838 162 899 quid
173 838 273 882 ideo
283 837 536 890 defuerunt,
552 839 596 882 in
614 854 722 899 quos
737 840 913 883 unitatis
927 848 1206 897 unguentum
1221 839 1292 882 tali
1308 853 1451 881 rerum

54 917 323 954 terrenarum
348 909 598 953 dimissione
615 909 853 969 perfectos,
877 919 1087 969 tanquam
1113 910 1157 953 in
1179 924 1298 953 oram
1321 909 1452 953 vesti-

54 979 189 1024 menti
211 994 234 1023 a
249 978 391 1038 capite
405 977 716 1024 descenderet?
732 983 839 1025 Nam
853 979 1041 1039 exceptis
1060 980 1294 1039 Apostolis,
1322 988 1364 1022 et
1377 979 1452 1038 qui

54 1064 155 1094 cum
172 1050 231 1094 eis
249 1051 621 1109 erantproepositis
636 1060 767 1111 atquc
779 1051 1032 1095 doctoribus
1044 1087 1053 1105 ,
1079 1067 1188 1110 quos
1200 1051 1453 1094 eminentio-

54 1137 121 1166 res
134 1130 176 1166 et
190 1120 388 1166 fortiores
405 1122 450 1165 in
468 1122 603 1166 barba
619 1123 920 1181 intelligimus,
941 1123 1037 1180 lege
1054 1124 1098 1166 in
1114 1123 1294 1167 Actibus
1313 1126 1453 1181 Apos-

56 1192 248 1236 tolorum
264 1226 275 1246 ‚
303 1201 345 1236 et
363 1191 463 1236 vide
484 1208 558 1251 qui
582 1207 724 1236 rerum
749 1208 922 1237 suarum
945 1193 1221 1238 venditarum
1246 1192 1383 1251 pretia
1401 1193 1455 1235 ad

54 1262 186 1321 pedes
214 1262 521 1319 Apostolorum
544 1263 770 1321 ponebant
786 1267 803 1289 ‘²
821 1298 831 1317 ‚
858 1272 902 1307 et
932 1279 1062 1308 nemo
1085 1263 1257 1307 dicebat
1289 1260 1454 1321 aliquid

53 1332 296 1394 proprium,
321 1333 396 1376 sed
418 1341 539 1376 erant
562 1333 620 1376 eis
638 1334 783 1376 omnia
804 1334 1052 1377 communia
1066 1367 1076 1386 ,
1098 1342 1141 1376 et
1158 1333 1450 1376 distribueba-

53 1412 127 1449 tur
144 1403 381 1462 unicuique
404 1403 515 1447 sicut
540 1403 708 1463 cuique¹
730 1419 839 1463 opus
865 1413 958 1448 erat
976 1438 987 1458 ,
1024 1413 1066 1447 et
1090 1411 1181 1446 erat
1208 1403 1292 1446 illis
1311 1402 1453 1445 anima

55 1489 142 1520 una
164 1483 207 1518 et
223 1489 298 1519 cor
320 1489 456 1518 unum
475 1474 521 1518 in
544 1477 698 1518 Deum.
729 1476 895 1534 Nempe
925 1475 984 1519 ita
1007 1475 1215 1533 scriptum
1240 1488 1329 1517 esse
1347 1488 1453 1531 cog—

55 1546 210 1591 noscis.
244 1549 442 1605 Agnosce
469 1561 572 1604 ergo
594 1546 761 1590 bonum
786 1555 828 1590 et
849 1545 1097 1606 jucundum
1117 1580 1128 1602 ,
1154 1544 1307 1589 fratres
1330 1545 1454 1588 habi-

56 1624 197 1662 tantes
223 1615 266 1660 in
293 1631 448 1660 unum.
480 1619 679 1675 Agnosce
705 1617 886 1661 barbam
910 1620 1056 1661 Aaron
1083 1635 1091 1661 :
1119 1631 1305 1675 agnosce
1332 1629 1452 1659 oram

57 1685 302 1731 vestimenti
318 1685 536 1745 spiritalis.
564 1689 785 1746 Interroga
806 1687 941 1747 ipsam
962 1689 1247 1747 Scripturam,
1273 1686 1350 1730 ubi
1368 1701 1454 1730 coe-

55 1757 200 1817 perint
219 1757 298 1801 ista
320 1757 413 1801 fieri
434 1791 445 1812 ,
476 1758 669 1802 invenies
692 1758 738 1803 in
759 1758 1015 1804 Jerusalem.
1042 1761 1104 1803 De
1126 1759 1207 1802 hac
1228 1773 1302 1803 ora
1326 1757 1453 1801 vestis

56 1843 135 1889 per
153 1844 302 1874 omnes
325 1838 474 1888 gentes
496 1830 639 1874 unitas
658 1838 747 1875 tota
771 1831 1030 1875 contexitur.
1060 1833 1152 1875 Hac
1173 1831 1351 1875 intravit
1378 1844 1451 1873 ca-

56 1908 138 1959 put
158 1900 203 1944 in
225 1909 413 1955 vestem,
439 1908 489 1943 ut
505 1900 761 1945 indueretur
782 1901 980 1946 Christus
1002 1902 1208 1945 varietate
1225 1900 1341 1945 orbis
1363 1909 1449 1944 ter-

56 1983 199 2015 rarum
217 2005 228 2025 ,
262 1970 364 2030 quia
386 1971 431 2014 in
456 1971 537 2015 hac
559 1986 632 2016 ora
659 1971 907 2016 vestimenti
931 1972 1133 2031 apparuit
1152 1970 1334 2014 varietas
1361 1972 1451 2028 ipsa

55 2040 322 2099 linguarum.
355 2043 444 2086 Cur
465 2057 568 2100 ergo
590 2043 669 2101 ipsi
691 2042 848 2101 capiti,
879 2042 997 2085 unde
1020 2041 1130 2084 illud
1149 2041 1326 2084 unitatis
1353 2040 1450 2083 des-

57 2113 204 2157 cendit
221 2121 515 2169 unguentum,
535 2113 579 2156 id
594 2122 673 2167 est,
695 2112 851 2157 amoris
865 2112 1099 2171 fragrantia
1112 2111 1331 2171 spiritalis,
1351 2127 1445 2166 cur,

56 2183 260 2242 inquam,
281 2182 361 2241 ipsi
375 2182 505 2242 capiti
524 2183 718 2227 resistitis
731 2183 904 2228 testanti
921 2192 964 2227 et
980 2178 1143 2227 dicenti
1161 2201 1170 2227 :
1193 2201 1212 2225 «
1232 2183 1447 2227 Praedica-

57 2252 176 2298 bitur
187 2253 232 2297 in
245 2253 421 2297 nomine
437 2255 530 2313 ejus
545 2254 804 2313 poenitentia
819 2264 861 2298 et
875 2254 1066 2298 remissio
1079 2263 1356 2313 peccatorum
1372 2269 1449 2313 per

60 2342 81 2367 ι
107 2338 257 2368 omnes
293 2332 467 2381 gentes,
503 2325 814 2384 incipientibus
844 2325 899 2369 ab
940 2325 1284 2369 Jerusalem³?»
1319 2327 1373 2367 Et
1405 2325 1447 2366 in

61 2411 81 2436 n
106 2393 191 2438 hoc
225 2403 452 2450 unguento
503 2404 820 2439 sacramentum
860 2395 1099 2440 chrismatis
1139 2394 1272 2437 vultis
1310 2395 1445 2437 inter·-

57 2463 219 2524 pretari
243 2481 252 2509 :
277 2464 399 2523 quod
420 2464 599 2523 quidem
617 2466 663 2510 in
687 2480 844 2524 genere
866 2466 1099 2509 visibilium
1126 2463 1447 2523 signaculorum

58 2543 379 2582 sacrosanctum
402 2544 482 2590 est,
506 2535 725 2595 sicutipse
742 2537 983 2595 baptismus
1011 2555 1019 2581 :
1044 2535 1120 2580 sed
1139 2545 1280 2596 potest
1301 2551 1391 2581 esse
1405 2544 1448 2580 et

114 2638 124 2654 ¹
148 2630 270 2664 Matth.
290 2642 366 2673 xix,
386 2640 440 2665 21.
458 2649 497 2656 -
514 2638 527 2654 ²
547 2635 614 2666 Act.
635 2644 680 2674 iv,
705 2633 757 2666 32.
774 2650 815 2657 -—
831 2631 843 2657 3
862 2635 937 2666 Luc.
959 2643 1051 2671 xxiv.
1072 2632 1128 2675 47:
