1825 3264
352 248 431 285 193
773 251 806 280 s.
844 253 1072 280 AUGUSTm'l
1106 252 1286 279 Bvlscorl

350 321 543 367 tumultu
574 318 867 363 conviciorum
893 332 1071 362 suorum
1088 351 1098 371 ,
1125 325 1174 360 ut
1200 317 1230 360 si
1264 316 1357 359 fieri
1388 324 1562 374 posset,
1599 315 1693 360 haec
1713 331 1736 359 a

347 408 416 438 rne
436 392 552 435 dicta
578 389 688 433 nulli
715 389 894 434 omniuo
915 389 1080 432 veniret
1101 388 1146 430 in
1167 396 1383 441 mentem,
1402 386 1479 446 qui
1501 395 1599 445 post
1619 386 1737 447 Epis·

347 463 482 508 tolam
500 475 642 505 meam
657 460 838 514 lectam,
858 459 986 502 etiam
1006 457 1139 517 ipsius
1156 457 1299 515 legere
1317 456 1537 501 voluisset.

408 534 570 578 LXIII.
597 528 726 584 Quod
748 544 850 574 vero
870 543 922 573 ex
948 526 1132 587 apostoli
1152 526 1276 571 Pauli
1295 526 1464 585 scriptis
1485 541 1510 569 a
1530 540 1600 570 me
1621 525 1740 585 posi-

347 615 443 650 tum
463 618 543 663 pro
559 616 602 646 se
617 609 800 646 tractare
818 608 999 645 conatus
1020 608 1100 654 est,
1125 596 1254 657 quale
1266 597 1320 642 sit
1338 611 1572 657 parumper
1593 604 1739 643 atten-

349 676 456 720 dite.
496 693 517 716 «
542 672 688 718 Dixisti
718 672 834 715 enim
851 705 862 726 ‚
894 670 1065 731 inquit,
1100 668 1322 729 apostolus
1351 667 1512 713 Paulus
1539 682 1638 723 eos,
1663 667 1741 727 qui

348 747 553 791 dicebant
569 759 614 788 se
630 742 814 802 apostoli
835 741 958 787 Pauli
973 756 1061 786 esse
1075 775 1086 795 ,
1105 740 1324 800 objurgat,
1346 748 1388 784 et
1405 739 1512 784 dicit
1534 757 1543 784 ε
1568 757 1589 781 «
1608 740 1742 795 Num-

351 835 372 859 »
397 814 506 877 quid
536 814 696 859 Paulus
723 829 803 873 pro
838 813 960 857 vobis
987 811 1219 857 crucifixus
1249 820 1313 854 est
1331 844 1343 865 ‚
1381 818 1458 854 aut
1484 809 1531 852 in
1563 808 1743 854 nomine
1774 863 1779 868 ι

352 906 372 929 »
400 885 523 931 Pauli
547 884 753 944 baptizati
771 884 870 928 estis
889 884 928 926 ¹?
951 901 969 924 »
997 884 1274 941 Quapropter
1296 881 1331 925 si
1352 878 1555 924 errabant
1575 878 1670 934 illi,
1700 887 1744 925 et

350 959 432 1002 nisi
455 957 773 1014 corrigerentur
797 956 1009 1014 perirent,
1036 954 1112 1013 qui
1128 952 1336 997 volebant
1357 965 1446 995 esse
1467 949 1621 1008 Pauli3
1645 965 1746 1009 quae

349 1027 528 1072 tandem
558 1042 653 1085 spes
690 1040 841 1069 eorum
871 1033 956 1078 est,
981 1024 1053 1083 qui
1089 1022 1325 1067 voluerunt
1355 1036 1445 1066 esse
1481 1020 1671 1065 Donati?
1694 1019 1746 1064 ld

350 1099 462 1142 enim
488 1106 624 1156 agunt
646 1097 738 1151 isti,
765 1105 813 1140 ut
835 1096 956 1153 origo
978 1104 1021 1138 et
1043 1093 1162 1138 radix
1187 1102 1229 1137 et
1250 1101 1383 1151 caput
1403 1092 1630 1152 baptizati,
1655 1106 1746 1136 non

348 1170 430 1213 nisi
452 1169 524 1212 ille
547 1170 601 1212 sit
632 1183 654 1211 a
677 1183 766 1227 quo
787 1166 1046 1225 baptizatur.
1076 1183 1096 1206 »
1130 1168 1233 1209 Haeo
1260 1163 1394 1209 verba
1422 1172 1466 1208 et
1492 1164 1577 1208 hoc
1603 1166 1746 1222 Apos-

348 1239 427 1283 toli
458 1238 753 1283 testimonium
777 1252 827 1280 ex
856 1235 1050 1295 Epistola
1073 1250 1169 1280 mea
1188 1234 1548 1279 commemoravit
1565 1268 1576 1288 ‚
1603 1241 1647 1278 et
1667 1232 1745 1278 sibi

348 1310 575 1368 proposuit
605 1308 909 1352 refellendum.
947 1305 1135 1351 Proinde
1162 1305 1306 1349 videte
1333 1306 1367 1349 si
1395 1303 1452 1349 ad
1473 1304 1747 1363 propositum

348 1379 587 1438 respondit.
608 1379 682 1422 Ait
704 1379 819 1421 enim
845 1397 854 1422 2
883 1397 903 1419 «
930 1380 1063 1421 Inane
1080 1377 1165 1420 hoe
1187 1375 1355 1420 dictum
1379 1384 1459 1429 est,
1480 1374 1681 1419 inflatum
1704 1382 1748 1418 et

347 1450 514 1510 puerile
552 1460 594 1493 et
630 1449 864 1508 insipiens,
901 1457 944 1492 et
979 1446 1101 1507 quod
1137 1447 1268 1505 longe
1307 1446 1360 1490 sit
1384 1445 1557 1505 penitus
1593 1461 1615 1489 a
1644 1444 1748 1488 fidei

348 1531 508 1566 nostrae
542 1521 723 1564 ratione.
769 1522 885 1563 Iunc
908 1518 1022 1561 enim
1045 1526 1160 1561 recte
1182 1518 1266 1561 hoc
1286 1517 1450 1561 diceres
1465 1551 1475 1571 ‚
1507 1516 1543 1560 si
1571 1531 1650 1562 nos
1677 1515 1747 1559 di-

348 1607 544 1637 ceremus
570 1610 579 1636 2
607 1594 657 1635 In
688 1591 866 1635 nomine
891 1591 1048 1633 Donati
1076 1588 1283 1648 baptizati
1313 1602 1463 1632 sumus
1484 1606 1494 1631 ι
1519 1595 1620 1641 aut,
1658 1589 1746 1631 Do-

349 1671 478 1707 natus
510 1662 740 1706 crucifixus
775 1671 838 1705 est
877 1675 958 1720 pro
996 1659 1122 1704 nobis
1150 1678 1158 1704 ε
1184 1669 1260 1703 aut
1279 1693 1290 1712 ‚
1328 1661 1379 1702 In
1400 1667 1548 1703 nostro
1570 1656 1747 1702 nomine

350 1732 557 1791 baptizati
588 1747 752 1776 sumus.
778 1734 834 1775 At
857 1745 958 1775 cum
982 1730 1075 1774 haec
1109 1746 1132 1773 a
1165 1729 1291 1773 nobis
1318 1745 1399 1773 nec
1421 1728 1537 1773 dicta
1560 1727 1646 1772 sint
1666 1742 1747 1773 nec

351 1802 575 1856 dicantur,
601 1803 705 1861 quia
728 1801 912 1846 formam
943 1800 1102 1845 divinae
1134 1801 1358 1860 sequimur
1396 1798 1644 1855 Trinitatis3
1673 1806 1743 1852 te,

350 1875 428 1935 qui
458 1874 584 1918 nobis
606 1873 707 1917 talia
731 1873 908 1932 objiciS,
932 1880 1099 1916 eertum
1129 1880 1192 1915 est
1212 1870 1414 1914 insanire.
1446 1873 1536 1913 Aut
1561 1868 1594 1912 si
1620 1876 1746 1927 putas

349 1944 453 2004 quia
479 1944 525 1987 in
558 1945 744 1999 Donati,
776 1943 844 1987 vel
873 1945 918 1987 in
947 1951 1097 1987 nostro
1125 1941 1302 1985 nomine
1339 1939 1544 1999 baptizati
1571 1953 1742 1992 sumus,

349 2014 511 2059 falleris
543 2013 713 2073 perdite
733 2049 743 2069 ‚
784 2013 1003 2073 simulque
1031 2012 1086 2056 de
1120 2012 1245 2056 vobis
1274 2010 1478 2068 sacrilege
1516 2009 1745 2054 confitete-

350 2085 427 2139 ris,
452 2085 554 2144 quia
589 2099 667 2129 vos
699 2085 744 2128 in
774 2084 951 2128 nomine
985 2082 1206 2128 Caeciliani
1239 2082 1416 2127 miseros
1442 2080 1692 2141 inquinatis.
1721 2097 1742 2120 »

352 2156 457 2198 Haec
474 2154 709 2198 Petilianus
732 2164 883 2199 contra
905 2154 977 2197 illa
997 2168 1090 2197 mea
1114 2152 1359 2211 respondit,
1387 2167 1477 2196 non
1493 2149 1744 2204 intendens,

352 2224 420 2269 vel
445 2226 589 2283 potius
612 2241 668 2268 ne
692 2226 748 2268 ab
771 2225 918 2284 aliquo
943 2223 1198 2267 intendatur
1215 2258 1225 2278 ‚
1257 2223 1512 2280 obstrepens
1529 2255 1539 2275 ,
1566 2220 1747 2265 omnino

352 2294 463 2338 nihil
479 2309 523 2337 se
545 2294 839 2353 respondisse,
870 2292 991 2353 quod
1013 2293 1068 2337 ad
1092 2307 1181 2336 rem
1204 2292 1258 2336 de
1280 2308 1365 2352 qua
1391 2292 1532 2349 agitur
1553 2290 1747 2349 pertine·
1778 2287 1786 2290 ”

353 2374 433 2408 ret.
461 2365 566 2418 Quis
591 2365 706 2408 enim
725 2380 814 2409 non
834 2363 999 2418 videat,
1025 2363 1125 2407 ideo
1146 2364 1282 2421 magis
1304 2379 1328 2408 a,
1348 2362 1474 2407 nobis
1495 2370 1611 2406 recte
1635 2361 1747 2418 posi-

355 2443 447 2477 tum
474 2435 559 2479 hoc
586 2435 781 2494 Apostoli
815 2434 1138 2489 testimonium,
1164 2434 1266 2493 quia
1298 2449 1388 2478 non
1422 2447 1496 2477 vos
1528 2431 1668 2476 dicitis
1700 2431 1747 2474 in

351 2505 509 2547 Donati
537 2507 713 2549 nomine
744 2505 982 2565 baptizatos
1003 2539 1014 2561 ,
1058 2519 1200 2565 neque
1234 2507 1454 2550 Donatum
1489 2502 1742 2547 crucifixum

403 2594 412 2609 ¹
438 2598 450 2620 1
471 2590 542 2621 Cor.
569 2599 592 2629 ι,
615 2589 664 2621 13.
