1825 3264
342 211 424 249 192
763 221 796 247 s.
835 218 1064 247 Acecs'rnu
1098 219 1279 247 Emscom

339 294 428 330 teat
455 284 708 343 baptizator.
743 283 1002 328 Reddantur
1037 292 1182 327 autem
1217 282 1289 327 illa
1315 298 1414 343 quae
1447 297 1522 327 vos
1551 282 1693 327 dicitis
1713 317 1724 338 ,

339 365 444 400 tunc
457 355 547 414 jam
566 355 650 399 hoc
669 352 791 414 quod
809 353 911 398 inde
929 353 1090 414 pendet
1106 362 1149 397 et
1163 352 1391 411 religatum
1407 354 1619 413 sequitur,
1639 367 1728 398 non

339 441 361 469 a
389 440 458 469 me
487 424 635 469 sentiri
669 424 891 470 invenitur
908 459 918 478 ,
950 434 992 468 et
1013 423 1231 484 quidquid
1255 423 1358 467 maii
1380 424 1512 468 habet
1527 458 1538 479 ,
1564 424 1610 467 in
1631 439 1729 467 ves-

338 505 450 540 tram
485 495 744 540 sententiam
776 504 1069 556 retorquetur.
1108 498 1219 539 Item
1246 494 1349 539 tolle
1380 494 1500 554 quod
1539 494 1729 554 positum

338 575 402 611 est
429 585 437 611 :
468 585 487 608 «
518 566 561 611 Si
583 566 713 611 arbor
744 566 859 611 bona
893 567 1034 611 bonus
1072 566 1315 626 baptizator
1346 574 1438 621 est,
1479 574 1529 610 ut
1561 563 1731 610 fructus

339 638 430 698 ejus
449 636 590 681 bonus
608 637 661 681 sit
674 635 748 681 ille
768 652 899 697 quem
922 637 1220 696 baptizaverit,
1247 646 1289 681 et
1311 637 1344 680 si
1361 651 1461 680 cum
1480 634 1650 680 occulta
1668 644 1732 682 est

339 707 469 752 arbor
491 708 628 763 mala,
655 708 926 768 quicumque
948 708 1004 752 ab
1028 708 1100 753 illa
1126 708 1259 752 fuerit
1281 707 1542 767 baptizatus,
1569 722 1656 751 non
1677 707 1731 750 de

339 777 428 833 illa,
453 778 530 822 sed
544 778 599 823 de
619 778 794 824 Christo
810 779 1000 823 nascitur
1021 798 1030 824 ε
1054 797 1074 820 »
1101 778 1204 824 tolle
1221 778 1323 833 ista,
1347 794 1447 838 quae
1469 777 1672 836 cogimini
1689 785 1732 821 et

339 865 390 893 ex
413 859 552 894 vestra
573 859 688 895 secta
712 860 755 894 et
783 866 832 894 ex
854 850 1050 894 Petiliani
1077 851 1256 910 epistola
1277 850 1502 904 confiteri,
1524 858 1566 893 et
1586 863 1733 893 meum

340 919 422 964 erit
442 936 490 964 ac
516 921 624 964 mihi
649 920 957 979 imputandum
985 919 1096 965 illud
1127 922 1324 965 insanum
1355 920 1473 980 quod
1505 920 1700 980 sequitur
1723 937 1731 963 :

346 1009 365 1031 «
395 991 593 1035 Sanctius
609 991 903 1049 justificantur
925 991 1001 1050 qui
1022 991 1299 1050 baptizantur
1318 991 1372 1035 ab
1389 990 1570 1035 occultis
1589 988 1731 1043 malis,

340 1076 474 1120 quam
505 1062 582 1120 qui
616 1062 890 1120 baptizantur
926 1078 947 1106 a
990 1063 1229 1107 manifestis
1254 1063 1391 1108 bonis.
1423 1083 1439 1104 »
1477 1060 1628 1106 Redde
1665 1076 1736 1104 au-

342 1140 428 1175 tem
451 1131 523 1176 illa
547 1148 596 1176 ex
619 1133 777 1191 quibus
811 1134 894 1178 hoc
932 1133 1117 1193 pendet,
1154 1135 1365 1179 continuo
1388 1133 1552 1178 videbis
1588 1140 1632 1176 et·
1666 1147 1736 1175 me

340 1202 423 1246 hoc
455 1202 511 1246 ad
544 1218 620 1247 vos
652 1203 932 1263 corrigendos
965 1213 1080 1249 recte
1118 1205 1338 1264 posuisse,
1376 1214 1419 1249 et
1453 1213 1594 1249 totum
1615 1202 1737 1264 quod

340 1272 463 1316 vobis
485 1273 531 1316 in
553 1274 633 1319 hac
656 1275 869 1319 sententia
892 1275 1047 1320 merito
1069 1274 1290 1335 displicet,
1317 1276 1362 1320 in
1378 1285 1563 1321 vestram
1582 1273 1736 1319 faciem

340 1342 554 1387 recidisse.

399 1415 534 1457 LVII.
584 1413 770 1459 Proinde
789 1415 1163 1476 quemadmodum
1185 1416 1249 1461 illi
1270 1418 1346 1478 qui
1369 1416 1736 1461 resurrectionem

341 1493 615 1528 mortuorum
638 1485 875 1544 negabant,
897 1485 1020 1530 nullo
1044 1486 1176 1532 modo
1196 1503 1238 1531 se
1256 1487 1548 1532 defenderent
1567 1502 1590 1530 a
1607 1485 1736 1530 tantis

340 1553 464 1597 malis
487 1570 585 1615 quae
608 1555 664 1598 ad
689 1570 760 1599 eos
782 1556 1110 1615 redarguendos
1139 1558 1376 1602 connexuit
1401 1556 1635 1616 Apostolus
1667 1555 1735 1599 diu

341 1639 441 1668 cens
469 1643 476 1668 :
500 1627 680 1685 «Neque
705 1626 901 1671 Christus
920 1628 1154 1672 resurrexit
1174 1630 1204 1682 ¹,
1231 1646 1250 1668 »
1272 1637 1314 1672 et
1336 1626 1525 1672 nefanda
1542 1625 1737 1671 similiter

340 1704 510 1750 caetera,
531 1696 612 1740 nisi
628 1706 848 1742 mutarent
869 1699 1145 1754 sententiam,
1162 1709 1205 1743 et
1222 1699 1464 1744 faterentur
1487 1714 1575 1743 esse
1598 1713 1738 1742 resur-

343 1769 578 1811 rectionem
603 1777 879 1813 mortuorum
908 1789 915 1814 z
940 1770 998 1814 sic
1029 1771 1158 1814 etiam
1177 1786 1253 1816 vos
1281 1771 1315 1815 si
1351 1787 1440 1815 non
1462 1771 1593 1815 vultis
1615 1768 1737 1814 vobis

342 1837 547 1897 imputari
572 1838 691 1899 quod
714 1839 770 1883 ad
793 1856 868 1885 vos
902 1840 1224 1886 convincendos
1251 1850 1295 1885 et
1315 1841 1596 1900 corrigendos
1628 1840 1738 1885 dici-

344 1922 456 1963 mus,
485 1910 675 1954 sanctius
698 1911 925 1970 justificari
955 1928 1026 1956 eos
1056 1913 1133 1972 qui
1165 1912 1442 1971 baptizantur
1473 1913 1528 1956 ab
1558 1910 1738 1955 occultis
1804 1960 1807 1966 ,.

345 1979 483 2035 malis,
509 1996 642 2040 quam
671 1982 747 2042 qui
770 1982 1047 2042 baptizantur
1069 1999 1092 2027 a
1125 1982 1363 2027 manifestis
1386 1983 1510 2027 bonis
1537 2004 1547 2039 3
1571 1991 1738 2027 mutate

344 2052 603 2096 sententiam
624 2087 635 2107 ,
663 2061 705 2096 et
728 2068 880 2098 eorum
897 2070 1017 2113 spem
1036 2055 1112 2114 qui
1130 2054 1405 2114 baptizantur
1431 2053 1566 2099 nolite
1595 2054 1641 2096 in
1658 2053 1739 2097 ho·
1804 2095 1805 2116 ζ

344 2121 460 2164 mine
484 2137 659 2180 ponere.
683 2125 790 2169 Nam
810 2124 844 2168 si
876 2125 1037 2182 ponitis
1055 2160 1065 2180 ,
1088 2124 1232 2169 videte
1254 2125 1363 2185 quid
1385 2125 1526 2169 dicam
1544 2159 1554 2180 ,
1579 2138 1634 2167 ne
1656 2124 1738 2168 hoc
1803 2126 1805 2148 ³

346 2188 500 2249 aliquis
532 2192 692 2235 iterum
723 2194 994 2252 supprimat,
1022 2203 1064 2238 et
1087 2195 1202 2238 dicat
1224 2209 1293 2238 me
1319 2195 1500 2238 sensisse
1534 2193 1655 2253 quod
1684 2191 1738 2237 ad
1802 2246 1804 2252 7

347 2275 422 2304 vos
463 2261 783 2320 redarguendos
828 2264 1197 2323 corrigendosque
1235 2279 1545 2309 commemoro.
1585 2263 1739 2308 Videte
1800 2262 1804 2312 ε’

347 2329 451 2388 quid
471 2331 629 2386 dicam,
652 2332 769 2376 unde
796 2333 984 2391 pendeat
1005 2333 1124 2393 quod
1147 2332 1344 2379 dicturus
1367 2350 1464 2379 sum
1486 2354 1494 2379 z
1522 2334 1563 2379 Si
1587 2349 1738 2379 eorum
1802 2346 1803 2349 ’

348 2416 466 2460 spem
490 2403 566 2462 qui
595 2403 842 2463 baptizandi
866 2414 988 2458 sunt,
1012 2405 1057 2448 in
1089 2406 1265 2449 homine
1290 2422 1312 2450 a
1341 2422 1430 2466 quo
1463 2406 1738 2464 baptizantur
1800 2403 1808 2445 ?;

347 2473 506 2529 ponitis
519 2494 530 2530 3
543 2474 575 2517 si
590 2474 901 2534 baptizatorem
920 2476 1159 2532 hominem,
1177 2477 1287 2522 sicut
1300 2477 1467 2536 scripsit
1482 2476 1732 2530 PetilianuS,
1800 2467 1809 2498 ᾗ

399 2561 405 2578 ¹
432 2565 444 2587 1
466 2557 539 2590 Cor.
558 2567 611 2598 xv,
633 2558 682 2590 13.
