1825 3264
469 255 522 280 ne
559 253 740 282 UMTATE
773 256 985 284 Eccmsrln.
1336 251 1418 288 225

47 336 66 360 ,η
83 327 126 362 et
146 317 259 362 dabo
278 317 355 360 tibi
371 326 413 361 et
428 318 577 362 semini
596 328 672 363 tuo
689 334 864 364 omnem
886 330 1044 364 terram
1063 322 1174 366 hanc
1193 341 1201 366 :
1223 332 1265 367 et
1285 323 1418 367 bene-

48 406 68 429 »
85 387 284 432 dicentur
298 388 343 431 in
359 388 522 431 semine
540 398 616 434 tuo
637 405 786 434 omnes
805 400 952 449 gentes
973 400 1112 446 terrae,
1139 407 1216 451 pro
1240 394 1304 438 his
1321 409 1421 454 quae

48 475 68 498 »
84 457 310 502 obaudivit
330 457 549 502 Abraham
572 469 693 518 pater
710 469 810 504 tuus
833 475 984 505 vocem
1004 477 1161 517 meam,
1185 472 1227 507 et
1241 465 1424 509 servavit

48 537 299 587 »praecepta
322 544 440 583 mea,
468 540 512 573 et
542 530 730 590 justitias
752 545 883 586 meaS,
915 541 959 575 et
988 531 1184 590 legitima
1206 549 1300 578 mea
1330 537 1359 578 ¹.
1401 553 1420 576 »

45 601 319 658 Respondete
358 599 413 644 ad
444 600 538 645 ista.
573 603 726 646 Semen
748 602 910 662 quippe
933 603 1168 658 Abraham,
1195 604 1276 648 hoc
1309 604 1423 649 idem

45 684 193 714 semen
215 680 308 725 est,
345 681 388 715 et
409 673 541 727 Isaac,
567 671 686 732 quod
718 681 781 717 est
812 673 1022 718 Christus.
1049 676 1281 726 Quomodo
1310 676 1425 719 enim

0 732 1 763 ³
48 741 420 786 veneritChristus
437 758 487 786 cx
513 742 624 786 tribu
647 742 760 787 Juda
778 743 824 787 in
840 758 968 787 carne
989 758 1066 803 per
1088 745 1312 802 virginem,
1331 745 1427 805 quis

46 826 225 871 quoquo
245 811 378 856 modo
400 812 668 857 Christianus
690 813 860 871 ignorat
880 816 898 859 P
1234 805 1249 817 ⁶

106 883 232 925 XIII.
255 880 415 926 Audite
432 882 515 927 hoc
539 882 653 926 idem
672 892 979 928 testamentum
997 884 1051 929 ad
1066 886 1429 930 Jacob.«Etexiit

50 969 69 992 »
96 951 232 996 Jacob
251 967 274 995 a
297 961 430 1011 puteo
457 955 481 996 J
487 953 709 1008 urationis,
734 963 777 998 et
798 953 1019 1012 profectus
1040 955 1167 999 estin
1190 956 1397 1001 Charram
1415 991 1426 1011 ,

50 1039 70 1063 »
97 1030 139 1065 et
158 1021 332 1066 devenit
349 1023 395 1066 in
415 1022 559 1067 locum
575 1057 586 1079 ,
611 1033 655 1068 et
682 1023 886 1070 dormivit
904 1025 951 1069 in
972 1025 1070 1070 loco
1090 1025 1194 1082 illo,
1221 1027 1430 1086 quoniam

51 1109 71 1132 »
97 1091 197 1136 solis
219 1107 394 1137 occasus
412 1103 523 1138 erat:
541 1103 583 1137 et
605 1095 789 1153 sumpsit
807 1095 996 1154 lapidem
1019 1111 1069 1139 ex
1085 1095 1307 1154 lapidibus
1327 1097 1428 1151 loci,

51 1180 71 1203 »
97 1172 138 1206 et
157 1164 302 1222 posuit
319 1164 373 1208 ad
387 1173 519 1224 caput
541 1180 684 1218 suurn,
710 1174 753 1208 et
770 1165 976 1210 dormivit
992 1166 1036 1209 in
1058 1165 1155 1210 loco
1172 1166 1263 1211 illo.
1288 1170 1344 1211 Et
1366 1168 1431 1211 vi-

50 1250 71 1274 »
96 1248 190 1277 sum
214 1233 336 1289 vidit,
366 1244 409 1278 et
430 1250 528 1278 ecce
542 1234 654 1280 scala
669 1234 858 1279 stabilita
875 1251 1005 1294 super
1027 1245 1201 1292 terram,
1221 1239 1342 1297 cujus
1358 1253 1432 1282 ca-

51 1320 71 1343 »
97 1313 177 1362 put
200 1305 474 1363 pertingebat
501 1304 557 1348 ad
577 1304 736 1349 coelum
752 1339 762 1359 ,
791 1314 834 1348 et
857 1305 1013 1363 Angeli
1037 1307 1113 1349 Dei
1141 1307 1435 1351 ascendebant

51 1391 71 1414 »
96 1383 140 1418 et
151 1374 475 1419 descendebant
489 1390 565 1434 per
577 1374 692 1419 illam
706 1393 714 1419 :
730 1383 774 1418 et
785 1375 996 1419 Dominus
1010 1377 1294 1420 incumbebat
1307 1392 1435 1435 super

51 1461 72 1486 »
97 1443 232 1500 illam,
258 1454 301 1490 et
322 1444 450 1490 dixit:
476 1448 570 1504 Ego
585 1461 681 1490 sum
701 1446 909 1490 Dominus
931 1447 1044 1490 Deus
1056 1446 1277 1490 Abraham
1300 1447 1434 1505 patris

53 1532 73 1556 »
99 1515 179 1570 tui,
204 1524 248 1560 et
265 1519 377 1560 Deus
404 1519 520 1560 lsaac
547 1535 556 1560 ε
577 1516 675 1562 Noli
693 1516 871 1560 timere:
898 1525 1071 1570 terram,
1090 1517 1135 1560 in
1153 1533 1239 1576 qua
1258 1526 1306 1561 tu
1329 1517 1434 1562 dor-

54 1605 74 1628 »
101 1587 180 1630 mis
192 1602 320 1646 super
333 1602 444 1642 eam,
459 1587 538 1632 tibi
556 1587 670 1631 dabo
685 1602 779 1630 eam
797 1595 840 1630 et
856 1586 1009 1630 semini
1021 1595 1114 1630 tuo.
1128 1590 1183 1631 Et
1197 1588 1436 1631 eritsemen

55 1676 71 1698 »
101 1666 221 1700 tuum
245 1658 354 1700 sicut
376 1672 504 1701 arena
528 1666 669 1711 terrae,
697 1655 1125 1715 et'multiplicabitur
1144 1673 1273 1716 supra
1295 1672 1430 1711 mare,

54 1745 74 1767 »
99 1736 142 1770 et
163 1727 208 1769 in
226 1725 440 1782 Africum,
455 1735 497 1770 et
519 1728 563 1770 in
580 1725 861 1786 Aquilonem,
878 1735 921 1770 et
943 1725 997 1770 ad
1020 1727 1257 1771 Orientem.
1281 1730 1338 1772 Et
1359 1727 1437 1770 be-

55 1814 75 1837 »
101 1795 359 1840 nedicentur
381 1796 426 1839 in
454 1805 494 1840 te
516 1811 665 1840 omnes
689 1796 825 1840 tribus
848 1805 998 1850 terrae,
1023 1805 1067 1840 et
1089 1797 1133 1840 in
1155 1798 1319 1840 semine
1339 1806 1430 1840 tuo.

54 1884 74 1907 »
96 1869 261 1910 Etecce
271 1881 351 1925 ego
365 1881 461 1910 sum
482 1874 627 1909 tecum
644 1865 891 1910 custodiens
907 1875 948 1909 te
965 1866 1009 1909 in
1024 1865 1219 1910 omnivia
1229 1880 1438 1926 quacum·

55 1953 76 1977 »
103 1950 189 1996 que
209 1935 318 1991 this,
343 1945 387 1980 et
417 1935 623 1979 reducam
655 1944 696 1979 te
721 1936 766 1979 in
788 1944 947 1979 terram
981 1935 1118 1979 hanc:
1144 1936 1246 1994 quia
1274 1951 1364 1979 non
1396 1944 1438 1978 te

55 2024 77 2048 »
99 2005 418 2067 derelinquam,
443 2005 582 2051 donec
606 2004 759 2050 faciam
798 2005 943 2049 omnia
967 2020 1066 2064 quae
1088 2013 1231 2049 tecum
1265 2005 1437 2049 locutus

55 2095 75 2117 1·
103 2081 218 2122 sum²
245 2112 254 2120 .
279 2096 298 2118 »
324 2080 437 2121 Ecce
453 2077 529 2136 qui
553 2076 826 2136 promissioni
849 2074 1056 2129 resistitis,
1083 2090 1182 2119 ecce
1205 2090 1338 2134 quam
1360 2076 1436 2118 fir-

53 2163 175 2192 mum
200 2157 507 2192 testamentum
541 2147 712 2191 irritum
736 2145 890 2190 facitis.
923 2146 1036 2190 Dicit
1058 2148 1171 2189 Deus
1197 2165 1206 2189 :
1232 2164 1252 2187 «
1276 2148 1373 2191 Non
1396 2154 1438 2189 te

58 2236 78 2258 ν»
98 2218 396 2278 derelinquam
418 2252 429 2272 ,
453 2217 592 2262 donec
619 2217 777 2261 faciam
800 2216 945 2260 omnia
969 2231 1067 2276 quae
1091 2226 1234 2260 tecum
1268 2215 1439 2261 locutus

57 2305 193 2334 »sum
221 2309 230 2333 z
259 2308 278 2331 »
310 2298 354 2333 et
385 2304 460 2334 vos
493 2288 813 2342 contradicitis,
846 2288 1039 2332 dicentes
1061 2295 1111 2330 ut
1140 2287 1262 2332 vohis
1296 2287 1439 2345 potius

57 2359 516 2420 credamusquidquid
537 2360 729 2404 criminis
743 2358 926 2418 objicitis
944 2358 1094 2416 ignoto
1113 2367 1154 2401 et
1167 2359 1319 2415 ignaro
1343 2356 1436 2400 orbi

54 2440 266 2476 terrarum
285 2452 296 2487 3
319 2434 405 2474 Deo
427 2439 571 2474 autem
587 2429 749 2473 dicenti
777 2449 785 2472 2
811 2448 830 2470 «
856 2431 952 2474 Non
975 2427 1275 2486 derelinquam
1298 2427 1437 2471 donec

63 2523 79 2544 1»
107 2502 305 2560 faciam,»
332 2517 420 2544 non
437 2500 676 2544 credamus.

108 2595 113 2608 ¹
136 2589 202 2619 Gen
238 2597 325 2623 xxvr,
350 2586 422 2617 1-5.
439 2576 475 2608 ,j
494 2592 503 2607 ³
525 2585 570 2617 ld.
590 2594 699 2624 xxviii,
724 2593 838 2615 10—20.

248 2649 433 2679 cxxxix.
1208 2636 1253 2672 15
