1825 3264
299 248 382 288 496
413 234 417 238 ⁷
740 261 772 285 s.
809 255 1041 285 mausum
1075 256 1255 285 zmscom

298 325 589 370 dimitteretur
624 324 768 378 linea,
800 324 891 384 jam
915 339 1042 368 causa
1071 338 1180 383 quos
1212 323 1386 382 puniret
1424 323 1644 365 invenerat
1671 339 1680 364 z

297 394 400 440 illuc
422 409 574 438 eorum
604 402 813 453 tanquam
836 393 879 437 in
909 408 1080 454 asperos
1114 391 1316 452 scopulos
1344 391 1533 436 veridica
1565 390 1685 435 unda

297 463 507 523 naufraga
528 464 724 508 membra
741 464 1003 524 projecerat:
1031 478 1179 508 eorum
1198 462 1474 522 pereuntium
1487 461 1546 505 ibi
1563 469 1686 505 erant

299 535 444 580 littora
458 536 766 595 AEgyptiorum
789 536 986 595 exemplo
1008 535 1237 579 funeribus
1259 534 1430 594 plena¹‚
1451 548 1532 577 nec
1551 533 1685 592 ipsam

301 605 617 650 invenientium
650 605 917 666 sepulturam
948 624 955 650 :
998 606 1057 649 ibi
1081 621 1170 650 non
1207 604 1346 650 solum
1379 603 1686 649 Maximianum

300 677 402 722 fidei
426 676 633 721 aemulum
655 712 665 732 ‚
690 678 882 721 veritatis
904 676 1152 721 adulterum
1173 712 1183 731 ,
1208 675 1413 721 Ecclesiae
1435 676 1582 720 matris
1600 673 1687 717 ini-

300 747 488 802 micum,
516 747 668 791 Dathae
689 782 700 802 ,
726 747 869 792 Chore
890 782 900 801 ,
926 755 969 791 et
998 747 1165 791 Abiron
1203 746 1449 791 ministrum
1484 745 1539 789 de
1573 743 1689 804 pacis

303 819 465 877 gremio
501 820 729 863 sententiae
771 817 940 862 fulmen
977 827 1255 872 excusserat,
1284 833 1363 862 nec
1399 817 1538 861 solum
1576 829 1690 858 mors

298 891 415 950 justa
445 890 511 933 sui
539 889 709 934 sceleris
747 889 1097 943 condemnabat,
1133 888 1208 932 sed
1240 889 1367 932 etiam
1408 887 1611 931 trahebat·
1637 883 1691 928 ad

302 961 570 1005 consortium
593 960 784 1004 criminis
814 959 1024 1019 plurimos
1049 968 1200 1003 catena
1219 957 1428 1016 sacrilegii
1464 976 1472 1001 ;
1512 956 1572 1000 ibi
1603 964 1693 1000 erat

302 1045 519 1074 venenum
544 1029 742 1088 aspidum
764 1030 847 1074 sub
869 1030 995 1073 labiis
1020 1045 1169 1073 eorum
1195 1048 1202 1073 :
1225 1029 1286 1072 ibi
1312 1043 1461 1072 eorum
1482 1043 1528 1072 os
1555 1026 1692 1071 male-

302 1099 493 1145 dictione
514 1109 557 1144 et
579 1099 869 1144 amaritudine
883 1099 1063 1159 plenum
1076 1102 1113 1144 ²:
1134 1100 1194 1143 ibi
1212 1099 1381 1144 veloces
1397 1113 1548 1143 eorum
1563 1097 1693 1156 pedes

303 1171 357 1214 ad
392 1169 712 1214 effundendum
752 1170 1010 1229 sanguinem
1037 1189 1044 1214 :
1078 1170 1138 1214 ibi
1160 1170 1362 1214 contritio
1394 1178 1436 1213 et
1465 1167 1693 1212 infelicitas

303 1241 347 1285 in
375 1242 454 1285 viis
475 1257 626 1286 eorum
646 1276 656 1296 ‚
679 1250 722 1285 et
737 1241 852 1286 viam
878 1241 992 1300 pacis
1012 1256 1100 1286 non
1123 1240 1473 1300 cognoscebant,
1498 1253 1579 1283 nec
1604 1246 1695 1282 erat

303 1313 434 1356 timor
456 1313 535 1357 Dei
565 1322 666 1356 ante
697 1311 846 1357 oculos
884 1328 1034 1357 eorum
1063 1331 1071 1356 ε
1097 1312 1156 1356 ibi
1173 1311 1378 1371 jacebant
1400 1310 1595 1354 membra
1617 1309 1695 1352 ab-

303 1383 409 1427 scisa
429 1418 439 1437 ‚
465 1399 564 1443 quae
586 1383 788 1443 pestifera
816 1383 1004 1443 putredo
1027 1385 1084 1427 ita
1114 1391 1366 1442 corruperat
1388 1417 1398 1437 ‚
1424 1391 1474 1425 ut
1498 1380 1595 1440 plus
1616 1380 1696 1423 ha-

304 1452 426 1497 beret
447 1453 492 1497 in
515 1454 754 1498 abscisione
777 1454 997 1498 solaminis
1017 1489 1027 1508 ,
1054 1469 1186 1513 quam
1214 1454 1259 1496 in
1282 1452 1530 1496 remissione
1555 1448 1695 1493 medi-

303 1524 482 1568 caminis
507 1543 515 1568 :
545 1524 601 1568 ibi
622 1534 746 1569 erant
769 1523 923 1569 famosi
945 1525 1136 1569 criminis
1161 1524 1221 1567 rei
1245 1523 1520 1567 Victorianus
1538 1523 1697 1566 Carca-

306 1594 551 1649 bianensis,
596 1614 614 1635 »
653 1605 697 1639 et
738 1598 881 1640 caeteri
917 1612 1015 1640 cum
1052 1596 1133 1639 isto
1168 1595 1399 1640 duodecim
1421 1629 1431 1648 ‚
1455 1594 1568 1638 inter
1588 1607 1697 1653 quos

309 1667 595 1708 Praetextatus
616 1667 896 1709 Assuritanus
914 1701 925 1720 ⁷
952 1675 995 1709 et
1024 1665 1270 1710 Felicianus
1303 1665 1567 1709 Mustitanus
1592 1699 1602 1718 ‚
1643 1662 1698 1707 de

309 1735 467 1794 quibus
490 1735 671 1793 receptis
690 1736 855 1794 agimus
877 1770 887 1790 ,
913 1736 987 1795 qui
1019 1736 1222 1781 eumdem
1246 1736 1558 1780 Maximianum
1583 1749 1695 1794 prae-

307 1815 448 1851 sentes
473 1806 796 1861 ordinaverant,
821 1808 905 1852 hoc
927 1816 1005 1860 est,
1038 1827 1054 1846 «
1089 1806 1263 1851 funesto
1284 1822 1414 1866 opere
1445 1805 1698 1866 perditionis

309 1891 382 1919 vas
403 1876 626 1920 sordidum
645 1876 825 1921 collecta
849 1876 1104 1921 foeculentia
1122 1877 1458 1935 glutinaverant,
1481 1876 1557 1920 ubi
1577 1884 1698 1920 tanto

309 1945 490 1991 facinori
513 1956 722 2007 tanquam
748 1946 900 1992 illicito
922 1948 1107 1993 incestui
1125 1947 1556 2006 clericiCarthaginis
1578 1945 1699 1990 leno-

309 2017 471 2060 cinium
514 2018 813 2077 praebuerunt.
865 2039 880 2058 »
927 2018 1049 2062 Tales
1092 2017 1280 2062 ministri
1330 2026 1699 2062 sacramentorum

310 2085 508 2132 nondum
532 2088 742 2142 correcti,
770 2087 967 2132 nondum
1003 2087 1127 2132 vobis
1160 2087 1318 2131 redditi
1340 2103 1388 2132 ac
1411 2087 1626 2142 restituti,
1654 2087 1698 2130 in

310 2157 538 2201 schismate
572 2158 824 2202 Maximiani
849 2158 1172 2218 baptizaverant
1194 2177 1201 2202 :
1229 2167 1325 2217 post
1347 2158 1453 2202 tales
1482 2157 1701 2201 ministros

311 2238 678 2273 sacramentorum
703 2239 933 2284 correctos,
960 2229 1166 2283 redditos,
1194 2229 1429 2283 restitutOS,
1454 2228 1582 2272 vestri
1611 2242 1699 2271 non

311 2297 706 2357 rebaptizaverunt.

371 2371 579 2413 XXXIX.
606 2369 717 2422 Quid
748 2368 838 2414 sola
861 2370 904 2413 in
932 2369 1057 2413 vobis
1080 2368 1285 2429 praevalet
1306 2369 1583 2413 animositas?
1605 2366 1699 2412 Ali-

313 2437 490 2497 quando
524 2439 776 2483 attendatur
795 2474 806 2494 ,
840 2439 1077 2499 aliquando
1101 2439 1302 2483 audiatur
1323 2449 1366 2484 et
1388 2440 1559 2483 veritas.
1586 2436 1700 2491 Quid

314 2508 568 2567 injiciuntur
596 2510 856 2554 inanissimae
878 2509 1052 2554 nebulae
1076 2510 1295 2555 dilationis
1317 2509 1429 2554 datae
1447 2512 1465 2554 ἱ)
1486 2512 1580 2556 Non
1599 2509 1699 2569 ipsis

365 2598 371 2614 ¹
393 2594 490 2626 Exod.
513 2605 578 2635 xiv,
600 2596 704 2628 31.—
719 2603 730 2619 ²
750 2596 828 2628 Psal·
849 2607 915 2633 xm»
937 2596 967 2628 3·
