1825 3264
508 255 561 280 nr:
595 252 780 280 erTATE
813 253 1026 279 Eccttsm.
1376 242 1459 278 217

85 330 171 365 tam
188 318 346 363 invicta
363 318 433 373 sit,
448 318 611 362 etiamsi
635 316 739 361 salsa
761 332 850 361 esse
872 333 971 376 quae
993 318 1036 360 in
1053 316 1266 376 quosdam
1288 315 1464 361 illorum

83 389 266 434 dicimus
283 423 294 443 ,
329 397 372 432 et
394 403 493 432 vera
518 403 607 432 esse
640 404 738 447 quae
761 389 805 431 in
827 388 1036 446 quosdam
1065 397 1260 431 nostrum
1284 387 1461 442 dicunt,

83 460 213 506 hodie
235 474 562 518 cognoscamus,
579 458 685 519 quid
708 458 870 502 habent
890 459 1010 518 quod
1031 459 1320 518 respondeant
1339 480 1350 516 3
1376 460 1464 503 sive

82 529 155 575 illa
178 531 321 590 potius
353 545 453 575 vera
480 530 565 574 sint
596 545 694 589 quae
729 544 806 573 nos
839 527 1045 582 dicimus,
1070 537 1113 572 et
1136 526 1240 573 falsa
1269 545 1368 589 quae
1395 528 1464 573 di-

80 609 214 656 cunt,
238 600 326 644 sive
360 609 546 660 utraque
577 599 683 643 falsa
715 599 828 653 sint,
868 598 957 642 sive
989 607 1175 658 utraque
1202 613 1302 642 vera
1340 599 1462 656 sint3

80 670 437 730 quandoquidem
461 680 504 714 et
534 670 614 729 ipsi
636 670 874 714 vincuntur
903 669 994 724 ibi,
1029 668 1149 729 quod
1181 668 1322 713 solum
1355 670 1466 714 votis

79 741 282 786 omnibus
304 741 386 785 sibi
403 750 452 785 ut
473 740 675 785 credatur
690 748 898 799 exoptant
919 741 936 781 ’ἲ

138 814 191 855 V.
221 810 305 857 Sed
327 821 376 856 ut
400 812 544 856 dicere
565 827 800 871 coeperam,
827 826 917 856 non
939 809 1184 865 audiamus,
1211 812 1315 854 Haec
1342 809 1464 866 dicis,

78 881 174 927 brec
195 881 293 927 dico
317 901 326 928 z
351 882 428 927 sed
442 883 671 927 audiamus
693 901 701 927 :
723 884 827 926 Haec
844 881 951 926 dicit
973 881 1198 926 Dominus.
1221 882 1332 926 Sunt
1353 889 1468 924 certe

79 950 180 996 libri
200 953 434 1007 Dominici,
457 968 645 1013 quorum
673 953 921 997 auctoritati
944 953 1121 1013 utrique
1142 951 1438 996 consentimus
1455 985 1466 1006 ,

80 1024 257 1083 utrique
274 1023 469 1069 cedimus
484 1059 495 1080 ,
521 1025 697 1084 utrique
713 1024 941 1069 servimus:
968 1023 1029 1067 ibi
1050 1038 1296 1084 quaeramus
1319 1022 1470 1067 Eccle-

78 1094 183 1138 siam
203 1129 214 1149 ,
239 1095 299 1138 ibi
330 1094 610 1140 discutiamus
636 1111 808 1140 causam
839 1104 1045 1140 nostram.
1074 1095 1152 1138 Hic
1175 1094 1288 1139 forte
1309 1094 1470 1138 dicturi

78 1176 178 1208 sunt
198 1199 208 1219 ,
235 1164 351 1217 Quid
373 1167 529 1225 quaeris
552 1166 596 1209 in
618 1165 738 1209 libris
755 1200 766 1220 ,
792 1181 902 1225 quos
924 1165 1098 1224 ignibus
1121 1164 1335 1209 tradidisti
1355 1166 1372 1209 Ρ
1401 1163 1470 1209 Ad

78 1235 161 1280 hoc
195 1236 436 1295 respondeo
463 1256 471 1281 z
499 1236 608 1290 Quid
647 1237 772 1280 times
794 1252 847 1280 ne
872 1236 1073 1294 legantur
1096 1236 1165 1280 isti
1186 1236 1316 1290 libri,
1345 1236 1378 1279 si
1400 1250 1472 1279 eos

79 1306 133 1350 ab
155 1306 329 1365 ignibus
347 1307 594 1351 custodistis
616 1308 634 1350 Ξ)
658 1309 743 1351 Εο5
765 1315 881 1350 certe
910 1305 984 1349 ille
1005 1305 1232 1350 tradidisse
1253 1305 1470 1359 credatur,

76 1378 153 1437 qui
174 1378 232 1421 eis
253 1377 374 1422 lectis
396 1393 485 1422 non
514 1378 761 1422 consentire
784 1377 1075 1421 convincitur.
1103 1381 1192 1421 Aut
1214 1377 1248 1420 si
1265 1376 1383 1420 forte
1404 1375 1474 1419 isti

78 1447 197 1492 Libri
220 1448 277 1492 ita
300 1448 531 1508 designant
554 1447 806 1493 traditorem
830 1463 975 1502 suum,
998 1448 1110 1493 sicut
1128 1447 1370 1506 designavit
1387 1450 1474 1490 Do-

80 1519 222 1563 minus
264 1518 422 1563 ,ludam
450 1539 459 1564 ι
491 1520 641 1578 legant
673 1520 718 1563 in
755 1520 813 1563 eis
836 1519 1090 1564 nominatim
1114 1528 1157 1562 et
1190 1532 1386 1577 expresse
1407 1515 1477 1561 vel

79 1589 361 1633 Caecilianum
392 1589 461 1633 vel
489 1589 759 1633 ordinatores
793 1591 883 1649 ejus
902 1624 912 1644 ,
955 1588 1209 1633 corumdem
1245 1589 1477 1632 Librorum

80 1658 252 1702 futuros
272 1659 401 1702 fuisse
422 1660 673 1713 traditores,
700 1659 780 1703 etsi
810 1675 899 1703 non
931 1673 1003 1703 eos
1027 1659 1474 1711 anathematizavero,

80 1728 171 1788 ipse
186 1744 284 1773 cum
305 1730 364 1772 eis
379 1729 551 1789 Judicer
566 1729 808 1774 tradidisse.
835 1728 920 1774 Sed
941 1744 1084 1788 neque
1100 1744 1178 1773 nos
1201 1729 1245 1772 in
1262 1728 1320 1772 eis
1336 1728 1477 1771 Libris

80 1799 323 1844 invenimus
338 1801 539 1860 Majorini
555 1801 827 1845 ordinatores
850 1799 1094 1857 designatos
1118 1815 1207 1844 esse
1230 1798 1474 1853 traditores,

81 1871 277 1929 quamvis
307 1871 400 1915 haec
418 1870 594 1915 aliunde
624 1872 870 1915 recitamus.
900 1869 1169 1915 Auferantur
1195 1886 1298 1929 ergo
1320 1869 1393 1912 illa
1424 1868 1479 1912 de

82 1940 240 1994 medio,
270 1957 368 2000 quae
383 1942 587 1986 adversus
611 1957 688 1986 nos
707 1942 912 1995 invicem,
936 1957 1025 1985 non
1048 1958 1100 1985 ex
1123 1941 1279 1985 divinis
1296 1940 1478 1984 canoni-

83 2011 142 2054 cis
165 2011 320 2064 Libris,
341 2011 417 2054 sed
440 2011 618 2055 aliunde
642 2012 889 2056 recitemus.
916 2011 1047 2063 Quod
1069 2011 1102 2054 si
1122 2011 1263 2055 nolint
1283 2020 1331 2054 ut
1352 2008 1477 2053 aufe-

84 2089 252 2134 rantur,
279 2080 455 2124 videant
481 2082 582 2140 quia
609 2090 652 2124 et
677 2082 709 2124 si
738 2090 923 2139 utraque
945 2095 1045 2123 vera
1077 2089 1208 2135 sunt,
1242 2077 1362 2124 nulla
1395 2079 1480 2123 fuit

85 2165 211 2194 causa
223 2151 504 2208 separationis
523 2150 714 2205 illorum,
729 2160 778 2194 ut
795 2165 867 2194 eos
884 2149 1085 2208 fugerent
1097 2165 1206 2209 quos
1228 2149 1450 2193 habebant
1467 2168 1476 2193 :

86 2230 127 2265 et
149 2221 182 2264 si
208 2229 391 2280 utraque
415 2221 520 2266 falsa
540 2231 657 2276 sunt,
679 2221 800 2266 nulla
823 2222 907 2265 fuit
930 2236 1058 2266 causa
1081 2221 1360 2280 separationis
1377 2220 1478 2265 illo-

85 2307 183 2335 rum
206 2301 254 2335 ut
284 2307 355 2336 cos
378 2291 581 2350 fugerent
605 2308 715 2352 quos
744 2293 789 2335 in
813 2291 936 2337 nullo
959 2292 1140 2336 crimine
1160 2291 1436 2351 reperiebant
1467 2310 1475 2334 :

87 2362 164 2405 etsi
187 2370 331 2405 nostra
361 2377 460 2405 vera
482 2397 492 2415 ,
529 2361 705 2406 illorum
742 2371 887 2406 autem
929 2361 1033 2406 falsa
1065 2371 1202 2417 sunt,
1238 2360 1357 2404 nulla
1398 2360 1480 2404 fuit

87 2446 214 2475 causa
230 2431 508 2488 separationis
529 2430 720 2485 illorum,
741 2432 843 2491 quia
866 2433 1008 2490 potius
1025 2446 1069 2475 se
1085 2431 1320 2488 corrigere,
1348 2438 1479 2489 atque

88 2501 133 2544 in
156 2502 320 2544 unitate
342 2516 594 2559 permanere
615 2502 857 2546 debebant:
879 2512 921 2546 et
943 2503 974 2546 si
997 2510 1143 2546 nostra
1167 2500 1272 2544 falsa
1290 2509 1408 2555 sunt,
1435 2509 1479 2544 et

92 2569 265 2614 illorum
295 2586 395 2615 vera
418 2580 544 2624 sunt,
569 2570 689 2616 nulla
710 2570 794 2614 fuit
817 2586 944 2616 causa
978 2570 1256 2630 separationis
1283 2568 1474 2624 illorum,
