1825 3264
329 267 493 297 CONTRA
525 266 728 296 errnus
761 268 994 307 rna-irum,
1029 271 1113 298 Lm.
1149 271 1197 297 11.
1406 258 1458 297 11

76 337 298 384 hominem
320 336 396 397 qui
418 335 600 380 tradidit
617 335 864 391 Christum,
894 345 937 380 et
955 351 1044 381 non
1063 337 1123 381 ibi
1144 335 1366 381 attendisti
1392 352 1465 381 or-

74 409 177 454 bem
194 423 273 468 pro
288 423 378 468 quo
393 415 458 452 est
469 407 654 452 traditus
665 407 891 452 Christus?
907 407 1011 460 Quis
1029 407 1207 452 tradidit
1217 408 1465 453 Christum?

75 479 228 524 Judas.
261 479 433 532 Quibus
462 492 564 522 eum
602 476 812 522 tradidit?
845 480 868 522 J
874 476 1024 522 udaeis.
1060 478 1178 531 Quid
1209 479 1246 522 ei
1267 477 1465 524 fecerunt

75 550 243 595 Judaei?
269 567 289 592 ι(
311 549 559 605 Foderunt,
585 549 730 608 inquit
747 583 759 603 ‚
780 564 934 593 manus
955 564 1072 593 meas
1100 558 1143 592 et
1165 549 1311 608 pedes,
1332 549 1466 594 dinu-

75 639 97 663 »
133 629 414 666 met-averunt
435 620 580 666 omnia
597 635 689 664 ossa
705 634 802 664 mea
824 639 833 664 ε
858 620 938 680 ipsi
961 635 1064 665 vero
1080 619 1466 666 consideraverunt

76 710 98 734 »
132 701 177 736 et
197 700 519 751 conspexerunt
535 706 622 746 me,
642 690 883 736 diviserunt
904 691 985 735 sibi
1006 691 1264 735 vestimenta
1287 706 1399 746 mea,
1424 702 1467 736 et

75 781 96 806 n
132 778 262 823 super
277 763 588 809 vestimentum
601 778 750 806 meum
774 763 987 807 miserunt
1007 772 1182 807 sortem.
1203 781 1223 804 »
1242 765 1467 816 Quantum

73 834 131 880 sit
151 849 253 893 ergo
274 836 397 896 quod
430 843 553 879 tanto
588 834 728 893 pretio
762 843 958 894 emptum
989 843 1080 889 est,
1107 834 1153 878 in
1184 833 1355 878 Psalmo
1375 835 1469 894 ipso

73 906 209 967 paulo
242 915 341 966 post
381 905 492 966 lege.
521 925 542 948 «
572 906 1048 951 Commemorabuntur
1083 914 1127 949 et
1158 914 1469 950 convertentur

74 994 96 1019 >1
132 976 189 1021 ad
201 977 436 1021 Dominum
450 976 640 1021 universi
661 977 769 1021 fines
787 986 912 1021 terrae
928 997 939 1033 3
959 985 1003 1020 et
1017 975 1265 1021 adorabunt
1285 976 1331 1019 in
1346 991 1468 1021 cons-

75 1064 97 1089 »
131 1056 262 1107 pectu
284 1048 376 1108 ejus
399 1048 614 1091 universae
632 1048 782 1107 patriae
801 1048 998 1107 gentium
1020 1066 1030 1092 ι
1059 1047 1268 1108 quoniam
1291 1048 1466 1091 Domini

80 1137 100 1160 »
134 1126 198 1161 est
214 1132 416 1176 regnum,
442 1126 484 1161 et
505 1118 595 1176 ipse
617 1117 917 1162 dominabitur
939 1118 1135 1175 gentium
1155 1120 1185 1160 1.
1214 1136 1233 1158 »
1260 1119 1365 1171 Quis
1387 1133 1468 1162 au-

75 1195 166 1232 tem
199 1195 342 1246 potest
371 1186 427 1231 ad
453 1188 837 1232 commemoranda
860 1197 1015 1232 caetera
1043 1187 1099 1231 de
1121 1187 1225 1232 orbe
1247 1188 1468 1232 credituro

72 1257 407 1302 innumerabilia
444 1259 699 1317 prophetica
734 1259 1003 1303 documenta
1037 1259 1264 1303 sufficere?
1304 1259 1388 1305 Sed
1421 1270 1467 1304 tu

70 1327 222 1373 laudas
244 1327 536 1388 prophetiam,
561 1329 664 1388 quia
686 1328 806 1373 vides
828 1329 875 1373 in
897 1344 946 1373 ea
976 1330 1200 1373 hominem
1223 1330 1298 1389 qui
1321 1329 1466 1374 vindi-

71 1397 137 1443 dit
171 1398 419 1454 Christum,
450 1414 532 1444 nec
552 1399 600 1443 in
624 1414 673 1444 ea
700 1399 819 1444 vides
840 1400 1152 1459 possessionem
1169 1435 1180 1455 ,
1205 1415 1341 1460 quam
1364 1401 1468 1445 emit

36 1501 41 1506 -
71 1469 277 1515 venditus
294 1469 506 1515 Christus.
532 1473 646 1515 Ecce
668 1470 802 1515 altera
824 1471 1014 1526 vanitas,
1033 1470 1136 1515 audi
1157 1472 1345 1517 tertiam.

130 1542 230 1585 XX.
267 1543 386 1585 Inter
409 1541 546 1585 multa
566 1550 654 1586 tuae
676 1542 932 1587 invectionis
949 1542 1084 1587 verba
1101 1542 1262 1587 dixisti:
1293 1562 1314 1585 «
1334 1543 1376 1588 Si
1391 1543 1468 1587 ho-

72 1611 201 1656 minis
220 1612 381 1656 mortui
398 1621 707 1657 testamentum
727 1613 912 1658 flammis
930 1613 1200 1668 incendereS‚
1219 1629 1367 1658 nonne
1384 1613 1468 1658 fal-

72 1682 206 1727 sarius
228 1682 464 1742 punireris?
492 1683 609 1737 Quid
631 1683 686 1728 de
709 1693 751 1728 te
773 1699 874 1743 ergo
904 1684 1107 1729 futurum
1130 1694 1209 1739 est,
1234 1685 1313 1744 qui
1338 1700 1466 1729 sanc-

72 1753 280 1798 tissimam
303 1754 443 1812 legem
474 1756 551 1800 Dei
567 1756 727 1815 judicis
755 1755 1017 1802 incendisti?
1041 1777 1058 1798 »
1087 1759 1190 1800 Haec
1213 1755 1360 1800 dicens
1378 1772 1468 1800 non

73 1825 320 1880 attendisti,
358 1826 475 1886 quod
513 1835 555 1870 te
590 1827 742 1887 utique
780 1842 956 1872 movere
998 1826 1202 1881 deberet,
1240 1827 1467 1887 quomodo

74 1895 168 1939 fieri
187 1905 329 1954 posset
348 1932 360 1952 ,
387 1906 438 1941 ut
459 1912 538 1942 nos
567 1906 876 1954 testamentum
906 1897 1259 1952 incenderemus,
1286 1907 1329 1941 et
1350 1898 1395 1941 in
1418 1913 1466 1942 ea

20 1966 41 2016 N
73 1967 329 2012 haereditate
349 1969 700 2025 consisteremus,
722 1986 823 2030 quae
840 1969 916 2014 illo
938 1979 1199 2014 testamento
1221 1970 1464 2028 conscripta

75 2045 138 2081 est
157 2056 166 2081 ε
187 2053 264 2082 vos
285 2048 434 2082 autem
449 2039 611 2083 mirum
634 2049 698 2083 est
719 2049 1031 2084 testamentum
1048 2055 1251 2094 servasse,
1271 2049 1314 2083 et
1327 2041 1466 2084 haere-

76 2106 257 2151 ditatem
274 2107 526 2167 perdidisse.
552 2111 708 2154 Nonne
732 2110 778 2154 in
791 2126 843 2155 eo
858 2113 891 2154 T
894 2119 1133 2155 estamento
1147 2111 1356 2169 scriptum
1374 2120 1462 2156 est:

80 2195 101 2220 α
135 2177 311 2223 Postula
332 2195 355 2223 a
373 2195 459 2235 me,
483 2188 527 2224 et
543 2179 661 2225 dabo
677 2181 758 2225 tibi
776 2190 925 2241 gentes
938 2182 1235 2226 haereditatem
1255 2192 1373 2227 tuam
1390 2218 1401 2237 ,
1423 2192 1466 2227 et

81 2267 101 2290 »
135 2249 445 2308 possessionem
467 2259 589 2295 tuam
610 2252 819 2297 terminos
841 2262 967 2297 terrae
981 2255 1024 2295 ²?
1049 2272 1068 2294 »
1094 2253 1204 2298 Huic
1222 2254 1464 2298 haereditati

77 2322 373 2376 communica,
407 2330 452 2365 et
473 2322 612 2382 objice
649 2323 755 2366 mihi
778 2324 832 2367 de
871 2327 1142 2369 Testamento
1179 2324 1301 2384 quod
1327 2325 1459 2369 voleS.

77 2393 187 2437 Nam
208 2407 309 2452 quae
329 2392 549 2437 dementia
568 2403 647 2449 est,
669 2393 768 2439 ideo
781 2397 1106 2440 Testamentum
1128 2397 1297 2440 tradere
1319 2406 1360 2440 te
1381 2412 1464 2440 no·-

79 2461 209 2506 luisse
230 2462 433 2517 flammis,
458 2473 508 2508 ut
529 2473 681 2509 contra
707 2467 841 2509 verba
859 2464 1000 2525 litiges
1018 2467 1258 2510 testatoris?
1278 2469 1364 2512 Nos
1384 2483 1464 2511 au-

80 2541 170 2577 tem
192 2548 292 2577 cum
314 2533 552 2580 habeamus
567 2536 613 2579 in
634 2537 836 2583 manibus
851 2538 979 2582 Gesta
1002 2537 1282 2583 ecclesiastica
1300 2548 1344 2583 et
1370 2554 1461 2583 mu-

129 2619 141 2639 ¹
158 2618 240 2650 Psal.
258 2629 323 2661 xxi,
343 2627 457 2663 17-29.
477 2636 518 2644 —·
534 2627 546 2643 ²
565 2620 664 2662 1d.u‚
681 2620 713 2653 8.
