1825 3264
336 265 420 306 346
773 273 805 304 s.
841 274 923 304 ure
930 277 1071 304 trs-rrm
1104 276 1285 305 nmscom

344 341 418 387 sed
447 357 468 385 a
497 356 586 401 quo
604 350 761 385 creata.
782 341 952 394 Quibus
972 341 1004 385 si
1021 341 1134 384 male
1149 341 1214 384 uti
1232 341 1434 396 voluerit,
1455 357 1507 386 eo
1529 343 1621 402 ipso
1637 359 1729 388 ma-

343 412 411 456 lus
449 413 515 468 fit,
551 413 672 472 quod
704 413 954 457 Creatorem
992 412 1047 455 dc
1078 411 1203 456 bonis
1225 413 1318 471 ejus
1343 413 1527 458 offendit
1554 432 1563 458 :
1588 415 1622 457 si
1647 428 1729 458 au·

334 491 420 526 tem
444 482 560 526 bene
582 483 648 526 uti
668 483 869 542 coeperit,
895 497 939 526 se
970 482 1174 540 corriget,
1200 497 1290 526 non
1311 482 1383 526 illa
1406 483 1608 527 mutabit.

396 554 524 596 XllI.
571 555 625 596 Et
661 551 716 595 de
745 552 955 612 episcopis
982 551 1161 611 quidem
1185 550 1253 596 vel
1284 551 1449 596 clericis
1474 551 1731 612 recipiendis

336 621 419 666 alia
442 622 628 681 quaestio
644 631 720 666 est.
747 623 951 675 Quamvis
971 623 1084 665 enim
1108 637 1207 666 cum
1230 621 1347 681 apud
1363 638 1438 667 vos
1453 621 1726 678 ordinantur,

335 708 423 737 non
446 708 575 752 super
596 708 667 737 eos
699 693 929 737 invocetur
951 708 1112 737 nomen
1139 693 1316 748 Donati,
1343 692 1417 737 sed
1446 694 1521 738 Dei
1548 712 1557 738 :
1584 702 1730 737 tamen

331 763 388 807 ita
411 763 726 823 suscipiuntur,
752 773 802 808 ut
820 762 995 808 videtur
1018 763 1116 822 paci
1137 772 1180 807 et
1209 763 1385 808 utilitati
1401 763 1607 808 Ecclesiae
1624 778 1731 808 con-

332 834 495 878 venire.
533 837 684 894 Neque
721 835 838 878 enim
877 834 1067 893 episcopi
1103 843 1282 894 propter
1324 849 1402 878 nos
1440 849 1590 878 sumus
1607 868 1618 887 ‚
1655 833 1730 878 sed

332 913 508 963 propter
537 920 609 949 eos
639 905 799 964 quibus
825 905 1008 949 verbum
1036 914 1079 949 et
1101 913 1419 949 sacramentum
1452 905 1730 949 Dominicum.

331 975 622 1019 ministramus
646 995 654 1019 :
689 991 737 1019 ac
764 990 840 1034 per
865 976 949 1019 hoc
972 983 1022 1018 ut
1045 990 1196 1019 eorum
1231 975 1322 1018 sine
1342 973 1546 1019 scandalo
1569 974 1730 1033 guber·
1764 1018 1770 1027 ,

331 1046 575 1088 nandorum
600 1060 690 1088 sese
712 1045 942 1089 necessitas
964 1044 1129 1099 tulerit,
1151 1046 1209 1089 ita
1230 1044 1300 1089 vel
1317 1060 1423 1099 esse,
1442 1044 1511 1089 vel
1532 1059 1621 1089 non
1643 1059 1732 1089 esse

331 1114 557 1170 debemus,
583 1115 704 1175 quod
728 1131 815 1160 non
832 1125 1008 1175 propter
1022 1131 1116 1169 nos,
1144 1115 1221 1160 sed
1243 1125 1423 1175 propter
1440 1116 1545 1160 alios
1565 1130 1727 1160 sumus.

332 1185 527 1245 Denique
555 1184 756 1230 nonnulli
777 1194 923 1229 sancta
950 1185 1196 1229 humilitate
1217 1184 1391 1244 praediti
1414 1185 1523 1239 viri,
1553 1194 1732 1244 propter

330 1254 531 1314 quaedam
555 1256 599 1299 in
625 1271 669 1299 se
693 1255 975 1310 offendicula,
996 1256 1156 1315 quibus
1181 1256 1253 1315 pie
1276 1255 1562 1316 religioseque
1580 1270 1726 1300 move-

331 1325 508 1379 bantur,
523 1326 794 1384 episcopatus
813 1326 1008 1370 ossicium
1033 1341 1123 1370 non
1145 1325 1286 1370 solum
1310 1327 1401 1370 sine
1417 1327 1562 1384 culpa,
1578 1340 1730 1370 verum

332 1397 459 1439 etiam
484 1411 584 1439 cum
608 1397 737 1440 laude
761 1405 1015 1456 posuerunt.
1043 1397 1270 1457 Numquid
1291 1398 1352 1441 sic
1378 1397 1506 1441 etiam
1530 1397 1731 1442 christia-

332 1481 439 1508 num
463 1481 622 1510 nomen
641 1476 683 1510 et
706 1467 836 1510 fidem
860 1466 1144 1511 laudabiliter
1166 1502 1176 1521 ‚
1205 1482 1253 1510 ac
1276 1482 1365 1511 non
1386 1467 1529 1526 potius
1549 1467 1732 1511 damna-

332 1535 477 1580 biliter
508 1546 723 1596 ponerent
755 1539 772 1580 P
804 1540 925 1582 Sicut
952 1538 996 1580 in
1027 1536 1285 1596 accipiendis
1313 1538 1379 1581 his
1403 1537 1531 1581 rebus
1552 1545 1733 1596 possunt

331 1622 420 1650 csse
437 1609 567 1667 justae
591 1623 744 1662 causae,
765 1623 841 1651 cur
861 1618 1035 1651 excuset
1054 1608 1238 1667 quisque
1258 1608 1350 1651 fieri
1373 1607 1627 1667 episcopus3
1651 1622 1731 1651 nec

332 1686 476 1721 tamen
492 1678 686 1721 similiter
703 1687 842 1737 potest
861 1678 948 1722 ulla
972 1694 1098 1722 causa
1122 1680 1339 1739 essejusta
1353 1713 1363 1732 ‚
1391 1694 1469 1723 cur
1485 1678 1580 1739 quis
1603 1693 1732 1723 excu-

331 1757 394 1792 set
416 1748 508 1791 fieri
524 1749 810 1793 Christianus.
828 1749 943 1802 Quid
965 1750 1041 1798 ita,
1061 1749 1141 1792 nisi
1160 1750 1260 1807 quia
1283 1749 1374 1793 sine
1391 1750 1644 1809 episcopatu
1660 1749 1730 1794 vel

331 1817 537 1862 clericatu
556 1818 659 1862 salvi
681 1834 770 1863 esse
784 1833 1030 1878 possumus,
1043 1818 1135 1862 sine
1150 1819 1385 1863 christiana
1403 1834 1506 1864 vero
1522 1819 1730 1878 religione

330 1903 418 1931 non
443 1893 669 1946 possumus
686 1891 705 1933 P

376 1962 495 2003 XIV.
506 1960 692 2004 Proinde
701 1959 1027 2019 vestriepiscopi
1042 1975 1117 2003 seu
1132 1959 1318 2019 quilibet
1337 1959 1498 2014 clerici,
1512 1969 1727 2019 quantum

331 2030 384 2073 ad
402 2030 490 2088 ipsa
517 2029 796 2075 ecclesiastiea
813 2031 953 2074 officia
969 2031 1178 2090 pertinet,
1204 2031 1263 2074 sic
1284 2031 1328 2074 in
1350 2029 1607 2075 catholicam
1631 2045 1726 2074 sus-

329 2101 442 2158 cepti
458 2110 559 2144 sunt
577 2102 802 2156 unitatem,
815 2100 1187 2161 quemadmodum
1205 2101 1406 2159 expedire
1418 2101 1722 2155 videbatui-iis,

330 2185 470 2230 quoru
478 2187 517 2214 m
529 2171 657 2215 saluti
672 2187 747 2230 per
765 2187 914 2215 corum
927 2171 1237 2215 consulebatur
1248 2172 1440 2216 officium
1449 2171 1517 2216 vel
1530 2186 1729 2215 exercen-

330 2239 533 2294 dum‚vel
551 2242 859 2285 omittendum.
876 2244 1188 2285 Verumtamen
1212 2242 1344 2285 etiam
1367 2243 1422 2285 dc
1447 2241 1547 2300 ipsis
1574 2242 1649 2301 qui
1684 2249 1726 2284 et

330 2310 447 2370 apud
461 2326 538 2355 nos
553 2311 726 2356 eosdem
740 2311 1150 2355 administraverunt
1167 2312 1368 2366 honores,
1385 2311 1602 2371 numquid
1617 2312 1727 2355 sicut

331 2382 473 2425 dicere
488 2381 664 2440 potuisti
678 2382 960 2441 :«Episcopus
973 2391 1051 2436 est,
1065 2382 1314 2441 episcopum
1331 2382 1481 2441 recipis
1493 2383 1593 2438 ¹3ita
1609 2390 1726 2440 pote-

331 2453 384 2494 ris
403 2451 569 2496 dicere:
587 2453 825 2497 Haereticns
838 2461 901 2496 est
914 2487 924 2507 ,
939 2452 1190 2496 haereticum
1207 2453 1381 2512 recipis3
1396 2461 1491 2507 aut,
1512 2452 1725 2497 Schisma-

332 2522 440 2565 ticus
460 2528 538 2577 est,
556 2523 877 2567 schismaticum
899 2522 1052 2582 recipis
1070 2543 1080 2580 3
1099 2532 1189 2579 aut,
1205 2524 1470 2568 Donatianus
1488 2526 1722 2579 est‚Dona-

382 2612 390 2628 ¹
411 2605 489 2638 Vide
510 2606 565 2637 lib.
585 2617 605 2638 n
622 2611 734 2639 contra
752 2610 898 2640 Parmen.
920 2618 991 2649 cap.
1017 2608 1065 2639 13.
