1825 3264
258 283 420 313 cowrnA
451 285 715 313 cnssscomuu
748 287 1034 325 Domuis’mm,
1071 288 1152 314 Lm.
1191 290 1256 314 111.
1367 275 1448 314 431

70 350 214 395 Chore
225 358 270 394 et
282 350 445 394 Abiron
462 351 725 405 ministrum,
748 350 803 394 de
821 352 935 410 pacis
950 352 1114 409 gremio
1131 352 1357 396 sententiae
1373 351 1456 395 ful-

71 434 172 464 men
189 421 388 464 excussit.
417 440 437 462 »
459 422 606 475 Vides,
630 431 680 465 ut
700 421 903 475 arbitror,
922 422 1232 466 Maximianum
1254 423 1346 466 sine
1367 422 1458 466 ulla

71 489 344 534 dubitatione
361 489 632 536 damnatum.
658 491 820 534 Deinde
838 500 935 550 post
953 507 1105 549 pauca,
1125 491 1199 535 sed
1216 492 1348 551 plane
1365 506 1458 550 gra»

71 560 258 614 vissima,
283 562 445 621 quaein
468 577 564 606 eum
588 561 718 605 libuit
738 560 995 616 declamare,
1023 562 1262 622 adjungens
1284 562 1460 607 ordina-

73 639 185 675 tores
206 633 316 691 ejus,
341 641 386 676 et
406 648 507 677 cum
530 649 581 677 eo
603 634 695 676 sine
722 631 930 676 dilatione
951 631 1163 677 damnans
1191 649 1200 678 :
1230 651 1250 675 «
1274 635 1363 678 Nec
1388 647 1460 677 so-

73 699 166 744 lum
188 703 323 756 hunc,
347 702 506 762 inquit,
531 702 702 746 sceleris
723 703 789 746 sui
812 717 925 746 mors
935 703 1050 762 justa
1067 702 1346 757 condemnat,
1372 712 1462 747 tra-

72 771 137 816 hit
158 773 289 816 etiam
314 772 369 817 ad
391 774 654 818 consortium
682 774 874 818 criminis
890 774 1098 832 plurimos
1117 783 1268 818 catena
1291 774 1462 818 sacrile-

74 842 145 899 gii.
174 843 339 886 Deinde
353 859 455 888 cum
479 844 607 888 etiam
631 845 676 887 in
699 846 889 903 ipsorum
913 844 1267 903 exaggerandum
1295 844 1433 888 scelus
1450 880 1460 899 ,

73 926 174 970 quae
194 913 365 971 putavit
381 912 680 966 declamanda,
701 913 900 968 fudisset,
923 915 1162 958 nominavit
1177 929 1248 958 eos
1262 915 1337 968 ita,
1359 930 1465 958 con-

74 981 289 1042 clusitque
306 982 532 1028 damnatos
556 1003 565 1028 :
590 1003 609 1025 «
630 985 802 1028 Famosi
817 999 937 1043 ergo,
957 984 1118 1044 inquit,
1141 985 1332 1028 criminis
1351 1000 1461 1038 reos,

74 1053 371 1099 victorianum
384 1055 1055 1110 Carcabianensem,Martianum
1074 1055 1378 1110 Sullectinum,
1389 1060 1467 1098 Be-

67 1125 224 1184 janum
250 1127 553 1180 Baianensem,
579 1126 768 1171 Salvium
798 1127 1148 1186 Ausaphensem,
1186 1126 1463 1171 Theodorum

76 1196 346 1252 Usulensem,
373 1200 589 1241 Donatum
621 1198 939 1252 Sabratensem,
961 1198 1207 1256 Miggenem
1239 1198 1465 1257 Elephan-

77 1266 304 1311 tariensem
319 1301 331 1321 ,
356 1270 663 1310 Praetextatum
684 1269 1008 1322 Assuritanum,
1035 1266 1222 1312 Salvium
1247 1268 1468 1311 Membre-

76 1336 281 1391 silanum,
300 1335 521 1380 Valerium
543 1337 842 1391 Melzitanum,
861 1337 1131 1382 Felicianum
1154 1337 1460 1392 Mustitanum,

78 1416 123 1450 et.
142 1406 385 1452 Martialem
409 1410 730 1462 pertusensem,
760 1409 837 1468 qui
859 1408 1032 1452 funesto
1055 1423 1184 1468 opere
1207 1409 1466 1467 perditionis

79 1493 151 1522 vas
172 1477 397 1522 sordidum
420 1477 600 1523 collecta
619 1477 871 1523 foeculentia
896 1479 1196 1538 glutinarunt,
1220 1478 1294 1523 sed
1319 1487 1361 1522 et
1375 1479 1467 1522 cle-

0 1606 2 1614 ᾗ
77 1548 186 1593 ricos
207 1548 442 1609 aliquando
470 1549 672 1593 Ecclesiae
710 1550 1005 1608 Carthaginis,
1041 1550 1119 1610 qui
1145 1551 1251 1593 dum
1286 1548 1469 1593 facinori

11 1667 14 1670 ,
76 1620 312 1674 intersunt,
342 1618 494 1663 illicito
527 1620 711 1664 incestui
742 1620 1008 1664 lenocinium
1038 1620 1354 1680 praebuerunt3
1393 1619 1471 1663 Dei

78 1690 348 1749 praesidentis
368 1690 546 1734 arbitrio
568 1689 820 1734 universalis
841 1691 1012 1735 concilii
1030 1706 1105 1735 ore
1129 1690 1318 1734 veridico
1340 1689 1469 1734 dam-

78 1769 204 1804 natos
228 1775 318 1804 esse
350 1760 614 1819 cognoscite.
646 1778 666 1801 »
692 1759 809 1813 Quid
829 1760 1023 1820 planius,
1045 1761 1156 1820 quid
1175 1759 1467 1814 manifestius,

80 1830 190 1891 quid
210 1831 447 1890 expressius
470 1829 556 1875 dici
579 1832 754 1890 potest?

143 1904 235 1946 LX.
270 1902 386 1946 Audi
401 1903 492 1961 jam
509 1901 669 1960 quibus
686 1900 836 1945 dilatio
857 1901 1062 1960 temporis
1082 1901 1298 1958 impertita
1316 1900 1369 1944 sit
1388 1920 1398 1957 3
1422 1908 1472 1944 ut

81 1969 225 2015 videas
242 1985 314 2015 eos
331 1986 436 2025 esse,
455 1972 530 2030 qui
546 1986 634 2014 non
651 1969 960 2024 iuterfuerunt,
985 1969 1163 2029 quando
1184 1970 1467 2024 Maximiano,

81 2057 184 2087 cum
203 2042 494 2096 ordinaretur,
518 2057 672 2086 manus
695 2042 908 2100 impositae
925 2050 1041 2085 sunt.
1071 2060 1089 2080 «
1110 2044 1196 2085 Eos
1218 2050 1381 2093 autem,
1403 2041 1472 2083 in·-

84 2114 196 2174 quie,
221 2128 332 2174 quos
348 2112 542 2171 sacrilegi
560 2112 721 2156 surculi
745 2127 831 2156 non
852 2111 1048 2171 polluere
1070 2112 1279 2171 plantaria
1295 2145 1306 2165 ,
1327 2111 1371 2154 id
1389 2121 1468 2165 est,

86 2184 163 2244 qui
177 2199 201 2228 a
222 2183 470 2227 Maximiani
487 2183 627 2241 capite
646 2182 840 2241 proprias
861 2197 1014 2225 manus
1030 2181 1280 2226 verecundo
1299 2180 1471 2240 pudore

85 2255 187 2299 fidei
215 2262 507 2307 retraxerunt,
540 2252 594 2296 ad
624 2262 806 2296 matrem
846 2251 1081 2296 Ecclesiam
1107 2251 1247 2295 redire
1271 2251 1473 2310 permisi-

88 2339 198 2368 mus.
221 2342 242 2366 »
267 2326 356 2368 Hos
382 2323 521 2367 cernis
542 2322 913 2383 quemadmodum
943 2337 1031 2366 non
1059 2321 1208 2366 dicant
1230 2336 1318 2365 esse
1342 2321 1469 2364 dam-

88 2404 234 2449 natos,
257 2394 333 2438 sed
356 2402 460 2437 tunc
477 2392 629 2437 eadem
651 2393 940 2436 damnationis
962 2391 1175 2436 sententia
1196 2390 1471 2446 retinendos,

86 2465 124 2508 si
154 2473 368 2509 transacto
387 2463 457 2507 die
477 2462 735 2516 constituto,
762 2462 899 2506 redire
922 2461 1156 2506 noluerint.
1186 2467 1321 2515 Quem
1356 2462 1473 2505 diem

88 2535 147 2580 ita
159 2535 432 2580 constituunt
459 2552 468 2577 z
497 2551 518 2574 «
544 2536 605 2577 Ac
627 2547 683 2576 ne
703 2541 935 2591 angustum
953 2566 963 2586 ,
997 2533 1161 2592 inquit,
1191 2532 1478 2576 redeuntibus

92 2613 264 2665 tenpus
275 2618 395 2664 spem
409 2601 561 2648 salutis
568 2610 743 2647 arctatae
754 2600 840 2646 diei
858 2615 1054 2660 pressura
1066 2601 1298 2657 subducat,
1314 2615 1474 2661 agnos-
