1825 3264
359 280 440 319 4510
789 286 822 315 s.
859 287 1088 316 Aucus'nm
1122 288 1301 315 muscom

355 355 499 399 ciliani
532 353 802 398 exduumviri
829 351 999 398 falsasse
1027 351 1334 406 contenderet,
1360 352 1561 396 eumdem
1591 353 1732 411 ipsum

355 424 603 483 lugentium
626 437 882 482 suspensum
904 423 1008 467 actis
1033 437 1133 481 quae
1154 421 1360 465 suberant
1385 421 1665 480 pervidimus,
1691 431 1734 467 et

352 495 450 539 ideo
473 486 650 538 minime
671 502 851 548 tortum,
872 491 992 552 quod
1007 508 1053 537 se
1076 492 1356 537 decurionem
1377 492 1657 553 Ziquensium
1672 494 1734 537 ci-

1799 494 1802 517 1

1800 536 1801 563 i

350 565 491 610 vitatis
524 580 614 609 esse
638 564 959 609 asseveraverit.
989 561 1112 607 Unde
1141 561 1343 606 volumus
1366 562 1568 607 eumdem
1589 563 1734 623 ipsum
1799 620 1801 629 ,

350 636 602 694 lugentium
628 634 708 679 sub
737 632 893 678 idonea
910 632 1212 692 prosecutione
1236 633 1292 676 ad
1313 633 1569 677 comitatum
1585 647 1734 677 meum

349 704 627 750 Constantini
648 704 835 763 Augusti
857 703 1025 758 mittas,
1059 712 1108 747 ut
1128 701 1211 747 illis
1232 703 1309 762 qui
1338 704 1384 747 in
1405 703 1733 763 praesentiarum
1790 731 1792 762 3

347 785 499 834 agunt,
523 785 655 835 atque
677 774 896 819 diuturnis
918 774 1072 819 diebus
1093 773 1369 834 interpellare
1391 790 1478 819 non
1500 774 1728 828 desinunt,

347 847 649 901 audientibus,
683 854 726 889 et
745 860 893 890 coram
923 845 1218 889 assistentibus
1245 860 1452 905 apparere
1469 854 1514 889 et
1542 845 1732 889 intimari
1794 885 1798 892 .

347 918 500 976 possit,
537 916 696 961 frustra
729 931 801 960 eos
825 915 1060 961 Caeciliano
1085 916 1289 975 episeopo
1315 916 1522 960 invidiam
1551 931 1731 975 compa·
1793 943 1796 978 ὲ

347 1003 456 1041 rare,
478 996 607 1046 atque
625 985 828 1031 adversus
849 1001 949 1030 eum
972 985 1184 1030 violenter
1204 986 1424 1044 insurgere
1444 984 1645 1029 voluisse.
1666 988 1733 1029 Ita

347 1057 462 1101 enim
481 1057 571 1111 fiet,
594 1066 644 1100 ut
667 1057 831 1101 omissis
851 1056 979 1100 sicuti
1000 1064 1187 1114 oportet,
1207 1055 1417 1115 ejusmodi
1437 1055 1731 1100 contentioni-

345 1127 451 1179 bus,
483 1124 672 1185 populus
699 1126 789 1170 sine
816 1124 1084 1170 dissensione
1118 1124 1287 1185 aliqua,
1316 1124 1513 1184 religioni
1545 1125 1731 1185 propriae

342 1211 443 1239 cum
461 1194 610 1239 debita
627 1195 906 1240 veneratione
921 1194 1149 1239 deserviat.

399 1267 624 1309 LXXXII.
655 1268 803 1310 Insero
826 1266 971 1310 adhuc
991 1273 1034 1309 et
1054 1265 1188 1309 verba
1209 1265 1484 1309 Constantini
1506 1279 1557 1308 ex
1574 1263 1728 1310 litteris

337 1337 427 1396 ejus
449 1336 505 1381 ad
528 1336 779 1380 Eumalium
803 1337 1038 1391 vicarium,
1076 1336 1154 1380 ubi
1181 1351 1226 1380 se
1248 1336 1362 1380 inter
1395 1345 1535 1395 partes
1563 1351 1728 1395 cogno·

336 1408 444 1452 visse
460 1442 470 1462 ,
508 1417 552 1452 et
583 1408 862 1452 innocentem
909 1406 1190 1452 Caecilianum
1226 1407 1484 1466 comperisse
1524 1415 1723 1451 testatur.

337 1481 450 1524 Cum
467 1481 584 1523 enim
598 1489 810 1524 narrasset
828 1480 874 1524 in
891 1480 957 1523 his
969 1495 1067 1539 quae
1084 1494 1214 1539 supra
1229 1479 1401 1524 locutus
1418 1488 1498 1534 est,
1519 1480 1727 1540 quemad-

339 1549 518 1594 modum
554 1551 608 1594 ad
631 1550 847 1610 judicium
876 1551 967 1609 ejus
995 1559 1094 1609 post
1115 1550 1375 1610 episcopalia
1401 1550 1561 1610 judicia
1585 1558 1726 1609 partes

338 1621 560 1679 perductae
583 1620 749 1664 fuerint
775 1640 783 1665 :
808 1640 828 1663 «
855 1624 902 1665 In
922 1637 1010 1679 quo
1035 1621 1223 1681 pervidi,
1248 1622 1419 1682 inquit,
1443 1622 1725 1667 Caecilianum

337 1691 478 1734 virum
500 1691 618 1734 omni
638 1691 887 1735 innocentia
904 1692 1136 1750 praeditum
1153 1727 1163 1746 ,
1190 1708 1239 1736 ac
1256 1691 1402 1737 debita
1421 1691 1619 1751 religioni
1637 1707 1727 1736 suae

340 1760 482 1804 officia
509 1769 749 1804 servantem
767 1795 778 1815 ,
811 1761 936 1820 eique
962 1761 1021 1805 ita
1043 1770 1090 1805 ut
1115 1763 1309 1821 oportuit
1331 1763 1587 1807 servientem
1612 1781 1620 1807 :
1647 1777 1727 1806 nec

339 1828 478 1873 ullum
504 1830 549 1872 in
571 1845 623 1874 eo
654 1830 818 1873 crimen
835 1830 1013 1888 reperiri
1031 1831 1237 1889 potuisse,
1265 1831 1408 1876 eidem
1426 1832 1643 1890 apparuit,
1668 1833 1726 1875 si—

340 1909 415 1944 cut
432 1901 599 1944 absenti
616 1899 758 1944 fuerat
771 1898 1112 1945 adversariorum
1127 1916 1305 1946 suorum
1322 1901 1598 1946 simulatione
1611 1916 1727 1946 com-

343 1981 549 2031 positum.
575 1989 595 2011 »

401 2044 648 2086 LXXXIII.
675 2044 740 2085 Tu
766 2056 901 2101 quare
929 2055 1019 2085 non
1051 2041 1267 2086 inseruisti
1293 2042 1548 2086 sententiam
1584 2043 1746 2087 Cous--

343 2113 522 2167 tantini,
556 2128 641 2172 qua
672 2127 774 2156 eum
794 2111 899 2156 dicis
920 2127 1010 2155 esse
1035 2112 1290 2156 damnatum
1304 2147 1314 2167 ,
1337 2121 1380 2156 et
1401 2112 1553 2156 Brixiae
1571 2112 1617 2155 in
1640 2111 1727 2155 exi-

345 2183 402 2226 lio
437 2183 744 2237 constitutum,
773 2182 839 2226 vir
873 2181 1176 2226 disertissime?
1210 2185 1382 2235 Quanto
1415 2182 1724 2241 congruentius

344 2255 458 2298 hanc
491 2254 761 2308 inseruisses,
797 2268 926 2312 quam
961 2253 1105 2297 nescio
1136 2252 1243 2312 quid
1279 2252 1333 2296 de
1367 2252 1725 2297 Sardieensicon-

343 2324 464 2378 cilio,
499 2323 619 2383 quod
648 2338 728 2367 nec
761 2323 815 2367 ad
844 2338 940 2378 vos,
966 2338 1046 2367 nec
1079 2322 1134 2367 ad
1168 2338 1338 2367 causam
1369 2339 1470 2383 quae
1503 2324 1617 2367 inter
1648 2338 1726 2367 nos

344 2404 407 2438 est
452 2404 494 2438 et
531 2409 629 2448 vos,
672 2394 851 2438 omnino
890 2394 1107 2452 pertinere
1143 2396 1438 2438 monstratur?
1472 2396 1562 2440 Cur
1607 2393 1722 2438 enim

343 2465 474 2509 fuerit
501 2465 654 2508 Brixiae
676 2465 955 2520 Caecilianus,
979 2463 1100 2524 quod
1131 2480 1206 2509 vos
1238 2464 1620 2510 calumniosissime
1648 2479 1723 2524 ap-

344 2535 512 2592 pellatis
548 2533 752 2590 exilium,
787 2549 888 2579 cum
929 2549 1052 2579 suam
1077 2534 1349 2595 praesentiam
1379 2535 1535 2580 maluit
1571 2534 1722 2579 Eccle-

348 2603 418 2648 siae
432 2604 578 2648 deesse
597 2619 728 2664 quam
745 2619 912 2664 pacem,
934 2604 1041 2665 quid
1064 2621 1086 2650 a
1114 2620 1184 2650 me
1205 2620 1313 2664 opus
1334 2614 1395 2650 est
1423 2604 1530 2662 dici,
1552 2620 1650 2649 eum
1675 2613 1723 2649 tu
