1825 3264
269 248 432 278 contriti
463 249 728 278 cnssscomum
759 246 1049 287 DONATISTAM,
1085 249 1168 277 Lm.
1204 250 1270 276 111.
1378 238 1462 279 403

79 313 154 358 illa
180 312 298 358 unde
323 313 584 358 solvuntur?
618 313 748 358 Labia
780 327 954 367 eorum,
989 329 1035 358 os
1063 328 1215 359 eorum
1243 329 1267 358 a
1296 329 1466 360 veneno

80 383 279 444 aspidum
293 419 305 440 ,
330 399 355 429 a
374 384 678 429 maledictione
692 393 736 428 et
752 383 1041 428 amaritudine
1062 384 1181 429 unde
1204 385 1468 430 mundatur?

82 456 207 500 Unde
221 456 352 516 pedes
365 455 419 500 ab
428 457 495 500 eff
492 457 640 502 usione
653 454 853 516 spiritalis
867 456 1085 514 sanguinis
1102 457 1359 513 abluuntur,
1380 472 1469 517 quo

79 524 286 571 velociter
306 521 594 572 cucurrerunt
612 529 630 572 i>
651 528 777 571 Unde
801 541 954 571 manus
978 543 1002 571 a
1024 527 1199 572 funesto
1221 543 1351 587 opere
1373 543 1470 588 per-

79 595 255 642 ditionis
296 597 631 642 emaculantur?
673 597 798 642 Unde
840 598 896 641 ab
938 596 1089 642 illicito
1131 599 1300 643 incestu
1323 633 1335 655 ,
1380 614 1470 644 non

79 667 275 712 membra
299 668 489 728 corporis
508 703 520 724 ,
545 667 620 712 sed
646 668 801 712 animae
824 677 1035 728 purgatur
1058 668 1276 713 affectus?

138 740 324 784 XXVII.
360 743 526 799 Nempe
558 741 685 784 istam
719 755 892 784 causam
926 750 977 784 ut
1015 739 1259 784 defendatis
1281 775 1292 795 ,
1330 738 1472 785 velitis

77 808 225 853 nolitis
245 843 257 863 ‚
288 808 343 853 ad
378 810 668 868 patrocinium
703 810 893 854 veritatis
925 810 1075 855 venire
1110 810 1347 868 cogemini,
1372 825 1473 869 quae

79 877 458 938 dicitbaptismum
474 880 652 935 Christi,
671 896 760 925 non
777 880 918 925 solum
935 895 1011 939 per
1023 880 1234 934 occultos,
1251 881 1327 923 sed
1343 879 1474 923 etiam

77 963 156 1008 per
175 948 428 995 manifestos
450 950 586 996 malos
604 971 615 1009 3
634 966 715 996 nec
732 950 874 996 solum
887 966 911 995 a
924 951 1142 995 conversis
1154 985 1165 1005 ,
1177 965 1329 994 verum
1343 950 1474 993 etiam

77 1035 103 1064 a
131 1021 340 1079 perversis
363 1021 531 1078 datum,
551 1022 714 1066 habere
735 1022 1034 1067 inconcussam
1055 1022 1122 1065 sui
1145 1020 1312 1064 roboris
1333 1020 1474 1064 firmi-

77 1099 212 1135 tatem
239 1113 251 1150 3
278 1101 323 1136 et
344 1093 402 1136 eis
423 1108 546 1153 posse
566 1092 746 1153 quidem
770 1094 908 1137 inesse
923 1127 934 1148 ,
968 1092 1044 1136 sed
1065 1092 1144 1136 nisi
1162 1092 1365 1136 correctis
1386 1106 1477 1135 non

76 1176 200 1221 posse
216 1163 420 1222 prodesse
432 1184 443 1220 3
454 1173 668 1208 correctos
680 1173 825 1208 autem
840 1164 969 1208 etiam
985 1163 1186 1207 fraternis
1199 1163 1477 1207 orationibus
1517 1193 1523 1202 .

77 1234 240 1294 expiari
261 1269 272 1290 ,
293 1250 370 1294 per
392 1235 646 1279 charitatem
673 1235 994 1295 cooperientem
1018 1233 1346 1278 multitudinem
1373 1249 1478 1293 pec-

77 1313 289 1349 catorum.
325 1307 438 1349 Eece
476 1314 713 1365 antequam
746 1305 971 1350 ostendam
1007 1320 1138 1365 quam
1170 1304 1478 1365 imprudenter

80 1375 162 1420 tibi
183 1376 312 1420 vestri
335 1377 525 1436 episcopi
554 1375 608 1420 de
632 1377 1037 1421 Maximianensium
1052 1377 1326 1435 susceptione
1349 1389 1476 1419 men-

76 1446 147 1491 titi
163 1456 288 1502 sunt,
314 1446 554 1492 secundum
574 1448 718 1507 ipsum
740 1446 1015 1491 mendacium
1035 1462 1187 1491 eorum
1202 1455 1246 1490 et
1261 1445 1477 1490 narratio-

77 1532 178 1561 nem
201 1526 341 1574 tuam‚
366 1533 498 1577 quam
526 1527 615 1563 tota
638 1533 765 1562 causa
778 1527 918 1563 vestra
936 1517 1141 1562 subversa
1160 1517 1215 1561 sit
1230 1525 1338 1576 puto
1353 1515 1477 1576 quod

76 1601 169 1631 non
197 1588 288 1647 jam
321 1604 517 1647 quoerere
548 1587 707 1632 debeas
732 1623 743 1644 ,
778 1588 854 1632 sed
895 1602 1131 1647 agnoscere
1155 1622 1167 1642 ,
1206 1602 1286 1631 nec
1324 1601 1477 1645 parare

77 1658 492 1712 contradictionem,
517 1659 593 1703 sed
619 1659 934 1703 correctionem
964 1659 1108 1717 potius
1130 1655 1476 1714 cogitare.Vides

78 1727 194 1771 enim
214 1743 331 1773 nunc
353 1728 522 1784 saltem,
534 1744 665 1789 quam
679 1730 886 1773 veraciter
899 1743 924 1772 a
937 1742 1008 1772 me
1025 1726 1101 1771 illa
1118 1726 1235 1771 dicta
1255 1726 1357 1781 sint,
1373 1725 1476 1786 qui-

77 1799 160 1844 bus
178 1798 340 1844 frustra
361 1799 627 1844 mendaciter
647 1799 913 1859 respondere
927 1807 1110 1843 conatus
1132 1813 1174 1842 es
1188 1812 1341 1857 :quam
1359 1805 1476 1841 recte

79 1868 261 1914 dixerim
290 1889 299 1914 :
329 1888 350 1912 «
371 1871 414 1915 Si
437 1886 514 1929 pro
537 1871 705 1914 unitate
724 1870 856 1928 partis
887 1868 1047 1913 Donati
1068 1868 1114 1911 in
1136 1867 1305 1911 nefario
1337 1867 1475 1912 schis-

79 1949 195 1985 mate
224 1940 463 2000 baptizatos
499 1957 629 1985 nemo
668 1941 935 2000 rebaptizat,
962 1955 1042 1983 cur
1069 1955 1158 1983 non
1199 1954 1278 1998 pro
1311 1938 1475 1982 unitate

13 2020 18 2027 ‘
79 2011 240 2056 Christi
261 2027 360 2057 vera
375 2022 418 2056 et
432 2012 624 2071 plenaria
639 2011 709 2056 lex
731 2011 847 2056 illius
864 2010 1126 2055 hrereditatis
1144 2010 1471 2069 agnoscitur²?»

79 2082 192 2126 Cum
215 2082 305 2142 ipse
327 2082 514 2137 fatearis,
539 2098 611 2128 eos
632 2083 709 2143 qui
730 2083 776 2126 in
800 2082 1048 2127 Maximiani
1067 2082 1297 2126 schismate
1318 2080 1475 2140 persti-

10 2199 11 2202 ,
80 2151 229 2197 iissent
260 2154 466 2198 meruisse
494 2154 776 2208 sententiam,
801 2169 886 2213 qua
911 2168 1002 2197 non
1036 2153 1286 2196 tenerentur
1307 2151 1342 2194 si
1361 2150 1475 2194 intra

11 2236 28 2291 ’ἶ
72 2218 195 2268 'diem
224 2224 441 2270 dilationis
475 2241 519 2269 se
547 2224 750 2269 Ecclesiae
778 2225 1085 2268 reddidissent.
1114 2223 1238 2267 Unde
1273 2230 1467 2276 constat,

82 2302 316 2354 antequam
339 2310 383 2340 se
406 2294 710 2350 reddidissent,
737 2309 809 2339 eos
830 2295 878 2338 in
894 2294 1121 2338 schismate
1139 2293 1184 2337 in
1207 2308 1296 2352 quo
1319 2290 1473 2351 persti-

81 2371 224 2408 terant
240 2365 477 2424 baptizasse
493 2400 504 2419 ,
529 2380 631 2409 cum
652 2365 811 2424 quibus
839 2365 886 2408 in
910 2374 1093 2408 vestram
1120 2363 1476 2408 communionem

82 2435 243 2492 recepti
266 2444 382 2478 sunt.
410 2434 542 2478 Vides
558 2435 933 2494 quemadmodum
952 2435 1111 2479 mortui
1132 2429 1473 2492 baptizaverint:

80 2505 185 2565 quia
198 2503 253 2549 de
265 2504 348 2549 illis
358 2505 435 2565 qui
451 2505 498 2549 in
515 2504 769 2550 Maximiani
785 2504 1017 2550 schismate
1040 2504 1341 2564 perstitissent,
1353 2511 1477 2547 ante-

133 2597 140 2614 ·
163 2589 241 2623 Vide
259 2589 315 2623 lib.
337 2601 345 2624 ι
363 2594 475 2624 contra
494 2589 636 2624 Petilian.
659 2600 729 2634 cap.
757 2589 807 2623 13.

1220 2641 1286 2681 26.
