1825 3264
359 193 441 231 256
789 202 820 227 s.
859 200 1086 228 incisum
1119 200 1300 227 muscom

356 285 452 314 cere
476 281 611 326 usque
632 265 687 310 ad
701 281 880 310 messem
899 285 906 310 :
933 276 991 321 et,
1012 267 1158 310 Messis
1181 275 1244 310 est
1264 267 1360 310 finis
1378 266 1539 310 saeculi.
1557 269 1634 311 Est
1656 267 1738 313 alia

354 337 591 384 similitudo
615 333 879 396 apertissima
899 336 953 380 de
975 338 1284 381 commixtione
1307 336 1520 382 malorum
1540 347 1583 382 et
1601 338 1739 383 bono-

355 424 451 453 rum
470 410 581 453 intra
595 409 792 452 eamdem
807 417 1175 453 sacramentorum
1192 409 1544 453 communionem
1568 418 1611 453 et
1631 425 1740 454 con-

353 481 598 535 nexionem,
621 494 754 540 quam
770 479 978 524 Dominus
996 480 1086 538 ipse
1103 488 1146 522 et
1164 480 1314 538 ponit,
1332 489 1375 523 et
1397 480 1588 538 exponit.
1625 499 1645 522 «
1672 482 1738 525 Si-

357 569 376 592 »
413 549 513 594 mile
543 559 633 605 est,
656 550 827 609 inquit,
869 565 1051 609 regnum
1085 549 1296 593 coelorum
1334 565 1501 608 sagenae
1535 550 1674 593 missae
1695 551 1739 594 in

356 641 376 663 »
412 636 543 676 mare,
561 638 659 682 quae
676 630 909 680 congregat
926 621 1071 665 omnia
1087 636 1243 679 genera
1261 620 1575 679 piscium.Cum
1594 629 1739 664 autem

355 713 374 736 n
412 703 520 738 esset
538 692 732 752 impleta,
758 693 1003 737 eduxerunt
1023 707 1118 736 eam
1145 692 1199 736 ad
1215 692 1352 746 littus,
1376 701 1420 735 et
1441 692 1638 736 sedentes
1657 691 1741 736 ele-

356 784 375 805 »
412 773 567 823 gerunt
600 765 787 823 optimos
808 765 854 808 in
877 779 974 807 vasa
998 779 1073 807 sua
1092 798 1101 816 ,
1136 763 1272 807 malos
1306 771 1451 806 autem
1481 761 1594 807 foras
1612 763 1740 806 mise-

358 855 374 876 »
412 845 528 879 runt.
557 835 624 880 Sic
643 836 723 878 erit
740 836 784 878 in
806 834 1181 879 consummatione
1203 833 1370 877 saeculi:
1399 833 1543 877 exient
1566 833 1736 892 Angeli,

356 926 374 947 ›·
411 916 453 950 et
471 906 734 964 separabunt
757 905 891 950 malos
913 904 967 948 de
987 904 1128 948 medio
1147 905 1381 963 justorum,
1409 913 1452 947 et
1475 905 1651 948 mittent
1669 919 1740 948 eos

356 995 375 1016 »
411 977 455 1019 in
472 977 690 1020 caminum
714 975 824 1034 ignis
852 995 860 1019 ;
886 975 946 1018 ibi
965 975 1045 1018 erit
1068 975 1195 1017 fletus
1218 983 1261 1017 et
1280 973 1438 1018 stridor
1451 974 1649 1018 dentium
1678 977 1735 1017 ¹.»

352 1046 478 1091 Nulla
498 1061 598 1104 ergo
622 1045 835 1090 malorum
852 1045 1102 1090 commixtio
1117 1054 1248 1088 terret
1268 1046 1422 1099 honos,
1445 1053 1493 1088 ut
1512 1054 1741 1104 propterea

352 1116 486 1160 velint
503 1127 710 1176 tanquam
735 1117 839 1160 retia
864 1131 1084 1174 rumpere,
1107 1124 1188 1159 eta
1211 1115 1547 1174 congregatione
1565 1116 1741 1160 unitatis

352 1187 480 1241 exire,
504 1202 558 1230 ne
573 1187 769 1231 homines
787 1202 875 1230 non
898 1186 1163 1245 pertinentes
1185 1185 1239 1230 ad
1258 1201 1441 1244 regnum
1459 1185 1674 1230 coelorum
1695 1186 1740 1229 in

350 1267 717 1302 sacramentorum
740 1258 957 1302 consortio
981 1258 1229 1316 patiantur:
1253 1255 1615 1316 quandoquidem
1637 1272 1739 1301 cum

351 1328 540 1373 adlittus
555 1364 565 1381 ,
588 1328 630 1372 id
648 1338 726 1383 est,
752 1328 806 1372 ad
823 1329 955 1372 finem
975 1327 1121 1371 saeculi
1135 1338 1314 1371 ventum
1331 1328 1476 1382 fuerit,
1497 1327 1571 1371 fiet
1593 1327 1740 1371 debita

349 1400 578 1457 separatio,
595 1415 685 1443 non
708 1399 897 1442 humana
921 1399 1178 1453 temeritate,
1201 1397 1276 1441 sed
1295 1397 1636 1457 divinojudicio.

409 1472 611 1513 xxxvl.
655 1473 715 1513 De
738 1470 955 1528 paucitate
978 1479 1122 1513 autem
1157 1470 1373 1513 bonorum
1408 1469 1498 1527 ipse
1530 1469 1739 1513 Dominus

350 1540 614 1598 apertissime
636 1539 741 1583 dicit
767 1559 774 1583 :
806 1560 822 1579 «
849 1543 1011 1583 Intrate
1034 1555 1109 1598 per
1137 1548 1364 1597 angustam
1382 1548 1548 1599 portam
1571 1559 1580 1584 2
1605 1554 1735 1599 quam

352 1628 371 1649 »
407 1610 492 1653 lata
510 1620 552 1653 et
567 1610 750 1668 spatiosa
769 1610 834 1653 via
852 1619 932 1664 est,
953 1626 1051 1670 quae
1067 1609 1187 1653 ducit
1210 1609 1264 1653 ad
1282 1610 1524 1663 interitum,
1545 1618 1589 1653 et
1609 1608 1733 1653 multi

352 1699 371 1721 »
407 1690 509 1723 sunt
537 1680 611 1739 qui
643 1689 831 1738 pergunt
865 1696 939 1738 per
973 1679 1104 1723 illam.
1147 1683 1302 1732 Quam·
1320 1690 1500 1738 angusta
1534 1688 1658 1739 porta
1695 1688 1738 1723 et

353 1769 371 1791 ,)
407 1760 522 1794 arcta
545 1751 613 1793 via
634 1767 731 1810 quae
750 1750 871 1794 ducit
894 1749 948 1794 ad
968 1751 1098 1794 vitam
1125 1771 1136 1806 3
1162 1760 1204 1794 et
1222 1753 1348 1809 pauci
1370 1761 1471 1794 sunt
1492 1751 1568 1810 qui
1591 1751 1738 1809 ingre-

353 1840 372 1862 »
408 1821 589 1866 diuntur
613 1836 687 1880 per
710 1820 828 1865 illam
851 1824 883 1864 ².
914 1839 932 1861 υ
954 1824 1060 1865 Istos
1079 1836 1237 1880 paucos
1258 1822 1492 1865 Donistatae
1514 1837 1558 1865 se
1581 1831 1739 1881 putant

346 1907 450 1946 esse,
479 1902 521 1935 et
542 1891 638 1935 ideo
659 1890 810 1935 dicunt
834 1892 1006 1951 periisse
1024 1892 1175 1935 orbem
1194 1901 1425 1947 terrarum,
1461 1908 1505 1936 se
1529 1900 1674 1936 autem
1693 1893 1738 1935 in

343 1962 424 2005 hae
445 1962 688 2021 paucitate,
715 1977 845 2021 quam
874 1960 1069 2005 laudavit
1091 1962 1317 2017 Dominus,
1351 1963 1617 2006 remansisse.
1651 1961 1736 2014 Qui

341 2033 519 2091 quando
537 2041 847 2092 comparantur
864 2048 963 2076 cum
983 2033 1058 2087 eis,
1079 2033 1210 2092 longe
1236 2033 1460 2092 pauciores
1491 2033 1735 2091 Rogatistas

343 2112 417 2145 aut
440 2103 773 2147 Maximianistas
806 2102 1033 2161 obJ'icinius
1048 2138 1058 2156 ,
1080 2103 1156 2162 qui
1179 2118 1222 2146 se
1245 2104 1299 2146 ab
1320 2103 1379 2147 eis
1401 2111 1732 2162 separaverunt,

343 2173 377 2216 si
399 2173 644 2216 existimant
666 2173 746 2216 sibi
779 2171 834 2216 de
857 2173 1075 2231 paucitate
1108 2188 1197 2216 esse
1231 2173 1523 2232 gloriandum.
1546 2175 1732 2217 Verum-

344 2253 490 2287 tamen
511 2244 623 2287 hanc
645 2243 905 2302 paucitatem
920 2243 964 2286 in
982 2243 1306 2301 comparatione
1329 2243 1622 2288 multitudinis
1642 2259 1734 2287 ma·

341 2315 502 2367 torum,
529 2329 618 2358 esse
639 2329 661 2358 a
683 2315 868 2358 Domino
890 2314 1237 2358 commendatam
1266 2336 1277 2372 3
1302 2315 1629 2359 multitudinem
1652 2331 1733 2359 au·

342 2394 427 2428 tem
447 2385 681 2439 bonorum,
698 2400 796 2428 cum
812 2399 886 2442 per
900 2400 943 2427 se
960 2384 1097 2442 ipsam
1113 2384 1426 2439 consideratur,
1444 2401 1532 2429 non
1552 2385 1733 2430 tacuisse

345 2454 606 2512 Scripturas,
628 2453 812 2513 degant,
840 2463 883 2498 et
904 2453 1080 2498 videant
1100 2469 1230 2514 quam
1256 2455 1378 2514 plura
1399 2456 1640 2500 testimonia
1665 2471 1732 2500 re-

393 2544 399 2561 ¹
423 2539 536 2571 Matth.
558 2550 626 2581 xiii,
642 2538 762 2582 ,ἧς-49.
779 2556 819 2562 -
833 2546 845 2562 ²
867 2540 915 2572 ld.
936 2551 992 2581 vn,
1012 2540 1132 2575 13-153

1808 0 1825 263 s
