1825 3264
485 273 539 300 niz
571 269 758 300 tiu-run
790 271 1004 300 cchesm.
1352 263 1429 302 231

59 355 81 380 n
105 345 279 397 peccata
295 370 306 391 ‚
333 336 504 396 inquit,
533 349 683 380 eorum
707 335 798 394 ipse
820 335 1036 393 portabit,
1062 336 1161 380 ideo
1184 337 1437 382 haereditate

60 426 80 450 υ
105 406 341 466 possidebit
366 406 528 452 multos
543 440 554 461 ‚
580 414 623 450 et
643 404 823 450 fortium
848 405 1059 464 partietur
1080 407 1237 465 spolia,
1262 417 1439 467 propter

59 497 79 519 ι
104 477 225 537 quod
246 475 403 522 tradita
422 486 486 522 est
506 478 552 521 in
570 484 755 521 mortem
777 475 918 519 anima
939 476 1047 535 ejus,
1072 485 1116 520 et
1137 476 1251 520 inter
1267 478 1440 538 iniquos

58 565 80 590 »
103 546 338 607 deputatus
359 556 450 603 est,
474 556 518 592 et
548 547 638 607 ipse
661 554 835 605 peccata
858 545 1100 591 multorum
1132 548 1368 604 sustinuit,
1399 558 1443 594 et

57 636 78 661 »
103 628 281 678 propter
308 618 556 679 iniquitates
578 625 745 662 nostras
766 615 951 662 traditus
972 620 1076 661 est¹.
1101 635 1122 659 ³»
1148 620 1253 662 Haec
1274 618 1329 662 de
1354 622 1443 665 Do-

53 689 174 734 mino
195 698 343 734 nostro
365 692 469 734 Jesu
492 689 666 734 Christo
694 697 816 733 tanto
838 697 938 733 ante
960 687 1166 748 praedicta
1190 698 1233 733 et
1253 690 1443 750 prophe·

52 767 142 804 tata
162 759 376 804 fatemini.
413 760 494 805 Hic
529 775 632 818 ergo
666 775 847 819 sponsus
880 767 931 803 ut
957 758 1064 818 quid
1098 759 1280 804 traditus
1303 769 1368 804 est
1388 762 1445 805 ad

49 831 267 875 mortem?
287 838 338 874 ut
358 829 467 889 quid
483 830 595 874 inter
617 830 789 890 iniquos
812 828 1047 889 deputatus
1069 839 1132 874 est
1154 839 1274 874 tanta
1294 831 1443 874 humi-

50 898 173 944 litate
202 899 470 944 celsitudinis
498 901 620 944 suae?
642 900 757 954 Quid
787 900 875 959 egit
890 935 901 956 ‚
925 899 1033 960 quid
1063 899 1317 959 acquisivit?
1339 901 1445 953 Quis

51 970 111 1014 ita
131 970 289 1014 surdus
310 980 374 1015 est
392 1005 404 1026 ,
429 980 479 1015 ut
505 971 599 1015 haec
623 986 712 1015 non
735 972 914 1015 audiat?
942 970 1038 1031 quis
1068 971 1127 1014 ita
1154 971 1337 1015 obtusus
1353 1005 1365 1026 ‚
1395 980 1445 1015 ut

53 1056 144 1087 non
166 1040 406 1098 intelligat?
427 1042 524 1101 quis
542 1042 603 1086 ita
621 1056 783 1095 caecuS‚
808 1051 858 1086 ut
877 1055 967 1086 non
986 1042 1129 1086 videat
1151 1060 1160 1085 :
1185 1059 1202 1082 «
1226 1041 1353 1096 Ideo,
1373 1041 1444 1085 in-

15 1146 21 1151 .
55 1130 75 1153 »
101 1111 218 1171 quit,
240 1112 331 1170 ipse
351 1111 605 1156 haereditate
623 1112 860 1171 possidebit
882 1111 1059 1165 multos,
1085 1120 1129 1155 et
1150 1110 1327 1155 fortium
1346 1127 1445 1170 par—

54 1200 76 1223 »
102 1183 234 1226 tietur
250 1182 403 1242 spolia,
430 1192 607 1243 propter
628 1182 749 1243 quod
772 1182 928 1229 tradita
947 1191 1010 1226 est
1030 1183 1075 1225 in
1096 1191 1280 1226 mortem
1299 1182 1442 1226 anima

55 1270 76 1293 »
102 1253 194 1311 ejus
215 1262 258 1297 et
275 1253 389 1297 inter
405 1254 576 1313 iniquos
596 1254 830 1312 deputatus
853 1262 930 1297 est.
958 1273 975 1294 »
1001 1253 1112 1306 Quid
1131 1262 1210 1307 est,
1231 1253 1440 1308 haeretici,

52 1321 175 1383 quod
192 1321 247 1366 de
263 1325 481 1382 paucitate
499 1323 758 1382 gloriamini,
780 1324 814 1366 si
837 1332 1064 1382 propterea
1089 1324 1299 1366 Dominus
1321 1326 1445 1366 Jesus

50 1392 255 1437 Christusv
265 1392 450 1437 traditus
466 1401 530 1437 est
549 1392 604 1437 ad
622 1402 825 1448 mortem,
843 1402 892 1436 ut
904 1391 1157 1436 haereditate
1172 1391 1333 1436 multos
1350 1407 1447 1451 pos-

52 1461 240 1507 sideret?
263 1466 321 1507 Et
351 1464 429 1523 qui
464 1472 567 1508 sunt
596 1463 643 1508 hi
677 1463 835 1519 multi,
859 1463 928 1508 vel
957 1478 1088 1523 quam
1110 1462 1196 1507 late
1228 1472 1447 1522 occupant

51 1541 211 1577 terram
227 1553 239 1591 3
258 1548 358 1594 quae
379 1542 623 1592 sequuntur
639 1533 881 1578 audiamus.

110 1606 277 1649 XVIII.
304 1605 602 1650 Praenuntiato
631 1619 791 1665 sponso
823 1613 867 1650 et
897 1619 1124 1665 expresso,
1159 1603 1368 1664 procedat
1403 1611 1448 1647 et

51 1689 207 1734 sponsa
229 1676 276 1719 in
301 1676 443 1721 verbis
465 1678 588 1720 Isa'1'ae
613 1695 623 1721 :
648 1676 842 1735 legamus
867 1691 962 1720 eam
989 1677 1033 1719 in
1060 1675 1241 1720 veritate
1262 1675 1443 1735 pagina—

52 1760 150 1790 rum
185 1754 457 1801 sanctarum,
482 1755 525 1790 et
551 1761 832 1804 agnoscamus
865 1747 909 1790 in
942 1746 1047 1791 orbe
1081 1755 1310 1791 terrarum.
1349 1747 1442 1790 Hoc

52 1816 348 1861 testimonium
372 1817 428 1861 de
452 1826 599 1861 sancta
627 1817 817 1862 Ecclesia
838 1815 1097 1876 praedictum
1131 1817 1261 1860 etiam
1285 1815 1444 1861 Paulus

53 1888 273 1946 apostolus
296 1888 455 1947 posuit.
482 1890 579 1934 Non
615 1897 679 1932 est
708 1903 797 1948 quo
824 1886 966 1947 fugiat
993 1887 1264 1932 contentiosa
1304 1887 1444 1945 tergi-

53 1958 236 2003 versatio
253 1958 559 2003 haereticorum
571 1961 634 2001 2.«
648 1961 816 2003 Laetare
837 1957 1012 2012 sterilis,
1037 1957 1203 2017 inquit,
1232 1972 1332 2016 quae
1353 1972 1444 2001 non

57 2049 76 2070 »
102 2029 233 2088 paris,
258 2044 438 2088 erumpe
462 2039 505 2073 et
528 2029 718 2073 exclama
744 2044 845 2088 quae
867 2043 956 2073 non
979 2029 1162 2087 parturis
1184 2048 1195 2085 3
1233 2027 1442 2086 quoniam

55 2118 76 2141 »
103 2098 230 2143 multi
246 2098 322 2142 filii
333 2098 515 2143 desertae
529 2099 678 2157 magis,
698 2113 829 2158 quam
843 2100 936 2158 ejus
951 2113 1051 2159 quae
1064 2098 1196 2142 habet
1205 2098 1348 2142 virum
1363 2098 1394 2140 ³.
1418 2115 1440 2138 η

54 2169 139 2215 Ubi
156 2178 220 2214 est
239 2202 251 2224 ‚
275 2170 455 2228 inquam
475 2203 486 2224 ,
521 2168 641 2229 quod
668 2168 724 2213 de
750 2169 968 2228 paucitate
995 2168 1269 2227 gloriamini?
1290 2170 1445 2213 Nonne

53 2240 124 2285 isti
145 2249 247 2284 sunt
267 2240 424 2295 multi,
452 2240 507 2284 de
533 2240 693 2300 quibus
717 2239 846 2299 paulo
868 2249 968 2283 ante
990 2239 1155 2283 dictum
1179 2247 1242 2282 est
1263 2257 1272 2283 ε
1297 2257 1316 2280 «
1340 2238 1445 2281 Ideo

56 2311 183 2370 »ipse
203 2309 458 2355 haereditate
479 2311 716 2370 possidebit
734 2310 925 2355 multos?
940 2310 1080 2355 »Nam
1101 2322 1209 2369 quae‘
1222 2318 1284 2352 est
1307 2309 1443 2351 haere-

54 2379 167 2425 ditas
186 2382 293 2440 ejus,
316 2381 398 2424 nisi
416 2381 607 2425 Ecclesia
627 2381 748 2440 ejus?
774 2399 795 2422 «
816 2380 960 2434 Multi,
983 2380 1141 2438 inquit,
1167 2379 1244 2421 filii
1267 2377 1447 2421 desertae

57 2467 78 2491 n
97 2450 249 2509 magis,
273 2465 406 2510 quam
428 2451 519 2509 ejus
541 2465 641 2508 quae
653 2450 788 2494 habet
804 2449 946 2493 virum
970 2469 977 2492 z
995 2467 1015 2490 »
1039 2451 1312 2506 Synagogam
1331 2446 1446 2492 scili-

55 2528 125 2565 cet
141 2522 164 2564 J
170 2519 395 2564 udaeorum
417 2518 567 2564 volens
591 2518 773 2576 intelligi
793 2519 935 2563 virum
957 2519 1190 2562 habentem
1204 2553 1214 2572 ,
1238 2517 1444 2576 quoniam

107 2606 204 2638 ¹1sai.
226 2617 292 2646 un,
317 2614 433 2638 11-1'2.
450 2623 490 2629 —
508 2611 519 2627 ²
536 2604 605 2637 Gal.
625 2615 671 2645 iv,
688 2614 789 2647 27.—
809 2603 820 2627 3
841 2605 910 2637 lsai.
928 2615 990 2644 mv,
1011 2615 1038 2635 ι.
