<?xml version="1.0" encoding="UTF-8"?>
<!DOCTYPE html PUBLIC "-//W3C//DTD XHTML 1.0 Transitional//EN"
    "http://www.w3.org/TR/xhtml1/DTD/xhtml1-transitional.dtd">
<html xmlns="http://www.w3.org/1999/xhtml" xml:lang="en" lang="en">
 <head>
  <title>
</title>
<meta http-equiv="Content-Type" content="text/html;charset=utf-8" />
  <meta name='ocr-system' content='tesseract 3.04.00' />
  <meta name='ocr-capabilities' content='ocr_page ocr_carea ocr_par ocr_line ocrx_word'/>
</head>
<body>
  <div class='ocr_page' id='page_1' title='image "./operaomniaaccura32auguuoft_0433.png"; bbox 0 0 1825 3264; ppageno 0'>
   <div class='ocr_carea' id='block_1_1' title="bbox 0 2354 18 2645">
    <p class='ocr_par' dir='ltr' id='par_1_1' title="bbox 0 2354 18 2645">
     <span class='ocr_line' id='line_1_1' title="bbox 0 2354 18 2645; textangle 90"><span class='ocrx_word' id='word_1_1' title='bbox 4 2573 12 2645; x_wconf 84' lang='lat'><strong>-·-</strong></span> <span class='ocrx_word' id='word_1_2' title='bbox 0 2354 18 2552; x_wconf 50' lang='lat' dir='ltr'><strong>zoam·-</strong></span> 
     </span>
    </p>
   </div>
   <div class='ocr_carea' id='block_1_2' title="bbox 283 242 1473 291">
    <p class='ocr_par' dir='ltr' id='par_1_2' title="bbox 283 242 1473 291">
     <span class='ocr_line' id='line_1_2' title="bbox 283 242 1473 291; baseline -0.001 -9"><span class='ocrx_word' id='word_1_3' title='bbox 283 254 446 282; x_wconf 61' lang='lat' dir='ltr'><strong>com-aa</strong></span> <span class='ocrx_word' id='word_1_4' title='bbox 477 254 739 282; x_wconf 71' lang='lat' dir='ltr'><strong>cnzscoumm</strong></span> <span class='ocrx_word' id='word_1_5' title='bbox 771 254 1056 291; x_wconf 67' lang='lat' dir='ltr'><strong>DONATISTAM,</strong></span> <span class='ocrx_word' id='word_1_6' title='bbox 1093 256 1174 281; x_wconf 76' lang='lat' dir='ltr'><strong>Lm.</strong></span> <span class='ocrx_word' id='word_1_7' title='bbox 1211 256 1275 281; x_wconf 85' lang='lat'>111.</span> <span class='ocrx_word' id='word_1_8' title='bbox 1391 242 1473 281; x_wconf 69' lang='lat'><strong>423</strong></span> 
     </span>
    </p>
   </div>
   <div class='ocr_carea' id='block_1_3' title="bbox 88 318 1480 2554">
    <p class='ocr_par' dir='ltr' id='par_1_3' title="bbox 88 318 1480 1855">
     <span class='ocr_line' id='line_1_3' title="bbox 96 318 1474 378; baseline -0.002 -14"><span class='ocrx_word' id='word_1_9' title='bbox 96 319 286 364; x_wconf 82' lang='lat' dir='ltr'><strong>crebrius</strong></span> <span class='ocrx_word' id='word_1_10' title='bbox 299 328 343 362; x_wconf 88' lang='lat' dir='ltr'><strong>et</strong></span> <span class='ocrx_word' id='word_1_11' title='bbox 360 318 566 363; x_wconf 86' lang='lat' dir='ltr'><strong>audacius</strong></span> <span class='ocrx_word' id='word_1_12' title='bbox 580 318 990 363; x_wconf 88' lang='lat' dir='ltr'><strong>Circumcellionum</strong></span> <span class='ocrx_word' id='word_1_13' title='bbox 1013 318 1226 363; x_wconf 87' lang='lat' dir='ltr'><strong>violentiis</strong></span> <span class='ocrx_word' id='word_1_14' title='bbox 1247 319 1474 378; x_wconf 77' lang='lat' dir='ltr'><strong>turbisque</strong></span> 
     </span>
     <span class='ocr_line' id='line_1_4' title="bbox 96 387 1474 447; baseline -0.002 -13"><span class='ocrx_word' id='word_1_15' title='bbox 96 389 342 434; x_wconf 81' lang='lat' dir='ltr'><strong>furentibus</strong></span> <span class='ocrx_word' id='word_1_16' title='bbox 376 403 454 433; x_wconf 90' lang='lat' dir='ltr'><strong>nos</strong></span> <span class='ocrx_word' id='word_1_17' title='bbox 481 404 503 432; x_wconf 91' lang='lat' dir='ltr'><strong>a</strong></span> <span class='ocrx_word' id='word_1_18' title='bbox 533 387 808 447; x_wconf 86' lang='lat' dir='ltr'><strong>praedicanda</strong></span> <span class='ocrx_word' id='word_1_19' title='bbox 835 389 1044 432; x_wconf 83' lang='lat' dir='ltr'><strong>catholiea</strong></span> <span class='ocrx_word' id='word_1_20' title='bbox 1073 389 1252 432; x_wconf 79' lang='lat' dir='ltr'><strong>veritate</strong></span> <span class='ocrx_word' id='word_1_21' title='bbox 1270 423 1280 442; x_wconf 94' lang='lat'><strong>,</strong></span> <span class='ocrx_word' id='word_1_22' title='bbox 1312 402 1474 447; x_wconf 87' lang='lat' dir='ltr'><strong>suaque</strong></span> 
     </span>
     <span class='ocr_line' id='line_1_5' title="bbox 94 458 1475 519; baseline -0.001 -15"><span class='ocrx_word' id='word_1_23' title='bbox 94 459 265 505; x_wconf 84' lang='lat' dir='ltr'><strong>fallacia</strong></span> <span class='ocrx_word' id='word_1_24' title='bbox 285 459 584 504; x_wconf 89' lang='lat' dir='ltr'><strong>convincenda</strong></span> <span class='ocrx_word' id='word_1_25' title='bbox 601 493 612 513; x_wconf 94' lang='lat'><strong>,</strong></span> <span class='ocrx_word' id='word_1_26' title='bbox 637 458 853 503; x_wconf 81' lang='lat' dir='ltr'><strong>deterrere</strong></span> <span class='ocrx_word' id='word_1_27' title='bbox 875 467 1119 517; x_wconf 84' lang='lat' dir='ltr'><strong>coeperunt.</strong></span> <span class='ocrx_word' id='word_1_28' title='bbox 1147 462 1202 502; x_wconf 88' lang='lat' dir='ltr'><strong>Et</strong></span> <span class='ocrx_word' id='word_1_29' title='bbox 1224 460 1325 519; x_wconf 89' lang='lat' dir='ltr'><strong>quia</strong></span> <span class='ocrx_word' id='word_1_30' title='bbox 1348 458 1475 502; x_wconf 88' lang='lat' dir='ltr'><strong>multi</strong></span> 
     </span>
     <span class='ocr_line' id='line_1_6' title="bbox 95 527 1476 589; baseline -0.001 -16"><span class='ocrx_word' id='word_1_31' title='bbox 95 529 250 574; x_wconf 83' lang='lat' dir='ltr'><strong>erroris</strong></span> <span class='ocrx_word' id='word_1_32' title='bbox 268 544 421 574; x_wconf 89' lang='lat' dir='ltr'><strong>eorum</strong></span> <span class='ocrx_word' id='word_1_33' title='bbox 443 528 606 589; x_wconf 87' lang='lat' dir='ltr'><strong>laqueis</strong></span> <span class='ocrx_word' id='word_1_34' title='bbox 627 527 862 588; x_wconf 81' lang='lat' dir='ltr'><strong>implicati,</strong></span> <span class='ocrx_word' id='word_1_35' title='bbox 887 544 986 572; x_wconf 90' lang='lat' dir='ltr'><strong>cum</strong></span> <span class='ocrx_word' id='word_1_36' title='bbox 1006 529 1164 588; x_wconf 89' lang='lat' dir='ltr'><strong>quibus</strong></span> <span class='ocrx_word' id='word_1_37' title='bbox 1181 538 1231 572; x_wconf 90' lang='lat' dir='ltr'><strong>ut</strong></span> <span class='ocrx_word' id='word_1_38' title='bbox 1247 528 1349 572; x_wconf 90' lang='lat' dir='ltr'><strong>inde</strong></span> <span class='ocrx_word' id='word_1_39' title='bbox 1365 527 1476 572; x_wconf 91' lang='lat' dir='ltr'><strong>libe-</strong></span> 
     </span>
     <span class='ocr_line' id='line_1_7' title="bbox 93 598 1474 658; baseline 0 -15"><span class='ocrx_word' id='word_1_40' title='bbox 93 608 293 644; x_wconf 86' lang='lat' dir='ltr'><strong>rarentur</strong></span> <span class='ocrx_word' id='word_1_41' title='bbox 328 600 583 658; x_wconf 84' lang='lat' dir='ltr'><strong>agebamus,</strong></span> <span class='ocrx_word' id='word_1_42' title='bbox 620 598 942 658; x_wconf 86' lang='lat' dir='ltr'><strong>respondebant</strong></span> <span class='ocrx_word' id='word_1_43' title='bbox 970 600 1112 654; x_wconf 90' lang='lat' dir='ltr'><strong>nobis,</strong></span> <span class='ocrx_word' id='word_1_44' title='bbox 1152 600 1234 643; x_wconf 91' lang='lat' dir='ltr'><strong>hoc</strong></span> <span class='ocrx_word' id='word_1_45' title='bbox 1265 613 1344 642; x_wconf 92' lang='lat' dir='ltr'><strong>nos</strong></span> <span class='ocrx_word' id='word_1_46' title='bbox 1374 613 1474 643; x_wconf 86' lang='lat' dir='ltr'><strong>curn</strong></span> 
     </span>
     <span class='ocr_line' id='line_1_8' title="bbox 95 667 1477 728; baseline -0.001 -15"><span class='ocrx_word' id='word_1_47' title='bbox 95 669 305 728; x_wconf 88' lang='lat' dir='ltr'><strong>episcopis</strong></span> <span class='ocrx_word' id='word_1_48' title='bbox 342 669 427 713; x_wconf 88' lang='lat' dir='ltr'><strong>suis</strong></span> <span class='ocrx_word' id='word_1_49' title='bbox 456 683 579 727; x_wconf 83' lang='lat' dir='ltr'><strong>agere</strong></span> <span class='ocrx_word' id='word_1_50' title='bbox 604 667 792 724; x_wconf 90' lang='lat' dir='ltr'><strong>debere,</strong></span> <span class='ocrx_word' id='word_1_51' title='bbox 828 667 1194 728; x_wconf 75' lang='lat' dir='ltr'><strong>collationemque</strong></span> <span class='ocrx_word' id='word_1_52' title='bbox 1218 676 1410 712; x_wconf 84' lang='lat' dir='ltr'><strong>nostram</strong></span> <span class='ocrx_word' id='word_1_53' title='bbox 1433 682 1477 711; x_wconf 94' lang='lat' dir='ltr'><strong>se</strong></span> 
     </span>
     <span class='ocr_line' id='line_1_9' title="bbox 94 738 1478 799; baseline -0.002 -15"><span class='ocrx_word' id='word_1_54' title='bbox 94 741 374 784; x_wconf 90' lang='lat' dir='ltr'><strong>vehementer</strong></span> <span class='ocrx_word' id='word_1_55' title='bbox 394 749 543 799; x_wconf 90' lang='lat' dir='ltr'><strong>optare</strong></span> <span class='ocrx_word' id='word_1_56' title='bbox 567 774 578 794; x_wconf 94' lang='lat'><strong>,</strong></span> <span class='ocrx_word' id='word_1_57' title='bbox 604 740 680 783; x_wconf 88' lang='lat' dir='ltr'><strong>ubi</strong></span> <span class='ocrx_word' id='word_1_58' title='bbox 702 748 877 799; x_wconf 87' lang='lat' dir='ltr'><strong>possent</strong></span> <span class='ocrx_word' id='word_1_59' title='bbox 898 738 1043 783; x_wconf 86' lang='lat' dir='ltr'><strong>videre</strong></span> <span class='ocrx_word' id='word_1_60' title='bbox 1066 739 1226 799; x_wconf 88' lang='lat' dir='ltr'><strong>quibus</strong></span> <span class='ocrx_word' id='word_1_61' title='bbox 1252 739 1478 782; x_wconf 89' lang='lat' dir='ltr'><strong>asserenti-</strong></span> 
     </span>
     <span class='ocr_line' id='line_1_10' title="bbox 94 809 1479 869; baseline -0.001 -15"><span class='ocrx_word' id='word_1_62' title='bbox 94 811 177 855; x_wconf 86' lang='lat' dir='ltr'><strong>bus</strong></span> <span class='ocrx_word' id='word_1_63' title='bbox 207 819 429 869; x_wconf 88' lang='lat' dir='ltr'><strong>superaret</strong></span> <span class='ocrx_word' id='word_1_64' title='bbox 454 811 610 854; x_wconf 87' lang='lat' dir='ltr'><strong>veritas</strong></span> <span class='ocrx_word' id='word_1_65' title='bbox 639 809 887 864; x_wconf 85' lang='lat' dir='ltr'><strong>falsitatem,</strong></span> <span class='ocrx_word' id='word_1_66' title='bbox 925 811 970 854; x_wconf 86' lang='lat' dir='ltr'><strong>in</strong></span> <span class='ocrx_word' id='word_1_67' title='bbox 995 810 1324 868; x_wconf 83' lang='lat' dir='ltr'><strong>Carthaginensi</strong></span> <span class='ocrx_word' id='word_1_68' title='bbox 1347 809 1479 853; x_wconf 87' lang='lat' dir='ltr'><strong>totius</strong></span> 
     </span>
     <span class='ocr_line' id='line_1_11' title="bbox 93 877 1479 939; baseline -0.002 -15"><span class='ocrx_word' id='word_1_69' title='bbox 93 878 248 924; x_wconf 79' lang='lat' dir='ltr'><strong>Africae</strong></span> <span class='ocrx_word' id='word_1_70' title='bbox 274 879 458 924; x_wconf 89' lang='lat' dir='ltr'><strong>concilio</strong></span> <span class='ocrx_word' id='word_1_71' title='bbox 487 879 612 924; x_wconf 90' lang='lat' dir='ltr'><strong>nobis</strong></span> <span class='ocrx_word' id='word_1_72' title='bbox 641 879 818 939; x_wconf 86' lang='lat' dir='ltr'><strong>placuit,</strong></span> <span class='ocrx_word' id='word_1_73' title='bbox 855 888 902 922; x_wconf 89' lang='lat' dir='ltr'><strong>ut</strong></span> <span class='ocrx_word' id='word_1_74' title='bbox 933 878 1127 922; x_wconf 86' lang='lat' dir='ltr'><strong>adbibita</strong></span> <span class='ocrx_word' id='word_1_75' title='bbox 1169 880 1299 921; x_wconf 84' lang='lat' dir='ltr'><strong>etiam</strong></span> <span class='ocrx_word' id='word_1_76' title='bbox 1335 877 1479 937; x_wconf 86' lang='lat' dir='ltr'><strong>publi-</strong></span> 
     </span>
     <span class='ocr_line' id='line_1_12' title="bbox 91 949 1478 1009; baseline -0.001 -15"><span class='ocrx_word' id='word_1_77' title='bbox 91 965 242 995; x_wconf 88' lang='lat' dir='ltr'><strong>corum</strong></span> <span class='ocrx_word' id='word_1_78' title='bbox 265 950 567 994; x_wconf 84' lang='lat' dir='ltr'><strong>testificatione</strong></span> <span class='ocrx_word' id='word_1_79' title='bbox 591 959 808 1008; x_wconf 85' lang='lat' dir='ltr'><strong>gestorum</strong></span> <span class='ocrx_word' id='word_1_80' title='bbox 829 984 840 1004; x_wconf 95' lang='lat'><strong>,</strong></span> <span class='ocrx_word' id='word_1_81' title='bbox 863 964 952 1009; x_wconf 87' lang='lat' dir='ltr'><strong>quo</strong></span> <span class='ocrx_word' id='word_1_82' title='bbox 973 963 1195 1008; x_wconf 88' lang='lat' dir='ltr'><strong>possemus</strong></span> <span class='ocrx_word' id='word_1_83' title='bbox 1217 949 1275 991; x_wconf 90' lang='lat' dir='ltr'><strong>eis</strong></span> <span class='ocrx_word' id='word_1_84' title='bbox 1297 949 1373 1008; x_wconf 89' lang='lat' dir='ltr'><strong>qui</strong></span> <span class='ocrx_word' id='word_1_85' title='bbox 1394 949 1478 992; x_wconf 89' lang='lat' dir='ltr'><strong>hoc</strong></span> 
     </span>
     <span class='ocr_line' id='line_1_13' title="bbox 91 1017 1480 1078; baseline -0.002 -15"><span class='ocrx_word' id='word_1_86' title='bbox 91 1019 348 1078; x_wconf 85' lang='lat' dir='ltr'><strong>flagitabant</strong></span> <span class='ocrx_word' id='word_1_87' title='bbox 387 1020 602 1078; x_wconf 89' lang='lat' dir='ltr'><strong>probare,</strong></span> <span class='ocrx_word' id='word_1_88' title='bbox 641 1019 855 1063; x_wconf 89' lang='lat' dir='ltr'><strong>desiderio</strong></span> <span class='ocrx_word' id='word_1_89' title='bbox 891 1033 1042 1063; x_wconf 88' lang='lat' dir='ltr'><strong>eorum</strong></span> <span class='ocrx_word' id='word_1_90' title='bbox 1078 1033 1156 1062; x_wconf 91' lang='lat' dir='ltr'><strong>nos</strong></span> <span class='ocrx_word' id='word_1_91' title='bbox 1192 1018 1370 1061; x_wconf 88' lang='lat' dir='ltr'><strong>minime</strong></span> <span class='ocrx_word' id='word_1_92' title='bbox 1402 1017 1480 1060; x_wconf 90' lang='lat' dir='ltr'><strong>de-</strong></span> 
     </span>
     <span class='ocr_line' id='line_1_14' title="bbox 91 1087 1480 1149; baseline -0.001 -16"><span class='ocrx_word' id='word_1_93' title='bbox 91 1089 223 1133; x_wconf 86' lang='lat' dir='ltr'><strong>fuisse</strong></span> <span class='ocrx_word' id='word_1_94' title='bbox 239 1123 250 1144; x_wconf 87' lang='lat'><strong>,</strong></span> <span class='ocrx_word' id='word_1_95' title='bbox 276 1090 404 1133; x_wconf 88' lang='lat' dir='ltr'><strong>vestri</strong></span> <span class='ocrx_word' id='word_1_96' title='bbox 429 1089 607 1149; x_wconf 84' lang='lat' dir='ltr'><strong>pacifice</strong></span> <span class='ocrx_word' id='word_1_97' title='bbox 627 1089 966 1134; x_wconf 84' lang='lat' dir='ltr'><strong>convenirentur</strong></span> <span class='ocrx_word' id='word_1_98' title='bbox 989 1088 1193 1147; x_wconf 87' lang='lat' dir='ltr'><strong>episcopi,</strong></span> <span class='ocrx_word' id='word_1_99' title='bbox 1219 1087 1402 1146; x_wconf 86' lang='lat' dir='ltr'><strong>quisque</strong></span> <span class='ocrx_word' id='word_1_100' title='bbox 1426 1088 1480 1131; x_wconf 88' lang='lat' dir='ltr'><strong>ab</strong></span> 
     </span>
     <span class='ocr_line' id='line_1_15' title="bbox 93 1157 1479 1219; baseline -0.004 -15"><span class='ocrx_word' id='word_1_101' title='bbox 93 1175 144 1204; x_wconf 90' lang='lat' dir='ltr'><strong>eo</strong></span> <span class='ocrx_word' id='word_1_102' title='bbox 161 1168 359 1204; x_wconf 81' lang='lat' dir='ltr'><strong>nostrum</strong></span> <span class='ocrx_word' id='word_1_103' title='bbox 379 1160 456 1219; x_wconf 83' lang='lat' dir='ltr'><strong>qui</strong></span> <span class='ocrx_word' id='word_1_104' title='bbox 478 1159 632 1203; x_wconf 88' lang='lat' dir='ltr'><strong>eodem</strong></span> <span class='ocrx_word' id='word_1_105' title='bbox 656 1158 752 1204; x_wconf 93' lang='lat' dir='ltr'><strong>loco</strong></span> <span class='ocrx_word' id='word_1_106' title='bbox 773 1160 817 1203; x_wconf 83' lang='lat' dir='ltr'><strong>in</strong></span> <span class='ocrx_word' id='word_1_107' title='bbox 845 1174 933 1218; x_wconf 88' lang='lat' dir='ltr'><strong>quo</strong></span> <span class='ocrx_word' id='word_1_108' title='bbox 950 1157 1022 1202; x_wconf 89' lang='lat' dir='ltr'><strong>ille</strong></span> <span class='ocrx_word' id='word_1_109' title='bbox 1039 1158 1289 1202; x_wconf 83' lang='lat' dir='ltr'><strong>consisteret</strong></span> <span class='ocrx_word' id='word_1_110' title='bbox 1306 1177 1318 1214; x_wconf 79' lang='lat'><em>3</em></span> <span class='ocrx_word' id='word_1_111' title='bbox 1338 1165 1386 1200; x_wconf 90' lang='lat' dir='ltr'><strong>ut</strong></span> <span class='ocrx_word' id='word_1_112' title='bbox 1402 1171 1479 1215; x_wconf 85' lang='lat' dir='ltr'><strong>per</strong></span> 
     </span>
     <span class='ocr_line' id='line_1_16' title="bbox 91 1225 1478 1284; baseline -0.004 -9"><span class='ocrx_word' id='word_1_113' title='bbox 91 1230 370 1275; x_wconf 89' lang='lat' dir='ltr'><strong>collationem</strong></span> <span class='ocrx_word' id='word_1_114' title='bbox 404 1239 595 1275; x_wconf 88' lang='lat' dir='ltr'><strong>nostram</strong></span> <span class='ocrx_word' id='word_1_115' title='bbox 630 1245 773 1274; x_wconf 92' lang='lat' dir='ltr'><strong>errore</strong></span> <span class='ocrx_word' id='word_1_116' title='bbox 806 1229 1005 1284; x_wconf 86' lang='lat' dir='ltr'><strong>sublato,</strong></span> <span class='ocrx_word' id='word_1_117' title='bbox 1045 1228 1276 1272; x_wconf 83' lang='lat' dir='ltr'><strong>christiana</strong></span> <span class='ocrx_word' id='word_1_118' title='bbox 1314 1237 1357 1271; x_wconf 90' lang='lat' dir='ltr'><strong>et</strong></span> <span class='ocrx_word' id='word_1_119' title='bbox 1389 1225 1478 1270; x_wconf 89' lang='lat' dir='ltr'><strong>fra-</strong></span> 
     </span>
     <span class='ocr_line' id='line_1_17' title="bbox 92 1297 1478 1359; baseline -0.004 -15"><span class='ocrx_word' id='word_1_120' title='bbox 92 1309 215 1345; x_wconf 87' lang='lat' dir='ltr'><strong>terna</strong></span> <span class='ocrx_word' id='word_1_121' title='bbox 247 1301 474 1357; x_wconf 87' lang='lat' dir='ltr'><strong>societate,</strong></span> <span class='ocrx_word' id='word_1_122' title='bbox 505 1300 688 1354; x_wconf 88' lang='lat' dir='ltr'><strong>unitate,</strong></span> <span class='ocrx_word' id='word_1_123' title='bbox 720 1300 953 1354; x_wconf 85' lang='lat' dir='ltr'><strong>charitate,</strong></span> <span class='ocrx_word' id='word_1_124' title='bbox 989 1313 1094 1359; x_wconf 86' lang='lat' dir='ltr'><strong>pace</strong></span> <span class='ocrx_word' id='word_1_125' title='bbox 1128 1297 1406 1341; x_wconf 86' lang='lat' dir='ltr'><strong>frueremur:</strong></span> <span class='ocrx_word' id='word_1_126' title='bbox 1433 1297 1478 1340; x_wconf 90' lang='lat' dir='ltr'><strong>id</strong></span> 
     </span>
     <span class='ocr_line' id='line_1_18' title="bbox 90 1366 1479 1430; baseline -0.004 -15"><span class='ocrx_word' id='word_1_127' title='bbox 90 1371 327 1425; x_wconf 83' lang='lat' dir='ltr'><strong>intuentes,</strong></span> <span class='ocrx_word' id='word_1_128' title='bbox 345 1371 448 1430; x_wconf 80' lang='lat' dir='ltr'><strong>quia</strong></span> <span class='ocrx_word' id='word_1_129' title='bbox 465 1370 500 1415; x_wconf 91' lang='lat' dir='ltr'><strong>si</strong></span> <span class='ocrx_word' id='word_1_130' title='bbox 516 1371 600 1414; x_wconf 89' lang='lat' dir='ltr'><strong>hoc</strong></span> <span class='ocrx_word' id='word_1_131' title='bbox 618 1371 708 1414; x_wconf 88' lang='lat' dir='ltr'><strong>fieri</strong></span> <span class='ocrx_word' id='word_1_132' title='bbox 727 1370 907 1425; x_wconf 88' lang='lat' dir='ltr'><strong>vellent,</strong></span> <span class='ocrx_word' id='word_1_133' title='bbox 933 1370 1166 1430; x_wconf 84' lang='lat' dir='ltr'><strong>adjuvante</strong></span> <span class='ocrx_word' id='word_1_134' title='bbox 1187 1366 1479 1411; x_wconf 86' lang='lat' dir='ltr'><strong>misericordia</strong></span> 
     </span>
     <span class='ocr_line' id='line_1_19' title="bbox 89 1440 1476 1500; baseline -0.004 -14"><span class='ocrx_word' id='word_1_135' title='bbox 89 1442 166 1486; x_wconf 93' lang='lat' dir='ltr'><strong>Dei</strong></span> <span class='ocrx_word' id='word_1_136' title='bbox 208 1440 413 1486; x_wconf 87' lang='lat' dir='ltr'><strong>facillime</strong></span> <span class='ocrx_word' id='word_1_137' title='bbox 453 1450 650 1500; x_wconf 88' lang='lat' dir='ltr'><strong>poterat,</strong></span> <span class='ocrx_word' id='word_1_138' title='bbox 687 1440 904 1500; x_wconf 87' lang='lat' dir='ltr'><strong>quidquid</strong></span> <span class='ocrx_word' id='word_1_139' title='bbox 936 1441 981 1484; x_wconf 90' lang='lat' dir='ltr'><strong>in</strong></span> <span class='ocrx_word' id='word_1_140' title='bbox 1015 1455 1142 1484; x_wconf 90' lang='lat' dir='ltr'><strong>causa</strong></span> <span class='ocrx_word' id='word_1_141' title='bbox 1176 1447 1321 1482; x_wconf 88' lang='lat' dir='ltr'><strong>nostra</strong></span> <span class='ocrx_word' id='word_1_142' title='bbox 1352 1446 1476 1491; x_wconf 85' lang='lat' dir='ltr'><strong>esset,</strong></span> 
     </span>
     <span class='ocr_line' id='line_1_20' title="bbox 89 1507 1479 1570; baseline -0.004 -14"><span class='ocrx_word' id='word_1_143' title='bbox 89 1512 294 1570; x_wconf 72' lang='lat' dir='ltr'><strong>agnosci,</strong></span> <span class='ocrx_word' id='word_1_144' title='bbox 324 1512 359 1555; x_wconf 89' lang='lat' dir='ltr'><strong>si</strong></span> <span class='ocrx_word' id='word_1_145' title='bbox 392 1521 537 1555; x_wconf 88' lang='lat' dir='ltr'><strong>autern</strong></span> <span class='ocrx_word' id='word_1_146' title='bbox 573 1521 821 1556; x_wconf 86' lang='lat' dir='ltr'><strong>recusarent</strong></span> <span class='ocrx_word' id='word_1_147' title='bbox 853 1509 1004 1554; x_wconf 86' lang='lat' dir='ltr'><strong>saltem</strong></span> <span class='ocrx_word' id='word_1_148' title='bbox 1034 1507 1296 1552; x_wconf 81' lang='lat' dir='ltr'><strong>difffidentia</strong></span> <span class='ocrx_word' id='word_1_149' title='bbox 1329 1522 1479 1551; x_wconf 89' lang='lat' dir='ltr'><strong>eorum</strong></span> 
     </span>
     <span class='ocr_line' id='line_1_21' title="bbox 89 1580 1474 1641; baseline -0.006 -14"><span class='ocrx_word' id='word_1_150' title='bbox 89 1598 179 1627; x_wconf 89' lang='lat' dir='ltr'><strong>non</strong></span> <span class='ocrx_word' id='word_1_151' title='bbox 201 1581 359 1626; x_wconf 89' lang='lat' dir='ltr'><strong>frustra</strong></span> <span class='ocrx_word' id='word_1_152' title='bbox 383 1581 465 1625; x_wconf 91' lang='lat' dir='ltr'><strong>illis</strong></span> <span class='ocrx_word' id='word_1_153' title='bbox 482 1616 492 1636; x_wconf 90' lang='lat'><strong>,</strong></span> <span class='ocrx_word' id='word_1_154' title='bbox 513 1581 590 1641; x_wconf 90' lang='lat' dir='ltr'><strong>qui</strong></span> <span class='ocrx_word' id='word_1_155' title='bbox 612 1582 696 1626; x_wconf 88' lang='lat' dir='ltr'><strong>hoc</strong></span> <span class='ocrx_word' id='word_1_156' title='bbox 718 1596 740 1624; x_wconf 92' lang='lat' dir='ltr'><strong>a</strong></span> <span class='ocrx_word' id='word_1_157' title='bbox 759 1580 884 1625; x_wconf 91' lang='lat' dir='ltr'><strong>nobis</strong></span> <span class='ocrx_word' id='word_1_158' title='bbox 899 1587 1186 1639; x_wconf 86' lang='lat' dir='ltr'><strong>poposcerant</strong></span> <span class='ocrx_word' id='word_1_159' title='bbox 1202 1613 1212 1630; x_wconf 86' lang='lat'><strong>,</strong></span> <span class='ocrx_word' id='word_1_160' title='bbox 1234 1585 1474 1637; x_wconf 86' lang='lat' dir='ltr'><strong>appareret.</strong></span> 
     </span>
     <span class='ocr_line' id='line_1_22' title="bbox 90 1648 1476 1709; baseline -0.005 -12"><span class='ocrx_word' id='word_1_161' title='bbox 90 1656 274 1698; x_wconf 90' lang='lat' dir='ltr'><strong>Factum</strong></span> <span class='ocrx_word' id='word_1_162' title='bbox 307 1662 386 1707; x_wconf 90' lang='lat' dir='ltr'><strong>est,</strong></span> <span class='ocrx_word' id='word_1_163' title='bbox 422 1653 625 1697; x_wconf 88' lang='lat' dir='ltr'><strong>conventi</strong></span> <span class='ocrx_word' id='word_1_164' title='bbox 659 1661 787 1706; x_wconf 91' lang='lat' dir='ltr'><strong>sunt,</strong></span> <span class='ocrx_word' id='word_1_165' title='bbox 823 1659 1076 1695; x_wconf 86' lang='lat' dir='ltr'><strong>recusarunt</strong></span> <span class='ocrx_word' id='word_1_166' title='bbox 1101 1669 1110 1694; x_wconf 90' lang='lat'>:</span> <span class='ocrx_word' id='word_1_167' title='bbox 1135 1649 1295 1709; x_wconf 89' lang='lat' dir='ltr'><strong>quibus</strong></span> <span class='ocrx_word' id='word_1_168' title='bbox 1316 1648 1476 1701; x_wconf 89' lang='lat' dir='ltr'><strong>verbis,</strong></span> 
     </span>
     <span class='ocr_line' id='line_1_23' title="bbox 88 1717 1478 1784; baseline -0.004 -16"><span class='ocrx_word' id='word_1_169' title='bbox 88 1739 177 1784; x_wconf 90' lang='lat' dir='ltr'><strong>quo</strong></span> <span class='ocrx_word' id='word_1_170' title='bbox 212 1724 331 1778; x_wconf 91' lang='lat' dir='ltr'><strong>dolo,</strong></span> <span class='ocrx_word' id='word_1_171' title='bbox 371 1722 690 1778; x_wconf 87' lang='lat' dir='ltr'><strong>maledictione,</strong></span> <span class='ocrx_word' id='word_1_172' title='bbox 721 1722 1011 1767; x_wconf 87' lang='lat' dir='ltr'><strong>amaritudine</strong></span> <span class='ocrx_word' id='word_1_173' title='bbox 1038 1721 1192 1781; x_wconf 88' lang='lat' dir='ltr'><strong>plenis,</strong></span> <span class='ocrx_word' id='word_1_174' title='bbox 1231 1734 1350 1763; x_wconf 89' lang='lat' dir='ltr'><strong>nunc</strong></span> <span class='ocrx_word' id='word_1_175' title='bbox 1382 1717 1478 1763; x_wconf 88' lang='lat' dir='ltr'><strong>lon-</strong></span> 
     </span>
     <span class='ocr_line' id='line_1_24' title="bbox 91 1794 615 1855; baseline -0.006 -15"><span class='ocrx_word' id='word_1_176' title='bbox 91 1811 195 1855; x_wconf 83' lang='lat' dir='ltr'><strong>gum</strong></span> <span class='ocrx_word' id='word_1_177' title='bbox 217 1804 283 1840; x_wconf 92' lang='lat' dir='ltr'><strong>est</strong></span> <span class='ocrx_word' id='word_1_178' title='bbox 303 1794 615 1839; x_wconf 89' lang='lat' dir='ltr'><strong>demonstrare.</strong></span> 
     </span>
    </p>

    <p class='ocr_par' dir='ltr' id='par_1_4' title="bbox 91 1861 1479 2554">
     <span class='ocr_line' id='line_1_25' title="bbox 148 1861 1478 1924; baseline -0.006 -14"><span class='ocrx_word' id='word_1_179' title='bbox 148 1869 198 1910; x_wconf 89' lang='lat' dir='ltr'><strong>L.</strong></span> <span class='ocrx_word' id='word_1_180' title='bbox 234 1868 404 1910; x_wconf 89' lang='lat' dir='ltr'><strong>Interea</strong></span> <span class='ocrx_word' id='word_1_181' title='bbox 441 1865 664 1924; x_wconf 89' lang='lat' dir='ltr'><strong>Crispinus</strong></span> <span class='ocrx_word' id='word_1_182' title='bbox 702 1862 966 1908; x_wconf 86' lang='lat' dir='ltr'><strong>Calamensis</strong></span> <span class='ocrx_word' id='word_1_183' title='bbox 1004 1869 1144 1905; x_wconf 91' lang='lat' dir='ltr'><strong>vester</strong></span> <span class='ocrx_word' id='word_1_184' title='bbox 1174 1861 1423 1920; x_wconf 78' lang='lat' dir='ltr'><strong>episcopuS,</strong></span> <span class='ocrx_word' id='word_1_185' title='bbox 1455 1875 1478 1902; x_wconf 86' lang='lat' dir='ltr'><strong>a</strong></span> 
     </span>
     <span class='ocr_line' id='line_1_26' title="bbox 92 1931 1476 1992; baseline -0.006 -12"><span class='ocrx_word' id='word_1_186' title='bbox 92 1936 285 1981; x_wconf 88' lang='lat' dir='ltr'><strong>Possidio</strong></span> <span class='ocrx_word' id='word_1_187' title='bbox 309 1934 473 1992; x_wconf 87' lang='lat' dir='ltr'><strong>collega</strong></span> <span class='ocrx_word' id='word_1_188' title='bbox 494 1950 592 1979; x_wconf 90' lang='lat' dir='ltr'><strong>meo</strong></span> <span class='ocrx_word' id='word_1_189' title='bbox 610 1936 653 1977; x_wconf 87' lang='lat' dir='ltr'><strong>in</strong></span> <span class='ocrx_word' id='word_1_190' title='bbox 671 1933 822 1978; x_wconf 88' lang='lat' dir='ltr'><strong>eadem</strong></span> <span class='ocrx_word' id='word_1_191' title='bbox 841 1933 1015 1977; x_wconf 86' lang='lat' dir='ltr'><strong>civitate</strong></span> <span class='ocrx_word' id='word_1_192' title='bbox 1037 1931 1152 1990; x_wconf 87' lang='lat' dir='ltr'><strong>apud</strong></span> <span class='ocrx_word' id='word_1_193' title='bbox 1174 1940 1267 1976; x_wconf 83' lang='lat' dir='ltr'><strong>acta</strong></span> <span class='ocrx_word' id='word_1_194' title='bbox 1282 1944 1476 1974; x_wconf 88' lang='lat' dir='ltr'><strong>conven—</strong></span> 
     </span>
     <span class='ocr_line' id='line_1_27' title="bbox 91 2000 1477 2062; baseline -0.006 -12"><span class='ocrx_word' id='word_1_195' title='bbox 91 2018 177 2060; x_wconf 91' lang='lat' dir='ltr'><strong>tus,</strong></span> <span class='ocrx_word' id='word_1_196' title='bbox 202 2005 258 2050; x_wconf 87' lang='lat' dir='ltr'><strong>ad</strong></span> <span class='ocrx_word' id='word_1_197' title='bbox 277 2005 509 2050; x_wconf 88' lang='lat' dir='ltr'><strong>concilium</strong></span> <span class='ocrx_word' id='word_1_198' title='bbox 525 2013 714 2048; x_wconf 89' lang='lat' dir='ltr'><strong>vestrum</strong></span> <span class='ocrx_word' id='word_1_199' title='bbox 728 2003 868 2062; x_wconf 90' lang='lat' dir='ltr'><strong>primo</strong></span> <span class='ocrx_word' id='word_1_200' title='bbox 886 2001 1128 2055; x_wconf 87' lang='lat' dir='ltr'><strong>distulerat,</strong></span> <span class='ocrx_word' id='word_1_201' title='bbox 1147 2000 1355 2060; x_wconf 88' lang='lat' dir='ltr'><strong>pollicens</strong></span> <span class='ocrx_word' id='word_1_202' title='bbox 1376 2013 1477 2043; x_wconf 92' lang='lat' dir='ltr'><strong>eum</strong></span> 
     </span>
     <span class='ocr_line' id='line_1_28' title="bbox 91 2069 1473 2135; baseline -0.007 -14"><span class='ocrx_word' id='word_1_203' title='bbox 91 2076 268 2135; x_wconf 86' lang='lat' dir='ltr'><strong>collegis</strong></span> <span class='ocrx_word' id='word_1_204' title='bbox 315 2076 400 2120; x_wconf 88' lang='lat' dir='ltr'><strong>suis</strong></span> <span class='ocrx_word' id='word_1_205' title='bbox 441 2075 501 2118; x_wconf 90' lang='lat' dir='ltr'><strong>ibi</strong></span> <span class='ocrx_word' id='word_1_206' title='bbox 531 2090 574 2118; x_wconf 92' lang='lat' dir='ltr'><strong>se</strong></span> <span class='ocrx_word' id='word_1_207' title='bbox 612 2075 805 2117; x_wconf 88' lang='lat' dir='ltr'><strong>visurum</strong></span> <span class='ocrx_word' id='word_1_208' title='bbox 846 2071 953 2132; x_wconf 81' lang='lat' dir='ltr'><strong>quid</strong></span> <span class='ocrx_word' id='word_1_209' title='bbox 988 2069 1247 2130; x_wconf 87' lang='lat' dir='ltr'><strong>respondere</strong></span> <span class='ocrx_word' id='word_1_210' title='bbox 1279 2069 1473 2113; x_wconf 90' lang='lat' dir='ltr'><strong>deberet.</strong></span> 
     </span>
     <span class='ocr_line' id='line_1_29' title="bbox 92 2140 1479 2204; baseline -0.006 -13"><span class='ocrx_word' id='word_1_211' title='bbox 92 2145 259 2191; x_wconf 83' lang='lat' dir='ltr'><strong>Deinde</strong></span> <span class='ocrx_word' id='word_1_212' title='bbox 275 2156 371 2204; x_wconf 90' lang='lat' dir='ltr'><strong>post</strong></span> <span class='ocrx_word' id='word_1_213' title='bbox 386 2160 473 2189; x_wconf 91' lang='lat' dir='ltr'><strong>non</strong></span> <span class='ocrx_word' id='word_1_214' title='bbox 493 2159 673 2203; x_wconf 86' lang='lat' dir='ltr'><strong>parvum</strong></span> <span class='ocrx_word' id='word_1_215' title='bbox 695 2153 865 2202; x_wconf 87' lang='lat' dir='ltr'><strong>tempus</strong></span> <span class='ocrx_word' id='word_1_216' title='bbox 878 2142 1057 2202; x_wconf 78' lang='lat' dir='ltr'><strong>repetita</strong></span> <span class='ocrx_word' id='word_1_217' title='bbox 1070 2140 1479 2193; x_wconf 85' lang='lat' dir='ltr'><strong>conventione,rur-</strong></span> 
     </span>
     <span class='ocr_line' id='line_1_30' title="bbox 93 2211 1479 2276; baseline -0.007 -14"><span class='ocrx_word' id='word_1_218' title='bbox 93 2232 165 2262; x_wconf 90' lang='lat' dir='ltr'><strong>sus</strong></span> <span class='ocrx_word' id='word_1_219' title='bbox 178 2217 296 2276; x_wconf 91' lang='lat' dir='ltr'><strong>apud</strong></span> <span class='ocrx_word' id='word_1_220' title='bbox 311 2226 403 2261; x_wconf 89' lang='lat' dir='ltr'><strong>aeta</strong></span> <span class='ocrx_word' id='word_1_221' title='bbox 419 2215 641 2275; x_wconf 83' lang='lat' dir='ltr'><strong>respondit</strong></span> <span class='ocrx_word' id='word_1_222' title='bbox 662 2234 670 2259; x_wconf 89' lang='lat'>:</span> <span class='ocrx_word' id='word_1_223' title='bbox 695 2233 714 2256; x_wconf 90' lang='lat'>«</span> <span class='ocrx_word' id='word_1_224' title='bbox 732 2214 874 2257; x_wconf 86' lang='lat' dir='ltr'><strong>Verba</strong></span> <span class='ocrx_word' id='word_1_225' title='bbox 891 2214 968 2257; x_wconf 86' lang='lat' dir='ltr'><strong>viri</strong></span> <span class='ocrx_word' id='word_1_226' title='bbox 986 2212 1222 2272; x_wconf 83' lang='lat' dir='ltr'><strong>peccatoris</strong></span> <span class='ocrx_word' id='word_1_227' title='bbox 1242 2225 1297 2254; x_wconf 89' lang='lat' dir='ltr'><strong>ne</strong></span> <span class='ocrx_word' id='word_1_228' title='bbox 1319 2211 1479 2253; x_wconf 86' lang='lat' dir='ltr'><strong>timue-</strong></span> 
     </span>
     <span class='ocr_line' id='line_1_31' title="bbox 101 2281 1476 2344; baseline -0.007 -12"><span class='ocrx_word' id='word_1_229' title='bbox 101 2308 114 2328; x_wconf 85' lang='lat'><strong>»</strong></span> <span class='ocrx_word' id='word_1_230' title='bbox 135 2288 230 2332; x_wconf 85' lang='lat' dir='ltr'><strong>ris¹.</strong></span> <span class='ocrx_word' id='word_1_231' title='bbox 259 2307 275 2328; x_wconf 78' lang='grc' dir='ltr'><strong><em>ι</em></strong></span> <span class='ocrx_word' id='word_1_232' title='bbox 299 2288 523 2332; x_wconf 88' lang='lat' dir='ltr'><strong>Etiterum</strong></span> <span class='ocrx_word' id='word_1_233' title='bbox 551 2306 559 2331; x_wconf 90' lang='lat'>:</span> <span class='ocrx_word' id='word_1_234' title='bbox 579 2305 598 2328; x_wconf 86' lang='lat'>«</span> <span class='ocrx_word' id='word_1_235' title='bbox 621 2290 671 2330; x_wconf 91' lang='lat' dir='ltr'><strong>In</strong></span> <span class='ocrx_word' id='word_1_236' title='bbox 688 2301 810 2330; x_wconf 87' lang='lat' dir='ltr'><strong>aures</strong></span> <span class='ocrx_word' id='word_1_237' title='bbox 822 2284 1110 2344; x_wconf 86' lang='lat' dir='ltr'><strong>imprudentis</strong></span> <span class='ocrx_word' id='word_1_238' title='bbox 1121 2297 1223 2326; x_wconf 87' lang='lat' dir='ltr'><strong>cave</strong></span> <span class='ocrx_word' id='word_1_239' title='bbox 1235 2281 1476 2342; x_wconf 85' lang='lat' dir='ltr'><strong>quidquam</strong></span> 
     </span>
     <span class='ocr_line' id='line_1_32' title="bbox 97 2356 1479 2416; baseline -0.005 -16"><span class='ocrx_word' id='word_1_240' title='bbox 97 2377 118 2400; x_wconf 87' lang='lat'>»</span> <span class='ocrx_word' id='word_1_241' title='bbox 142 2357 322 2416; x_wconf 80' lang='lat' dir='ltr'><strong>dixeris3</strong></span> <span class='ocrx_word' id='word_1_242' title='bbox 356 2373 409 2402; x_wconf 92' lang='lat' dir='ltr'><strong>ne</strong></span> <span class='ocrx_word' id='word_1_243' title='bbox 445 2373 545 2402; x_wconf 92' lang='lat' dir='ltr'><strong>cum</strong></span> <span class='ocrx_word' id='word_1_244' title='bbox 582 2357 788 2411; x_wconf 88' lang='lat' dir='ltr'><strong>audierit,</strong></span> <span class='ocrx_word' id='word_1_245' title='bbox 821 2356 996 2399; x_wconf 65' lang='lat' dir='ltr'><strong>irrideat</strong></span> <span class='ocrx_word' id='word_1_246' title='bbox 1038 2362 1227 2398; x_wconf 85' lang='lat' dir='ltr'><strong>sensatos</strong></span> <span class='ocrx_word' id='word_1_247' title='bbox 1261 2366 1479 2396; x_wconf 83' lang='lat' dir='ltr'><strong>sermones</strong></span> 
     </span>
     <span class='ocr_line' id='line_1_33' title="bbox 98 2421 1478 2484; baseline -0.007 -11"><span class='ocrx_word' id='word_1_248' title='bbox 98 2447 119 2470; x_wconf 90' lang='lat'>»</span> <span class='ocrx_word' id='word_1_249' title='bbox 143 2438 240 2473; x_wconf 89' lang='lat' dir='ltr'><strong>tuos</strong></span> <span class='ocrx_word' id='word_1_250' title='bbox 257 2430 290 2472; x_wconf 85' lang='lat'><strong>².</strong></span> <span class='ocrx_word' id='word_1_251' title='bbox 315 2446 335 2469; x_wconf 89' lang='lat'>»</span> <span class='ocrx_word' id='word_1_252' title='bbox 366 2431 609 2481; x_wconf 88' lang='lat' dir='ltr'><strong>Postremo,</strong></span> <span class='ocrx_word' id='word_1_253' title='bbox 636 2427 747 2471; x_wconf 89' lang='lat' dir='ltr'><strong>hanc</strong></span> <span class='ocrx_word' id='word_1_254' title='bbox 782 2426 1101 2484; x_wconf 87' lang='lat' dir='ltr'><strong>responsionem</strong></span> <span class='ocrx_word' id='word_1_255' title='bbox 1133 2437 1272 2466; x_wconf 88' lang='lat' dir='ltr'><strong>meam</strong></span> <span class='ocrx_word' id='word_1_256' title='bbox 1297 2421 1478 2480; x_wconf 85' lang='lat' dir='ltr'><strong>patriar—</strong></span> 
     </span>
     <span class='ocr_line' id='line_1_34' title="bbox 96 2494 1474 2554; baseline -0.006 -11"><span class='ocrx_word' id='word_1_257' title='bbox 96 2498 210 2544; x_wconf 90' lang='lat' dir='ltr'><strong>chali</strong></span> <span class='ocrx_word' id='word_1_258' title='bbox 226 2512 423 2542; x_wconf 87' lang='lat' dir='ltr'><strong>sermone</strong></span> <span class='ocrx_word' id='word_1_259' title='bbox 444 2497 604 2541; x_wconf 84' lang='lat' dir='ltr'><strong>definio</strong></span> <span class='ocrx_word' id='word_1_260' title='bbox 626 2515 634 2541; x_wconf 71' lang='grc' dir='ltr'>ς</span> <span class='ocrx_word' id='word_1_261' title='bbox 659 2515 677 2537; x_wconf 75' lang='grc' dir='ltr'><strong>ι(</strong></span> <span class='ocrx_word' id='word_1_262' title='bbox 696 2495 918 2541; x_wconf 81' lang='lat' dir='ltr'><strong>Recedant</strong></span> <span class='ocrx_word' id='word_1_263' title='bbox 941 2511 962 2539; x_wconf 86' lang='lat' dir='ltr'><strong>a</strong></span> <span class='ocrx_word' id='word_1_264' title='bbox 982 2509 1051 2539; x_wconf 91' lang='lat' dir='ltr'><strong>me</strong></span> <span class='ocrx_word' id='word_1_265' title='bbox 1067 2494 1201 2554; x_wconf 75' lang='lat' dir='ltr'><strong>impii,</strong></span> <span class='ocrx_word' id='word_1_266' title='bbox 1217 2494 1305 2537; x_wconf 87' lang='lat' dir='ltr'><strong>vias</strong></span> <span class='ocrx_word' id='word_1_267' title='bbox 1326 2505 1474 2537; x_wconf 91' lang='lat' dir='ltr'><strong>eorum</strong></span> 
     </span>
    </p>
   </div>
   <div class='ocr_carea' id='block_1_4' title="bbox 147 2582 779 2623">
    <p class='ocr_par' dir='ltr' id='par_1_5' title="bbox 147 2582 779 2623">
     <span class='ocr_line' id='line_1_35' title="bbox 147 2582 779 2623; baseline -0.006 -8"><span class='ocrx_word' id='word_1_268' title='bbox 147 2591 153 2606; x_wconf 90' lang='lat'><strong>¹</strong></span> <span class='ocrx_word' id='word_1_269' title='bbox 176 2595 186 2615; x_wconf 85' lang='lat'>1</span> <span class='ocrx_word' id='word_1_270' title='bbox 206 2582 314 2615; x_wconf 80' lang='lat' dir='ltr'><strong>Mach.</strong></span> <span class='ocrx_word' id='word_1_271' title='bbox 340 2594 378 2623; x_wconf 85' lang='lat' dir='ltr'><strong>n,</strong></span> <span class='ocrx_word' id='word_1_272' title='bbox 398 2586 451 2615; x_wconf 71' lang='lat'><strong>62.</strong></span> <span class='ocrx_word' id='word_1_273' title='bbox 467 2599 504 2604; x_wconf 98' lang='lat'><strong>—</strong></span> <span class='ocrx_word' id='word_1_274' title='bbox 521 2588 533 2604; x_wconf 87' lang='lat'>²</span> <span class='ocrx_word' id='word_1_275' title='bbox 555 2583 642 2613; x_wconf 76' lang='lat' dir='ltr'><strong>Prov.</strong></span> <span class='ocrx_word' id='word_1_276' title='bbox 662 2591 728 2618; x_wconf 79' lang='lat' dir='ltr'><strong>xm,</strong></span> <span class='ocrx_word' id='word_1_277' title='bbox 747 2592 779 2622; x_wconf 84' lang='lat'><strong>9.</strong></span> 
     </span>
    </p>
   </div>
  </div>
 </body>
</html>
