1825 3264
398 239 452 278 74
828 245 860 274 s.
895 246 1126 274 Aue-usum
1158 245 1340 273 nuscum

395 315 577 360 schisma
610 311 809 356 fecerunt
824 345 837 366 ,
860 325 950 355 non
971 310 1336 355 communicando
1357 309 1470 368 parti
1492 308 1649 354 Donati
1675 327 1685 353 ε
1711 317 1778 353 at-

397 384 530 430 tende
547 398 646 442 quae
666 381 760 427 loca
780 382 982 437 teneatis,
1005 390 1049 426 et
1070 383 1195 442 cujus
1212 379 1453 424 haereditati
1470 394 1562 424 non
1581 393 1778 424 commu-

395 455 546 500 nicetis
568 475 580 512 3
602 463 646 498 et
667 453 869 512 cogitate,
895 469 983 498 non
1014 453 1183 511 regibus
1204 449 1368 506 saeculi,
1392 449 1467 495 sed
1495 450 1583 508 regi
1606 450 1779 496 Christo

395 524 504 585 quid
527 524 790 583 respondere
820 524 1003 583 possitis.
1038 526 1099 567 De
1119 521 1195 566 illo
1217 522 1383 566 dictum
1406 530 1470 566 est
1491 539 1500 565 ε
1527 539 1547 562 α
1573 520 1780 565 Domina-

398 614 418 637 »
454 595 574 640 bitur
590 611 613 639 a
633 595 741 638 mari
763 609 903 654 usque
920 593 976 638 ad
995 609 1129 647 mare,
1155 603 1198 638 et
1215 610 1237 638 a
1255 593 1436 636 flumine
1458 606 1597 651 usque
1618 590 1674 635 ad
1689 599 1779 635 ter-

398 684 418 707 »
453 667 594 710 minos
619 666 735 710 orbis
758 675 968 710 terrarum
990 667 1020 707 ¹.
1046 683 1064 706 »
1091 667 1189 717 Quo
1210 664 1364 724 utique
1386 663 1582 716 flumine,
1607 661 1688 706 nisi
1704 660 1781 705 ubi

394 736 637 795 baptizatus
657 745 735 791 est,
761 745 805 781 et
826 736 1042 795 ubisuper
1061 750 1160 779 eum
1182 734 1387 780 columba
1405 731 1644 787 descendit,
1659 747 1776 791 mag-

395 822 501 852 num
520 807 740 851 charitatis
752 815 795 850 et
816 807 990 851 unitatis
1007 805 1217 850 indicium
1239 807 1256 846 ⁴?
1278 808 1364 849 Vos
1385 813 1532 848 autem
1551 802 1655 847 huic
1676 802 1778 846 uni-

396 877 474 922 tati
495 892 583 921 non
606 877 953 931 communicatiS,
975 886 1017 920 et
1035 875 1178 920 adhuc
1194 876 1288 920 loca
1311 874 1489 919 unitatis
1516 873 1671 918 tenetis
1697 893 1709 931 3
1739 881 1783 916 et

393 948 599 993 invidiam
623 949 748 993 nobis
780 949 835 993 de
867 948 1041 1007 regibus
1074 947 1221 992 saeculi
1254 947 1410 1001 facitis,
1436 960 1536 990 cum
1563 960 1638 1004 per
1664 946 1784 1004 jussa

393 1017 708 1078 proconsulum
732 1019 787 1063 de
809 1018 914 1063 locis
939 1019 1069 1078 partis
1102 1018 1258 1063 Donati
1291 1017 1585 1062 schismaticos
1620 1024 1783 1060 vestros

394 1090 656 1149 expuleritis.
682 1092 777 1134 Non
801 1098 901 1133 sunt
928 1091 1020 1133 haec
1042 1090 1174 1133 verba
1198 1104 1274 1148 per
1294 1089 1425 1132 inane
1446 1087 1635 1131 volantia
1660 1106 1670 1132 ι
1699 1087 1783 1130 ho-

398 1160 534 1203 mines
562 1160 732 1213 vivunt,
759 1159 953 1203 civitates
976 1168 1205 1213 testantur,
1242 1161 1370 1204 Gesta
1391 1156 1716 1218 proconsularia
1741 1166 1784 1201 et

395 1230 674 1288 municipalia
698 1230 948 1274 recitantur.
978 1229 1109 1274 Sileat
1131 1228 1365 1289 aliquando
1388 1243 1471 1272 vox
1497 1227 1778 1282 calumniosa,

394 1301 599 1360 objiciens
634 1315 752 1358 reges
786 1300 932 1344 saeculi
961 1301 1173 1344 universae
1202 1309 1343 1355 terrae,
1368 1314 1446 1359 per
1468 1315 1657 1360 quorum
1679 1314 1781 1359 pro-

394 1371 594 1414 consules
617 1386 705 1414 non
728 1371 872 1429 potuit
904 1385 1081 1430 parcere
1113 1371 1286 1415 concisa
1315 1371 1515 1415 concisae.
1547 1372 1660 1416 Cum
1683 1384 1785 1428 ergo

394 1440 578 1486 dicimus
597 1441 716 1500 quod
738 1452 883 1486 nostra
902 1443 1099 1496 teneatis,
1120 1457 1209 1486 non
1227 1441 1500 1486 ostendimur
1523 1440 1679 1486 falsum
1695 1449 1794 1485 tes:

395 1512 627 1555 timonium
649 1511 817 1566 dicere,
852 1513 932 1557 nisi
956 1528 1033 1557 nos
1053 1512 1290 1557 ostendatis
1325 1514 1370 1556 in
1401 1512 1592 1557 Ecclesia
1623 1512 1784 1557 Christi

396 1598 485 1626 non
501 1598 616 1639 esse,
638 1583 757 1642 quod
776 1583 954 1642 quidem
974 1584 1118 1628 dicere
1139 1600 1227 1628 non
1249 1584 1435 1639 cessatis,
1460 1582 1537 1628 sed
1558 1583 1786 1628 ostendere

393 1669 621 1713 nunquam
639 1653 838 1699 val-ebitis
865 1674 873 1698 :
898 1657 986 1699 imo
1009 1670 1111 1699 vero
1135 1670 1236 1699 cum
1269 1655 1353 1699 hoc
1381 1655 1547 1709 dicitis,
1578 1669 1668 1699 non
1695 1655 1785 1714 jam

390 1724 531 1778 nobis,
567 1724 642 1768 sed
674 1725 753 1783 ipsi
781 1726 954 1769 Christo
981 1724 1075 1769 falsi
1105 1722 1344 1770 testimonii
1378 1725 1545 1769 crimen
1579 1724 1779 1785 objicitis.

392 1797 478 1840 Nos
495 1795 658 1854 quippe
672 1795 716 1839 in
737 1794 926 1840 Ecclesia
944 1812 1108 1851 sumus,
1134 1812 1236 1856 quae
1253 1796 1387 1855 ipsius
1410 1795 1658 1840 testimonio
1681 1809 1784 1854 prae—

393 1866 593 1909 nuntiata
622 1876 688 1909 est
725 1876 767 1910 et
794 1866 870 1909 ubi
898 1867 986 1910 suis
1024 1866 1203 1910 testibus
1236 1875 1462 1910 attestatus
1497 1875 1561 1910 est
1597 1865 1745 1910 dicens
1773 1884 1782 1909 :

399 1954 418 1976 «
454 1936 583 1980 Eritis
604 1936 710 1980 mihi
728 1945 856 1981 testes
876 1937 921 1981 in
945 1936 1203 1992 Jerusalem,
1225 1947 1268 1981 et
1288 1938 1335 1980 in
1356 1945 1497 1982 totam
1521 1936 1722 1981 Judaeam
1743 1945 1787 1979 et

397 2023 416 2045 »
454 2005 716 2060 Samariam,
748 2015 791 2050 et
821 2009 1028 2066 usquein
1062 2016 1199 2051 totam
1222 2016 1379 2051 terram
1403 2011 1435 2050 ².
1475 2025 1496 2048 υ
1522 2009 1609 2051 Vos
1640 2015 1786 2050 autem

393 2073 520 2118 falsos
543 2085 670 2119 testes
695 2092 782 2120 non
806 2077 947 2121 solum
979 2078 1080 2122 hinc
1101 2078 1387 2133 ostendimus,
1422 2080 1526 2137 quia
1544 2077 1647 2122 huic
1667 2077 1784 2122 veri-

391 2146 469 2189 tati
502 2145 691 2189 resistitis
719 2168 730 2203 3
759 2147 833 2191 sed
857 2148 984 2191 etiam
1011 2149 1055 2192 in
1077 2149 1170 2207 ipso
1187 2147 1369 2207 judicio,
1397 2163 1486 2207 quo
1513 2163 1613 2192 cum
1645 2147 1784 2193 Maxi-

393 2215 526 2258 miani
563 2216 789 2260 schismate
825 2219 1092 2262 conflixistis.
1128 2220 1169 2263 Si
1200 2220 1315 2262 enim
1354 2217 1597 2263 secundum
1642 2217 1784 2277 legem

392 2285 551 2328 Christi
592 2287 783 2344 agebatis
809 2323 820 2342 ,
864 2299 1029 2348 quanto
1064 2289 1374 2346 congruentius
1412 2289 1655 2333 secundum
1688 2303 1783 2333 cam

393 2355 666 2400 constituunt
688 2357 822 2416 aliqui
845 2358 1082 2402 Christiani
1105 2361 1418 2418 Imperatores,
1444 2360 1476 2402 si
1498 2368 1682 2419 possunt
1711 2374 1781 2403 se—

394 2424 589 2469 cundum
623 2442 718 2471 eam
737 2426 936 2488 judicare
964 2429 1124 2487 Pagani
1158 2428 1472 2488 proconsules?
1507 2430 1549 2474 Si
1571 2438 1720 2474 autem
1741 2430 1787 2473 in

394 2493 658 2554 adjutorium
676 2498 807 2543 etiam
824 2500 982 2543 terreni
1002 2499 1171 2559 imperii
1192 2499 1306 2558 leges
1324 2500 1605 2545 assumendas
1626 2508 1778 2559 putas-

447 2588 455 2602 1
487 2580 568 2612 Psal.
584 2591 646 2621 txi,
664 2585 696 2614 8.
714 2599 754 2606 —
771 2589 783 2605 ²
801 2585 876 2616 Act.
896 2595 921 2625 1,
936 2586 967 2617 8.
1711 2566 1714 2568 v
