1825 3264
337 251 390 289 40
777 259 807 285 s.
847 258 1072 285 Αυηυετιω
1107 257 1283 284 Ειηεεονι

337 329 486 386 phetas
517 326 590 369 Dei
620 323 910 383 computavit,
947 322 1048 381 quia
1077 322 1198 381 quod
1216 323 1259 365 in
1278 336 1328 365 eo
1345 334 1494 364 verum
1518 319 1716 375 invenit,

336 412 482 440 verum
502 410 593 439 esse
611 395 822 438 firmavit?
847 391 1050 437 Similiter
1071 391 1185 435 idem
1209 389 1459 450 Apostolu8‚
1484 404 1583 433 cum
1603 389 1720 449 apud

336 466 526 509 Athenas
555 473 665 508 esset
701 463 813 507 inter
846 479 937 508 aras
969 463 1237 515 daemonum,
1269 459 1573 504 animadvertit
1602 474 1719 503 aram

333 536 586 595 quamdam,
606 535 651 578 in
667 551 752 595 qua
770 535 975 594 seriptum
996 542 1110 577 erat:
1137 553 1152 571 «
1185 535 1341 591 Ignoto
1363 533 1493 575 Deo¹.
1514 550 1532 571 n
1558 532 1615 574 Et
1639 531 1720 575 hoc

333 605 626 650 testimonium
651 603 705 648 ad
725 604 821 649 illos
842 605 885 648 in
908 604 1079 650 Christo
1099 600 1377 646 aedificandos
1397 600 1642 659 assumpsit,
1660 601 1719 644 ita
1777 647 1780 650 ,

333 685 381 719 ut
408 677 490 720 hoc
516 685 877 719 commemoraret
897 676 941 719 in
964 689 1163 718 sermone
1186 689 1290 726 suo,
1318 682 1449 732 atque
1479 672 1720 730 subjunge-

333 755 422 790 ret:
441 766 459 787 «
485 748 624 798 Quem
647 761 722 790 vos
743 746 990 804 ignorantes
1010 745 1164 799 colitis,
1187 745 1305 788 hunc
1321 743 1442 787 vobis
1455 757 1532 786 nos
1547 757 1721 786 annun-

337 836 354 857 »
381 817 547 860 tiamus.
570 817 827 876 »Numquid
847 818 944 875 quia
966 816 1031 860 vel
1053 817 1162 858 inter
1181 814 1398 858 idolorum
1418 829 1509 857 aras
1523 812 1592 857 vel
1610 828 1633 856 a
1653 827 1721 856 sa-

333 886 501 945 crilegis
519 895 703 930 erectam
727 902 842 929 aram
869 885 986 930 illam
1012 886 1170 945 reperit
1190 921 1200 939 ‚
1227 893 1453 944 propterea
1476 883 1595 943 quod
1613 883 1657 926 in
1672 897 1720 926 ea

334 972 480 1000 verum
501 966 591 1000 erat
607 957 828 1000 damnavit
847 966 921 1000 aut
945 958 1102 1016 respuit
1120 977 1130 1012 3
1152 964 1225 999 aut
1242 963 1420 1014 propter
1436 969 1587 998 verum
1602 953 1722 1013 quod

333 1027 376 1069 in
399 1043 445 1070 ea
470 1026 660 1085 legerat,
685 1027 813 1070 etiam
844 1027 1061 1085 sacrilegia
1093 1040 1362 1084 paganorum
1398 1022 1602 1069 sectanda
1633 1039 1722 1067 esse

334 1098 570 1156 persuasit?
593 1099 919 1155 Consequenter
942 1106 1087 1139 autem
1110 1111 1208 1139 cum
1233 1096 1375 1155 ipsum
1406 1096 1537 1138 etiam
1570 1094 1721 1138 Domi-

332 1182 438 1210 num
462 1167 542 1210 illis
564 1168 761 1223 ignotum
779 1202 789 1220 ‚
815 1167 894 1211 sibi
918 1176 1060 1211 autem
1082 1176 1236 1210 notum
1253 1201 1263 1218 ‚
1289 1166 1422 1210 etiam
1444 1165 1622 1210 illorum
1642 1171 1744 1209 no·'

333 1238 437 1281 titiae
453 1272 463 1291 ,
489 1239 597 1281 sicut
619 1253 857 1295 congruere
873 1237 1119 1297 judicabat,
1144 1238 1363 1281 insinuare
1386 1236 1541 1291 vellet,
1567 1237 1627 1280 ait
1650 1237 1723 1280 in-

334 1318 396 1351 ter
413 1319 566 1352 caetera
585 1329 591 1353 :
612 1313 699 1353 «Et
717 1310 893 1368 quidem
917 1325 1004 1353 non
1028 1309 1155 1367 longe
1175 1309 1365 1368 positum
1382 1309 1436 1352 ab
1451 1323 1721 1368 unoquoque

337 1397 354 1418 n
383 1388 594 1432 nostrum,
620 1380 664 1422 in
686 1379 761 1423 illo
776 1380 889 1423 enim
909 1381 1416 1434 vivimus‚etmovemur‚
1434 1389 1476 1423 et
1488 1380 1723 1432 sumus,si-

339 1468 354 1489 υ
380 1458 454 1492 eut
471 1459 513 1492 et
531 1449 709 1508 quidam
731 1449 969 1493 secundum
988 1466 1060 1494 vos
1077 1451 1332 1494 dixerunt.»
1351 1451 1575 1509 Numquid
1591 1451 1722 1494 etiam

331 1519 399 1562 hie
416 1554 425 1569 ,
450 1520 550 1578 quia
573 1520 738 1563 invenit
756 1520 871 1578 apud
895 1520 1120 1579 sacrilegos
1144 1521 1388 1564 testimonia
1407 1521 1620 1573 veritatis,
1647 1530 1723 1565 aut

332 1587 508 1636 propter
530 1579 606 1621 ista
626 1579 721 1622 illos
740 1580 1020 1638 approbavit,
1044 1589 1119 1623 aut
1136 1589 1312 1639 propter
1329 1579 1425 1624 illos
1442 1581 1520 1624 ista
1540 1580 1725 1625 damna-

332 1647 418 1690 vit?
455 1650 538 1691 Vos
569 1659 712 1691 autem
747 1664 917 1693 necesse
946 1659 1010 1693 est
1042 1659 1091 1693 ut
1120 1666 1288 1709 semper
1315 1651 1486 1704 erretis,
1525 1650 1723 1710 quandiu

334 1727 508 1776 propter
537 1719 762 1763 hominum
791 1720 892 1763 vitia
919 1721 996 1763 Dei
1028 1726 1294 1764 sacramenta
1325 1720 1493 1766 violatis
1510 1756 1520 1776 ,
1547 1730 1623 1766 aut
1643 1737 1722 1766 nos

333 1797 509 1845 propter
549 1789 622 1831 Dei
650 1798 915 1832 sacramenta
943 1824 953 1843 ‚
995 1806 1094 1849 quae
1140 1791 1184 1833 in
1226 1791 1350 1835 vobis
1390 1791 1551 1835 violare
1589 1791 1722 1836 nolu-

334 1872 428 1901 mus
451 1892 461 1912 ,
506 1861 634 1902 etiam
664 1860 791 1903 vestri
821 1859 1060 1905 schismatis
1093 1861 1365 1920 sacrilegium
1395 1878 1612 1907 assumere
1638 1878 1721 1922 pu-

332 1937 443 1971 tatis.

390 2000 523 2042 LXX.
553 2002 811 2045 PssTme-ns
831 2000 937 2045 dixit
964 2021 972 2047 :
1001 2020 1020 2043 «ι
1041 2003 1193 2047 Omnis
1210 2003 1325 2047 enim
1349 2012 1537 2062 potestas
1557 2020 1608 2048 ex
1632 2007 1721 2050 Deo

329 2077 391 2110 est
413 2103 423 2121 ,
456 2084 543 2112 non
573 2070 617 2112 in
648 2071 824 2114 homine
856 2072 1076 2130 potestatis
1105 2073 1248 2117 :sicut
1277 2074 1432 2118 Pontio
1463 2073 1601 2119 Pilato
1637 2090 1722 2119 res-

331 2138 481 2195 pondit
505 2139 711 2184 Dominus
730 2143 852 2184 Jesus
877 2141 1074 2185 Christus
1102 2161 1110 2186 :
1129 2144 1258 2187 «Non
1277 2143 1457 2187 haberes
1479 2145 1524 2187 in
1547 2159 1616 2188 me
1640 2160 1720 2205 po—

332 2225 350 2246 »
381 2217 596 2262 testatem,
620 2209 698 2252 nisi
728 2218 836 2252 esset
860 2210 937 2252 tibi
960 2211 1145 2269 desuper
1167 2211 1267 2255 data
1283 2213 1314 2254 ³.
1337 2231 1354 2252 υ
1382 2216 1437 2257 Et
1467 2214 1624 2257 iterum
1649 2215 1718 2259 di-

327 2287 454 2320 cente
477 2280 645 2321 Joanne
677 2298 685 2322 ι
716 2281 844 2323 «Non
867 2289 1009 2337 potest
1030 2281 1161 2324 homo
1183 2280 1324 2325 faeere
1346 2281 1585 2342 quidquam
1601 2319 1611 2339 ‚
1638 2285 1719 2328 nisi

331 2365 348 2385 n
375 2348 410 2389 ei
433 2347 584 2391 datum
620 2346 749 2391 suerit
771 2348 825 2392 de
853 2348 964 2392 coelo
991 2350 1052 2392 ⁴.»
1075 2354 1186 2394 Doce
1208 2351 1341 2409 igitur
1371 2352 1553 2397 traditor
1585 2355 1719 2398 simu-

326 2416 441 2459 landi
465 2419 664 2473 mysteria
686 2420 861 2477 quando
883 2422 1096 2479 acceperis
1122 2431 1394 2479 potestatem.

396 2487 551 2530 Lxxt.
575 2491 850 2532 AtccsTfflus
867 2490 1089 2549 respondit
1111 2510 1119 2535 :
1143 2492 1205 2534 Tu
1222 2491 1331 2536 doce
1344 2493 1488 2551 potius
1503 2527 1514 2548 ,
1540 2494 1717 2539 univer-

379 2575 384 2589 ¹
409 2571 479 2600 Act.
496 2581 570 2610 xvn,
593 2582 642 2612 ¹7·
662 2589 703 2594 —
724 2581 734 2594 ⁷
760 2576 848 2605 Rom.
870 2585 939 2615 xm,
965 2587 991 2606 ι.
1011 2574 1079 2617 *ᾖ
1097 2578 1188 2608 Joan.
1209 2587 1277 2618 xlx,
1303 2588 1411 2609 11‚-=-
1427 2577 1442 2608 4
1459 2579 1506 2610 Id.
1523 2590 1571 2618 nr,
1594 2588 1648 2621 ¹27.
