1825 3264
355 249 437 288 160
786 252 818 281 s.
856 249 1089 283 norsum
1124 254 1305 281 nrlscom

346 326 462 370 mine
479 334 709 366 venenosae
727 319 1009 380 turpitudinis
1031 336 1078 365 ac
1100 319 1259 365 furoris
1280 318 1478 374 infamet,
1505 328 1546 364 et
1565 319 1626 363 de
1647 334 1740 365 ves-

345 403 413 438 tro
434 391 567 437 corde
590 389 794 435 tammale
815 391 987 446 sentiat,
1004 400 1054 435 ut
1067 389 1273 435 amatoria
1287 388 1497 434 maleficia
1518 390 1619 434 data
1641 405 1740 434 mu-

344 463 456 518 lieri,
469 462 718 507 maritonon
738 460 880 506 solum
905 461 1094 515 conscio,
1110 459 1397 504 verumetiam
1411 459 1601 515 favente,
1622 459 1740 505 credi

344 533 425 577 sibi
450 547 574 592 posse
585 540 835 592 praesumat.
855 531 984 585 Quod
1005 530 1060 575 de
1079 545 1147 574 me
1169 530 1313 574 adhuc
1325 530 1583 588 presbytero
1600 530 1738 589 scrip-

345 605 400 649 sit
423 605 558 648 iratus
579 603 803 649 ordinator
830 601 1005 647 futurus
1041 602 1314 661 episcopatus
1332 602 1417 645 mei
1438 636 1449 656 ‚
1472 601 1578 646 velit
1597 601 1738 645 valere

345 674 549 720 adversus
571 689 640 718 me
661 693 670 719 ε
696 673 818 734 quod
842 683 988 718 autem
1010 689 1033 717 a
1055 682 1205 718 sancto
1232 671 1417 717 concilio
1444 671 1500 716 de
1517 673 1601 717 hoc
1619 671 1741 732 quod

343 745 389 788 in
416 760 494 789 nos
514 745 574 788 ita
593 744 803 803 peccavit,
827 744 998 788 veniam
1025 743 1180 803 petivit
1205 752 1248 787 et
1271 742 1447 797 meruit,
1473 740 1583 786 nolit
1597 741 1741 786 valere

344 831 524 874 pro-me
550 835 560 872 3
583 815 642 859 ita
660 814 906 859 christianae
940 813 1286 859 mansuetudinis
1308 822 1352 857 et
1375 815 1582 872 praecepti
1608 828 1742 857 evan-

345 885 470 944 gelici
486 884 555 929 vel
579 884 746 929 nescius
769 884 836 929 vel
861 884 1022 929 oblitus
1041 919 1051 939 ‚
1084 893 1133 928 ut
1155 884 1280 928 etiam
1307 883 1428 943 quod
1447 882 1570 927 fratri
1588 891 1638 927 ut
1660 882 1742 926 sibi

343 954 637 1013 ignosceretur
656 954 879 999 humiliter
901 954 1141 1014 postulanti
1170 953 1411 998 clementer
1432 953 1634 1012 ignotum
1659 961 1740 1007 est,
1771 982 1778 987 -
1812 978 1814 1019 3

346 1026 616 1070 criminetur.

403 1099 502 1140 XX.
527 1100 682 1155 Pergat
703 1098 834 1140 etiam
854 1111 1053 1140 sermone
1073 1095 1353 1154 multiloquo,
1377 1095 1453 1139 sed
1471 1094 1598 1153 plane
1621 1094 1744 1139 vani-

343 1167 479 1226 loquo
502 1202 513 1222 ,
538 1167 584 1210 in
613 1182 661 1211 ea
684 1183 783 1226 quae
805 1182 982 1226 prorsus
1004 1167 1202 1225 ignorat,
1227 1166 1296 1211 vel
1331 1166 1376 1209 in
1408 1165 1567 1225 quibus
1599 1166 1744 1226 potius

343 1237 539 1283 abutitur
553 1238 799 1296 ignorantia
817 1237 1110 1297 plurimorum
1130 1256 1137 1281 :
1166 1246 1209 1280 et
1231 1252 1281 1280 ex
1306 1236 1578 1280 confessione
1595 1238 1743 1297 cujus-

342 1309 443 1353 dam
467 1308 683 1363 foeminae‚
710 1308 831 1367 quod
852 1309 1213 1353 catechumenam
1241 1322 1284 1351 se
1304 1307 1460 1350 dixerit
1472 1308 1740 1352 Manichaeo-

343 1394 461 1431 rum,
476 1394 575 1438 quae
591 1377 930 1422 sanctimonialis
947 1379 991 1421 in
1008 1378 1232 1423 Catholica
1246 1376 1394 1432 fuerit,
1413 1378 1533 1437 quod
1548 1377 1585 1420 ei
1599 1376 1743 1437 placet

343 1449 398 1493 de
421 1448 596 1493 illorum
613 1449 829 1508 baptismo
846 1448 977 1503 dicat,
999 1457 1042 1491 et
1056 1448 1234 1502 selibat‚
1254 1447 1464 1502 nesciens,
1484 1456 1559 1491 aut
1575 1447 1742 1492 nescire

343 1534 386 1563 se
410 1519 594 1577 fingens,
619 1535 707 1564 non
729 1518 818 1563 illic
849 1519 908 1563 ita
932 1518 1142 1578 appellari
1171 1519 1509 1562 catechumenos
1531 1526 1741 1578 tanquam

343 1590 402 1634 eis
424 1590 662 1655 baptismus
695 1587 963 1650 quandoque
979 1584 1200 1633 debeatur
1228 1609 1239 1646 3
1265 1587 1340 1632 sed
1364 1604 1436 1633 eos
1458 1589 1541 1633 hoc
1562 1585 1708 1633 vocarl
1726 1623 1737 1644 ‚

332 1658 419 1720 ‘qui
443 1660 572 1703 etiam
603 1660 836 1704 Auditores
869 1669 1110 1714 vocantur,
1143 1659 1264 1719 quod
1294 1658 1498 1703 videlicet
1528 1668 1739 1719 tanquam

343 1728 521 1773 meliora
549 1739 591 1773 et
614 1731 776 1790 majora
799 1740 1016 1790 praecepta
1038 1731 1268 1774 observare
1302 1722 1392 1773 non
1422 1730 1603 1789 possint,
1640 1745 1741 1790 quae

344 1800 630 1845 observantur
643 1801 697 1844 ab
715 1802 774 1846 eis
791 1817 900 1860 quos
910 1804 1159 1845 Electorum
1176 1800 1352 1844 nomine
1370 1799 1681 1845 discernendos
1699 1809 1743 1845 et

343 1871 623 1915 honorandos
648 1880 819 1930 putant.
852 1875 923 1917 Me
953 1872 1082 1916 etiam
1105 1870 1406 1930 presbyterum
1439 1870 1570 1915 fuisse
1599 1872 1741 1916 Mani-

344 1941 583 1995 chaeorum,
610 1940 679 1985 vel
704 1940 835 1985 falsus
859 1941 930 1985 vel
949 1939 1118 1995 fallens,
1144 1940 1333 1984 mirabili
1357 1941 1601 1985 temeritate
1633 1957 1741 1986 con·
1799 1969 1804 1990 ς

344 2010 508 2055 tendat.
531 2012 675 2055 Verba
697 2012 811 2055 tertii
829 2011 930 2055 libri
948 2011 1284 2056 Confessionum
1306 2027 1518 2066 mearum,
1540 2028 1640 2072 quae
1664 2028 1741 2071 per

345 2096 388 2124 se
411 2081 501 2139 ipsa
518 2116 528 2135 ‚
556 2091 598 2125 et
629 2081 684 2125 de
706 2081 856 2126 multis
875 2091 975 2126 ante
995 2091 1038 2126 et
1064 2091 1212 2141 postea
1241 2081 1368 2127 dictis
1392 2082 1741 2127 manifestissima

346 2160 447 2195 sunt
476 2151 722 2209 legentibus
741 2186 752 2207 ‚
788 2153 870 2196 sub
893 2168 981 2212 quo
1005 2155 1042 2196 ei
1066 2152 1240 2196 videtur
1268 2153 1496 2198 intellectu
1525 2162 1741 2213 proponat

348 2229 480 2280 atque
495 2230 663 2279 arguat.
682 2226 834 2265 Furem
852 2237 922 2265 me
939 2221 1129 2281 denique
1147 2223 1381 2266 verborum
1399 2238 1595 2277 suorum,
1618 2222 1740 2282 quod

347 2289 436 2334 duo
458 2290 762 2344 subtraxerim,
780 2300 990 2350 tanquam
1014 2292 1074 2335 eis
1097 2292 1290 2350 repositis
1309 2293 1446 2336 victor
1468 2292 1646 2337 exultet.

406 2363 526 2405 XXI.
564 2363 615 2405 In
639 2362 705 2405 his
733 2371 848 2405 certe
878 2362 1082 2406 omnibus
1100 2398 1109 2416 ,
1132 2363 1240 2406 sicut
1263 2362 1450 2422 legendo
1481 2378 1738 2421 cognoscere

347 2431 413 2473 vel
452 2447 759 2491 recognoscere
783 2433 974 2491 poteritis
992 2467 1002 2487 ‚
1028 2433 1241 2492 impetum
1265 2434 1442 2493 quidem
1466 2433 1627 2491 linguae
1649 2447 1743 2477 suae·

347 2516 436 2559 quo
466 2501 595 2545 libuit
627 2503 795 2546 ambitu
820 2504 1067 2562 jactationis
1105 2504 1325 2548 exercuit:
1353 2519 1569 2564 nusquam
1592 2515 1738 2549 tamen
1795 2524 1797 2526 ’

349 2569 470 2626 dixit,
492 2570 609 2615 unde
627 2571 832 2617 abluatur
850 2573 1100 2632 accipientis
1121 2574 1402 2630 conscientia,
1418 2589 1519 2619 cum
1540 2574 1736 2620 maculo-
