1825 3264
328 211 490 242 CONTRA
524 211 723 241 LlTTERAs
756 213 989 252 Perimam,
1017 216 1098 241 Lm.
1137 216 1182 240 ιι.
1401 203 1450 239 31

133 282 229 324 LII.
260 281 537 324 Aucusruvus
562 277 784 337 respondit
813 298 820 322 ;
851 280 993 322 Primo
1011 279 1097 323 cito
1123 277 1450 337 respondemus,

73 349 173 410 quia
190 363 279 394 non
294 364 370 394 vos
386 348 644 402 occidimus,
677 347 752 392 sed
776 348 855 408 ipsi
884 349 1163 407 vosmetipsos
1186 365 1284 392 vera
1317 356 1456 392 morte

75 418 285 474 occiditis,
299 434 401 464 cum
414 434 492 464 vos
502 419 558 463 ab
573 419 748 463 unitatis
761 418 856 463 viva
872 418 1013 462 radice
1029 419 1277 477 praeciditis.
1295 417 1458 462 Deinde

72 491 109 536 si
130 505 281 536 omnes
292 491 370 551 qui
391 490 654 535 occiduntur
668 490 877 548 sanguine
898 505 978 534 suo
1000 489 1290 548 baptizantur,
1309 503 1459 534 omnes

75 559 276 614 latrones,
301 560 456 621 iniqui,
480 561 627 620 impii,
647 559 865 614 scelerati,
889 560 965 620 qui
996 558 1190 603 damnati
1223 558 1457 613 feriuntur,

73 639 285 689 martyres
306 630 496 675 habendi
527 639 629 674 sunt
646 665 656 682 ,
691 631 794 690 quia
822 646 901 674 suo
921 631 1131 688 sanguine
1165 629 1456 688 baptizantur.

75 700 120 746 Si
140 709 286 745 autem
306 715 395 745 non
415 700 692 760 baptizantur
707 700 916 759 sanguine
933 716 1030 755 suo,
1056 700 1135 743 nisi
1158 699 1232 758 qui
1252 697 1461 742 occidun-

74 779 146 815 tur
166 779 347 830 propter
360 770 586 830 justitiam,
607 771 706 830 quia
720 770 912 829 ipsorum
928 780 992 814 est
1010 784 1192 828 regnum
1213 768 1425 812 coelorum
1450 786 1458 811 :

72 841 237 886 vidistis
262 841 380 901 prius
401 856 491 885 esse
514 841 801 901 quaerendum
826 850 1002 900 propter
1033 839 1142 899 quid
1171 838 1395 898 patimini,
1421 845 1464 881 et

74 920 221 971 postea
258 910 366 971 quid
400 910 611 970 patimini.
651 910 765 964 Quid
799 926 902 969 ergo
926 911 1076 954 buccae
1098 909 1308 952 inflantur
1339 916 1463 951 ante-

73 1001 205 1047 quam
244 986 358 1032 facta
396 985 721 1030 defendantur?
757 985 873 1039 Quid
910 985 1137 1044 perstrepit
1165 983 1313 1042 lingua
1342 992 1465 1026 ante-

72 1070 202 1115 quam
224 1057 433 1115 probetur
453 1055 567 1100 vita?
591 1056 634 1100 Si
657 1055 841 1100 schisma
864 1055 1023 1109 fecisti,
1045 1054 1203 1113 impius
1221 1069 1265 1097 es
1292 1072 1300 1097 :
1327 1053 1361 1096 si
1378 1052 1464 1095 im-

73 1127 170 1186 pius
187 1141 247 1180 es,
270 1136 318 1170 ut
332 1126 566 1184 sacrilegus
586 1126 781 1180 moreris,
801 1142 900 1183 cum
921 1141 999 1185 pro
1016 1126 1237 1184 impietate
1262 1123 1425 1183 puniris
1453 1141 1462 1166 :

74 1197 109 1242 si
130 1207 178 1242 ut
200 1196 432 1255 sacrilegus
460 1199 656 1252 moreris,
681 1196 904 1257 quomodo
927 1206 1002 1240 tuo
1029 1196 1241 1254 sanguine
1271 1195 1464 1252 baptiza-

76 1268 160 1312 ris?
180 1271 248 1312 An
265 1268 372 1311 dicis
395 1287 404 1312 ε
432 1287 451 1309 «
471 1270 569 1313 Non
594 1268 676 1312 feci
692 1268 901 1311 schisma?
921 1286 939 1308 »
962 1270 1055 1312 Hoc
1073 1282 1175 1326 ergo
1188 1281 1436 1326 quaeramus
1455 1283 1463 1308 :

77 1337 184 1399 quid
201 1346 301 1381 ante
317 1337 476 1382 clamas
499 1353 629 1397 quam
656 1338 841 1397 probas?

137 1411 255 1453 LIII.
292 1414 356 1453 An
387 1407 521 1454 dicis:
550 1428 570 1450 «
593 1412 649 1453 Et
670 1409 703 1452 si
724 1407 956 1466 sacrilegus
983 1422 1094 1461 sum,
1116 1423 1139 1450 a
1161 1416 1203 1450 te
1221 1404 1360 1450 occidi
1378 1419 1467 1448 non

78 1479 252 1524 debeo?
278 1499 295 1521 »
331 1478 427 1523 Alia
452 1480 635 1539 quaestio
659 1488 721 1522 est
749 1478 804 1522 de
823 1478 1047 1522 atrocitate
1073 1475 1175 1520 sacti
1207 1476 1307 1530 mei,
1345 1473 1466 1534 quod

77 1564 301 1609 nunquam
326 1550 536 1594 veraciter
561 1549 852 1604 demonstras,
875 1547 955 1591 alia
978 1547 1032 1591 de
1057 1547 1272 1606 baptismo
1294 1545 1466 1602 sangui-

80 1620 146 1665 nis
168 1621 249 1675 tui,
275 1619 393 1664 unde
416 1629 458 1663 tc
478 1619 742 1664 mendaciter
762 1620 908 1680 jactas.
934 1621 1042 1663 Nam
1066 1633 1208 1677 neque
1230 1615 1369 1660 occidi
1396 1625 1434 1658 te
1449 1649 1460 1669 ,

80 1706 162 1736 nec
176 1690 334 1750 probas
353 1699 395 1734 te
413 1690 468 1734 ab
490 1689 636 1750 aliquo
653 1690 793 1734 occidi
818 1708 826 1734 :
851 1704 930 1732 nec
952 1688 986 1732 si
1006 1687 1177 1747 probes,
1203 1686 1258 1730 ad
1282 1702 1350 1730 me
1374 1700 1467 1744 per-

79 1762 191 1807 tinet
211 1761 478 1822 quicumque
501 1770 543 1804 te
566 1760 799 1815 occiderit,
826 1760 913 1803 sive
942 1757 1183 1803 secundum
1209 1765 1466 1816 potestatem

80 1831 270 1891 legitime
282 1848 305 1876 a
319 1832 505 1876 Domino
515 1832 786 1891 datamjuste
799 1830 966 1883 fecerit,
984 1830 1071 1873 sive
1089 1829 1201 1872 sicut
1215 1828 1360 1871 messis
1382 1829 1467 1869 Do-

80 1902 250 1947 minicae
266 1902 387 1963 palea
402 1901 641 1961 cupiditate
655 1901 798 1961 aliqua
815 1899 927 1944 mala
941 1898 1079 1943 scelus
1093 1897 1312 1942 admiserit
1333 1916 1341 1940 ε
1359 1897 1470 1939 sicut

81 1973 137 2017 ad
159 1983 202 2017 te
223 1988 311 2018 non
328 1973 516 2033 pertinet
542 1972 643 2032 qui¹
674 1971 920 2016 recentibus
942 1969 1210 2028 temporibus
1226 1983 1325 2012 cum
1349 1968 1469 2009 into--

81 2043 248 2088 lerabili
269 2052 497 2103 potentatu
519 2043 647 2086 etiam
670 2041 878 2085 militibus
908 2041 990 2084 sibi
1013 2039 1324 2083 comitantibus
1341 2071 1352 2091 ,
1379 2051 1468 2080 non

82 2115 184 2176 quia
209 2115 389 2159 timebat
411 2113 622 2172 aliquem,
651 2112 726 2156 sed
754 2121 803 2155 ut
828 2112 882 2154 ab
912 2110 1116 2154 omnibus
1137 2109 1378 2160 timeretur,
1403 2106 1470 2150 vi-

81 2183 190 2230 duas
206 2184 432 2244 oppressit,
458 2182 646 2243 pupillos
667 2182 849 2235 evertit,
873 2181 1011 2225 aliena
1035 2179 1294 2240 patrimonia
1321 2176 1469 2237 prodi-

82 2256 164 2311 dit,
188 2255 328 2300 aliena
351 2254 626 2299 matrimonia
657 2252 885 2312 separavit,
912 2267 977 2295 res
992 2249 1241 2295 vendendas
1264 2250 1470 2292 innocen-

83 2328 192 2372 tium
214 2326 490 2387 procuravit,
520 2324 794 2369 venditarum
824 2323 959 2383 pretia
994 2338 1094 2367 cum
1126 2321 1314 2365 dominis
1340 2319 1470 2378 plan-

83 2398 284 2458 gentibus
309 2397 467 2442 divisit.
494 2398 556 2440 Ex
579 2410 648 2439 me
670 2395 747 2439 ista
778 2394 920 2438 dicere
945 2392 1119 2446 videar,
1154 2392 1188 2434 si
1221 2406 1311 2434 non
1342 2389 1470 2432 tacito

82 2469 261 2514 nomine
283 2467 531 2527 agnoscitur
551 2466 607 2510 de
629 2481 718 2526 quo
737 2465 894 2510 dicam.
914 2467 1023 2518 Quae
1046 2463 1081 2506 si
1098 2477 1197 2507 vera
1219 2469 1337 2516 sunt,
1361 2460 1472 2505 sicut

134 2560 142 2577 ¹
161 2555 314 2596 optatum
329 2551 552 2587 Gildonianum
573 2548 732 2594 intelligit.
