1825 3264
343 206 397 243 32
776 212 808 239 s.
847 213 1083 240 Aucus'nm
1120 211 1300 237 Episcopi

344 279 400 323 ad
422 294 495 323 vos
513 280 590 322 ista
613 292 700 320 non
723 277 942 335 pertinent
968 295 977 320 ;
1012 275 1070 319 ita
1088 289 1168 318 nec
1191 271 1411 332 quidquid
1433 271 1557 326 dicis,
1580 270 1636 314 ad
1657 286 1735 315 nos

344 350 472 394 etiam
492 349 526 391 si
547 361 647 390 vera
667 345 848 390 diceres.
877 346 920 390 Si
943 354 1087 388 autem
1115 342 1221 387 falsa
1243 341 1360 386 fama
1382 341 1437 386 de
1466 340 1543 386 illo
1570 340 1737 399 collega

342 428 483 462 vestro
501 418 620 476 justo
641 425 685 460 et
708 416 944 460 innocente.
973 415 1155 458 mentita
1180 421 1271 470 est,
1298 412 1422 457 nullo
1453 411 1586 456 modo
1608 412 1736 455 etiam

341 489 470 532 famoe
488 485 754 531 credendum
778 496 840 530 est
857 520 868 540 ,
900 501 998 544 quae
1026 485 1081 528 de
1106 483 1416 528 innocentibus
1448 491 1657 541 tanquam
1682 479 1737 524 de

345 556 629 602 traditoribus
642 556 872 610 Codicum,
900 554 968 599 vel
991 564 1198 614 tanquam
1220 555 1275 598 de
1291 553 1646 598 interfectoribus
1661 552 1737 596 ho·

344 628 513 670 minum
537 627 745 671 seminata
760 635 836 669 est.
862 628 958 668 Huc
976 624 1157 679 accedit,
1179 625 1281 684 quia
1300 640 1380 683 ego
1402 623 1526 667 illum
1546 636 1737 667 commc-

344 713 466 742 moro
490 698 565 756 qui
581 698 807 741 vobiscum
823 696 944 750 vixit,
966 697 1089 756 cujus
1107 696 1432 740 natalitiatanta
1447 693 1738 739 celebratione

344 766 710 826 frequentabatis,
735 766 803 810 cui
821 765 937 824 pacis
960 756 1157 809 osculum
1181 766 1293 809 inter
1310 773 1578 810 sacramenta
1599 778 1738 823 copu-

344 836 521 890 labatis,
547 837 590 880 in
615 838 737 895 cujus
752 835 952 879 manibus
971 836 1287 880 Eucharistiam
1312 836 1556 895 ponebatiS,
1581 835 1651 878 cui
1676 834 1738 877 vi-

344 908 485 951 cissim
506 907 627 951 danti
648 922 800 950 manus
826 907 1135 965 porrigebatis,
1159 908 1283 966 cujus
1308 922 1431 950 aures
1461 907 1572 950 inter
1596 914 1740 949 tantos

355 976 514 1021 Africae
538 978 722 1034 gemitus
757 976 908 1021 surdas
935 976 1071 1020 libera
1105 993 1211 1021 voce
1241 977 1464 1021 offendere
1489 975 1735 1020 timebatis:
1774 975 1777 978 ’

353 1062 483 1107 quem
508 1048 652 1091 nescio
674 1048 770 1107 quis
793 1056 1006 1101 vestrum,
1032 1048 1133 1106 quia
1158 1047 1227 1091 vel
1261 1064 1312 1091 ex
1334 1047 1515 1107 obliquo
1539 1046 1737 1090 urbaniSa

350 1118 455 1161 sime
475 1119 632 1175 tetigit,
658 1127 708 1161 ut
730 1117 946 1161 eidiceret
968 1117 1089 1177 quod
1113 1118 1353 1162 Comitem¹
1375 1118 1556 1160 liaberet
1581 1120 1736 1171 Deum,

346 1188 515 1246 ingenti
537 1188 665 1231 laude
683 1188 918 1232 ferebatur.
948 1191 1012 1231 Tu
1026 1197 1171 1232 autern
1195 1188 1290 1232 illos
1308 1188 1433 1232 nobis
1446 1187 1614 1247 objicis,
1641 1202 1741 1231 cnm

346 1258 507 1316 quibus
525 1273 614 1302 non
636 1259 824 1302 viximus
841 1293 851 1312 ,
877 1274 1063 1317 quorum
1088 1258 1245 1303 faciem
1276 1274 1366 1303 non
1389 1258 1599 1312 vidimus,
1625 1273 1740 1318 quo-

346 1343 443 1371 rum
467 1337 594 1371 aetate
628 1328 697 1372 vel
727 1329 850 1387 pueri
884 1329 954 1372 vel
990 1329 1169 1374 fortasse
1198 1329 1393 1373 nondum
1432 1329 1523 1373 nati
1551 1343 1737 1372 eramus.

347 1400 456 1450 Quae
480 1407 543 1440 cst
566 1398 644 1441 ista
668 1407 786 1442 tanta
808 1398 1013 1457 iniquitas
1031 1410 1162 1460 atque
1189 1399 1443 1459 perversitas
1458 1434 1469 1455 ,
1488 1399 1600 1444 velle
1617 1398 1743 1443 nobis

346 1467 570 1525 imponere
603 1468 789 1511 sarcinas
822 1469 1071 1525 ignotorum
1086 1505 1100 1525 ,
1126 1486 1227 1514 curn
1263 1486 1339 1514 vos
1381 1479 1553 1528 portare
1593 1468 1741 1513 nolitis
1790 1482 1794 1489 ·

348 1538 616 1581 amicorum?
638 1537 808 1583 Clamat
833 1540 1052 1598 Scriptura
1075 1540 1222 1584 divina
1246 1560 1254 1584 ;
1275 1560 1291 1580 «
1310 1540 1499 1584 Videbas
1520 1540 1681 1593 furem,
1698 1548 1742 1582 et

350 1627 369 1649 »
396 1609 688 1652 concurrebas
711 1623 810 1652 cum
825 1613 911 1653 eo⁰-.
938 1630 955 1651 »
982 1612 1023 1655 Si
1043 1620 1084 1654 te
1102 1627 1190 1655 non
1209 1611 1521 1655 contaminavit
1535 1625 1666 1670 quem
1679 1609 1741 1653 vi-

348 1678 461 1733 disti,
483 1695 559 1723 cur
582 1680 686 1722 mihi
709 1680 860 1739 objicis
893 1697 1025 1740 quem
1059 1682 1206 1725 videre
1232 1697 1321 1732 non
1344 1682 1495 1740 potui?
1518 1685 1586 1724 An
1607 1681 1738 1724 dicis:

348 1752 444 1794 Non
465 1766 562 1794 curn
588 1766 638 1794 eo
657 1753 877 1807 concurri,
910 1753 1013 1812 quia
1044 1753 1157 1796 facta
1181 1754 1272 1812 ejus
1292 1751 1584 1811 displicebant
1610 1751 1744 1795 mihi?

351 1821 434 1864 Sed
454 1836 610 1880 nempe
643 1822 697 1865 ad
731 1821 865 1866 altare
892 1823 1126 1868 accedebas
1157 1839 1258 1868 cum
1286 1839 1354 1868 eo.
1380 1827 1470 1880 Age
1486 1824 1592 1882 jam,
1620 1832 1669 1866 ut
1701 1832 1744 1866 te

348 1891 582 1946 defendas,
619 1893 814 1936 discerne
843 1894 921 1937 ista
943 1929 953 1948 ,
980 1902 1023 1937 et
1056 1894 1126 1938 dic
1159 1895 1277 1938 aliud
1300 1909 1388 1937 esse
1411 1908 1674 1937 concurrere
1698 1893 1742 1935 in

349 1971 592 2018 peccatum,
620 1963 730 2006 sicut
763 1973 1080 2008 concurrerunt
1102 1964 1191 2008 duo
1220 1965 1407 2008 seniores
1438 1964 1620 2007 castitati
1657 1965 1739 2006 Su-

343 2046 493 2074 sannae
516 2032 766 2077 insidiantes
787 2054 797 2090 3
826 2033 944 2077 aliud
962 2049 1060 2077 cum
1078 2035 1176 2078 fure
1199 2034 1393 2093 accipere
1411 2033 1584 2077 Domini
1599 2048 1742 2076 sacra-

342 2111 574 2156 mentum,
608 2103 719 2145 sicut
741 2105 935 2161 Apostoli
966 2120 1066 2147 curn
1102 2105 1217 2148 Juda
1253 2105 1383 2148 etiam
1406 2105 1590 2162 primam
1624 2102 1742 2146 illam

342 2185 520 2213 -coenarn
546 2183 824 2231 aeceperunt.
847 2177 989 2218 Faveo
1005 2174 1248 2219 defensioni
1267 2174 1368 2219 :sed
1390 2189 1468 2218 cur
1496 2189 1584 2218 non
1601 2182 1742 2217 atten-

344 2239 412 2283 dis
435 2253 601 2300 quanto
615 2242 782 2286 facilius
800 2244 843 2286 in
862 2245 943 2288 hac
967 2254 1040 2288 tua
1057 2246 1312 2291 defensione
1334 2246 1569 2290 absolveris
1593 2254 1742 2303 gentes

343 2320 390 2353 ·ct
414 2312 621 2356 terminos
646 2322 772 2356 terrae
791 2348 800 2366 ,
827 2331 912 2373 qua
943 2316 1171 2361 hoereditas
1191 2317 1351 2362 Christi
1383 2315 1676 2360 diffunditur?
1701 2315 1740 2359 Si

342 2381 460 2424 ‘enim
488 2383 685 2440 potuistis
707 2382 847 2426 furem
871 2384 1033 2440 videre,
1060 2396 1103 2430 et
1123 2403 1223 2430 cum
1249 2387 1344 2431 fure
1366 2388 1454 2431 viso
1477 2394 1742 2430 sacramenta

347 2453 686 2507 communicare,
704 2461 851 2497 tamen
866 2464 1095 2512 peccatum
1108 2472 1196 2502 non
1207 2458 1530 2503 communicare
1549 2475 1557 2501 ς
1575 2465 1742 2515 quanto

398 2541 404 2554 ¹
425 2533 603 2568 Gildonem.
623 2553 658 2558 —
674 2543 687 2558 ²
713 2536 792 2568 Psal.
815 2548 898 2575 xtix.
921 2543 971 2570 ιδ.
