1825 3264
277 284 438 315 conrnA
469 286 731 314 CRESCONIUM
766 286 1050 323 noum-isnin,
1087 286 1168 313 Lm.
1206 287 1269 311 111.
1385 272 1462 311 441

91 359 380 414 Paganorum,
413 354 489 414 qui
519 352 721 398 adversus
747 366 838 395 eam
874 351 1119 411 paucissimi
1149 359 1465 404 remanserunt,

88 434 254 486 partem
280 425 436 469 Donati
459 424 590 468 audes
612 438 888 482 praeponere,
914 422 1061 466 dicens
1081 457 1091 477 ,
1116 422 1237 481 quod
1253 431 1296 465 et
1315 430 1470 480 praeter

89 496 277 541 Africam
308 496 451 539 nescio
484 510 593 554 quos
621 494 827 548 habeatis,
859 493 1020 554 quibus
1050 502 1195 537 tamen
1223 507 1311 537 non
1337 507 1470 551 appa-

88 567 303 620 rentibus,
322 581 371 610 ex
388 565 533 610 Africa
552 580 628 610 vos
649 564 785 610 solere
803 565 974 609 mittere
991 564 1212 623 episcopos
1233 579 1320 608 non
1339 578 1470 621 nega-

91 638 156 692 tis,
185 653 323 682 unum
339 672 349 692 ,
375 646 450 681 aut
473 636 599 692 duos,
625 645 700 680 aut
721 646 769 680 ut
792 635 976 680 multum
1002 645 1086 679 tres
1107 645 1173 680 :et
1200 643 1469 692 argumenta-

88 709 143 752 ris
173 709 361 752 inaniter
391 717 541 753 contra
569 707 932 752 evidentissimam
960 707 1184 751 veritatem
1215 705 1335 766 quod
1371 706 1469 749 ideo

87 779 214 824 nobis
232 796 320 824 non
338 789 456 824 totus
472 780 589 825 orbis
605 780 914 834 communicet,
939 779 1040 838 quia
1061 777 1130 822 vet
1153 778 1296 822 adhuc
1319 776 1468 820 multae

84 859 187 894 sunt
210 850 404 909 gentium
431 849 711 893 barbararum
734 865 834 909 quae
855 850 899 893 in
923 849 1143 894 Christum
1166 847 1362 892 nondum
1382 862 1468 891 cre·

85 919 313 975 diderunt,
342 920 410 965 vel
442 920 523 964 sub
546 921 721 964 nomine
743 919 902 964 Christi
929 920 1110 963 haer'eses
1133 918 1284 962 multae
1305 933 1328 961 a
1349 932 1469 961 com-

85 992 293 1034 munione
314 999 473 1035 nostrae
490 992 704 1036 societatis
727 989 893 1034 alienae.

144 1064 300 1106 LXXI.
323 1065 411 1107 Nec
429 1062 616 1106 attendis
631 1097 642 1116 ,
669 1077 747 1105 nec
770 1060 920 1105 saltem
945 1060 998 1103 ab
1019 1059 1255 1104 scientibus
1278 1059 1434 1118 quaeris
1455 1093 1466 1113 ,

84 1147 215 1192 quam
238 1132 388 1176 multae
410 1133 600 1192 ipsarum
623 1132 902 1176 barbararum
927 1131 1121 1190 gentium
1147 1146 1254 1190 quas
1275 1145 1469 1175 comme-

84 1205 284 1258 morasti,
315 1204 474 1249 Christi
495 1206 585 1264 jam
621 1204 786 1248 nomini
821 1204 1077 1262 mancipatae
1112 1204 1212 1256 sint,
1249 1211 1290 1246 et
1312 1216 1468 1262 quem-

84 1272 321 1318 admodum
354 1273 399 1318 in
429 1284 604 1318 caeteras
639 1273 923 1332 Evangelium
949 1272 1181 1317 crescendo
1209 1272 1469 1316 fructificare

83 1361 171 1390 non
204 1355 368 1404 cesset,
403 1345 543 1391 donec
573 1348 618 1390 in
646 1347 850 1390 omnibus
877 1362 976 1391 cum
1004 1346 1137 1390 fuerit
1167 1345 1466 1406 praedicatum,

82 1418 227 1462 veniat
243 1418 354 1462 finis.
376 1417 444 1462 Sic
461 1418 576 1461 enim
602 1418 810 1462 Dominus
831 1419 887 1462 ait
909 1438 918 1462 ι
940 1438 957 1459 «
983 1420 1040 1461 Et
1062 1417 1370 1476 praedicabitur
1386 1417 1469 1459 hoc

83 1506 105 1530 η
142 1488 427 1546 Evangelium
447 1488 491 1532 in
511 1489 712 1533 universo
735 1489 856 1541 orbe,
881 1489 926 1531 in
950 1489 1243 1532 testimonium
1266 1487 1470 1531 omnibus

87 1578 105 1600 »
141 1559 363 1618 gentibus,
400 1568 443 1603 et
473 1568 577 1603 tunc
606 1559 748 1603 veniet
784 1559 881 1602 finis
902 1561 930 1602 ¹.
957 1577 975 1599 »
1011 1559 1098 1603 Nisi
1133 1558 1244 1602 forte
1271 1558 1399 1601 etiam
1425 1558 1470 1600 in

81 1637 252 1672 tantum
291 1644 366 1672 vos
405 1629 647 1688 praecipitat
685 1629 832 1672 insana
875 1630 1101 1688 superbia,
1148 1638 1197 1672 ut
1231 1629 1313 1672 hoc
1351 1626 1470 1687 quod

81 1698 340 1758 praedictum
360 1709 448 1754 est,
473 1699 528 1743 de
549 1709 671 1759 parte
689 1701 844 1743 Donati
869 1700 1028 1759 putetis
1046 1699 1360 1758 incipiendum,
1381 1714 1470 1742 non

82 1785 133 1813 ex
152 1768 233 1814 illis
255 1769 456 1814 Ecclesiis
479 1786 585 1830 quas
609 1769 803 1830 Apostoli
825 1770 1133 1829 plantaverunt
1153 1805 1163 1824 ,
1192 1770 1352 1829 quibus
1380 1784 1470 1813 non

82 1842 376 1885 communicat
393 1856 490 1901 pars
509 1842 679 1885 Donati.
702 1844 771 1884 An
787 1850 829 1884 et
850 1842 962 1899 ipsas
981 1850 1028 1884 ut
1051 1839 1265 1883 mundum
1292 1839 1470 1898 impleat

83 1912 348 1970 rebaptizare
389 1912 634 1966 conabitur,
671 1927 769 1955 cum
803 1911 1025 1956 catholica
1059 1927 1133 1971 per
1169 1921 1326 1955 cuncta
1353 1926 1469 1956 cres-

82 1991 209 2026 cente
224 2017 234 2035 ,
255 1981 328 2026 illa
344 1992 386 2026 et
410 1983 454 2025 in
477 1982 568 2041 ipsa
591 1982 735 2026 Africa
757 1982 953 2042 quotidie
979 1982 1232 2026 minuatur?
1254 1983 1292 2025 Ο
1314 1997 1469 2025 vesana

82 2053 338 2112 perversitas
379 2053 608 2097 hominum
629 2053 636 2096 !
686 2053 872 2096 Laudari
912 2062 952 2096 tc
992 2052 1131 2097 credis
1147 2088 1157 2105 ,
1204 2053 1257 2096 dc
1297 2053 1469 2097 Christo

83 2123 303 2168 credendo
334 2125 454 2184 quod
483 2140 570 2168 non
600 2124 744 2181 vides,
770 2132 811 2168 et
835 2123 1030 2168 damnari
1058 2133 1100 2168 tc
1124 2139 1210 2168 non
1236 2124 1389 2178 credis,
1415 2123 1470 2168 de

82 2195 275 2240 Ecclesia
304 2195 507 2254 negando
535 2196 653 2256 quod
683 2195 826 2254 vides3
862 2210 960 2239 cum
996 2195 1105 2239 illud
1135 2205 1265 2255 caput
1289 2196 1331 2239 in
1356 2194 1468 2240 coelo

83 2266 135 2310 sit
153 2300 162 2318 ,
188 2266 272 2309 hoc
292 2281 449 2325 corpus
470 2266 515 2309 in
538 2276 649 2310 terra
673 2268 690 2309 Ρ

142 2338 322 2380 LXXII.
350 2337 557 2395 Agnoscis
583 2337 804 2382 Christum
836 2337 878 2380 in
909 2353 960 2381 eo
991 2338 1109 2397 quod
1143 2338 1350 2397 scriptum
1381 2347 1464 2382 est:

87 2425 106 2448 ι(
125 2405 324 2451 Exaltare
339 2422 468 2466 super
483 2407 632 2462 coelos,
654 2411 805 2451 Deus22
832 2428 847 2447 »›
865 2418 906 2452 et
924 2423 1010 2452 non
1025 2409 1217 2467 agnoscis
1231 2408 1466 2453 Ecclesiam

85 2478 169 2521 »in
197 2493 249 2522 eo
271 2479 390 2538 quod
413 2480 608 2538 sequitur
628 2515 638 2534 ,
669 2498 688 2519 «
716 2482 770 2523 Et
793 2495 922 2539 super
947 2495 1119 2524 omnem
1145 2486 1300 2524 terram
1333 2480 1468 2539 gloria

85 2567 105 2590 n
126 2558 200 2593 tua
221 2551 239 2592 P
259 2567 279 2590 η
312 2550 518 2607 Agnoscis
555 2551 776 2595 Christum
815 2552 859 2595 in
894 2567 945 2595 eo
978 2551 1098 2611 quod
1130 2551 1337 2611 scriptum
1371 2560 1462 2595 cst:

133 2640 140 2655 ¹
162 2633 283 2665 Matth.
312 2645 401 2674 xxiv,
428 2634 478 2676 ''t-
495 2653 534 2659 -
551 2642 563 2658 ²
583 2635 661 2669 psal.
687 2647 762 2673 cvn,
779 2636 811 2668 6.
