1825 3264
375 220 454 259 144
809 231 842 258 s.
880 230 1108 259 Avensa-lm
1142 231 1321 259 Eiuscom

371 314 391 337 »
417 305 530 349 tem,
562 294 835 354 iniquitatem
872 296 1005 354 magis
1044 309 1178 355 quam
1227 295 1350 355 loqui
1400 295 1650 354 aequitatem
1675 297 1704 338 ².
1734 312 1754 335 »

368 365 556 410 Proinde
579 364 613 408 si
641 373 684 409 et
700 379 781 424 ego
801 365 879 410 tibi
898 364 1055 410 vellem
1077 381 1156 425 pro
1174 365 1414 410 maledictis
1434 363 1664 410 maledicta
1687 380 1757 408 re-

367 433 580 494 pendere,
605 433 713 495 quid
730 433 850 480 aliud
867 450 997 496 quam
1011 436 1100 480 duo
1119 434 1318 481 maledici
1336 450 1545 490 essemus,
1571 444 1622 479 ut
1638 435 1666 478 ii
1681 434 1757 495 qui

366 521 446 549 nos
467 508 675 565 legerent,
699 505 770 549 alii
792 506 1025 551 detestatos
1048 507 1284 567 abjicerent
1305 522 1407 550 sana
1431 506 1663 566 gravitate,
1687 505 1758 550 alii

367 576 554 621 suaviter
586 576 811 621 haurirent
831 576 1042 622 malevola
1066 577 1321 622 voluntate?
1344 580 1438 635 Ego
1460 577 1638 637 quando
1663 575 1759 620 cui-

366 662 452 707 que
470 646 538 691 vel
559 645 746 691 dicendo
761 681 771 701 ‚
797 646 865 691 vel
895 647 1125 692 scribendo
1148 646 1390 707 respondeo
1406 682 1417 702 ‚
1455 648 1583 691 etiam
1602 655 1761 692 contu-

365 716 555 762 meliosis
578 717 954 762 criminationibus
976 717 1217 773 lacessitus,
1243 728 1458 779 quantum
1491 717 1596 761 mihi
1619 717 1760 762 Domi·

366 803 449 832 nus
476 788 640 843 donat,
675 786 850 832 frenatis
887 797 1018 848 atquc
1050 790 1245 834 contritis
1278 805 1403 833 vanae
1448 787 1760 847 indignationis

366 858 524 903 aculeis
547 858 734 904 auditori
755 858 961 903 lectorive
987 859 1216 906 consulens
1240 895 1250 913 ,
1287 875 1376 904 non
1408 874 1487 917 ago
1517 868 1566 903 ut
1598 858 1760 902 efficiar

366 930 534 975 homini
568 930 853 976 conviciando
887 931 1082 990 superior
1100 967 1110 987 ‚
1148 931 1224 976 sed
1246 945 1435 976 errorem
1458 929 1760 975 convincendo

366 1000 595 1046 salubrior,

425 1077 484 1118 II.
514 1075 555 1120 Si
574 1075 688 1118 enim
709 1073 1031 1135 qualecumque
1046 1090 1120 1119 cor
1137 1074 1316 1129 habent,
1342 1074 1483 1133 quiea
1506 1088 1605 1134 quae
1627 1072 1760 1133 scrip-

366 1145 457 1189 sisti
478 1144 754 1190 considerant
772 1166 783 1202 3
809 1146 918 1205 quid
942 1146 1021 1189 tibi
1040 1145 1207 1205 profuit
1229 1144 1282 1189 ad
1304 1159 1477 1189 causam
1496 1179 1505 1199 ‚
1533 1160 1631 1205 quae
1648 1144 1761 1188 inter

365 1231 444 1260 nos
462 1216 516 1261 de
535 1217 844 1261 communione
866 1216 1079 1261 catholica
1103 1215 1171 1260 vel
1192 1216 1247 1260 de
1269 1225 1390 1276 parte
1414 1217 1571 1261 Donati
1591 1216 1757 1274 agitur,

365 1288 486 1346 quod
503 1287 654 1332 relicto
673 1290 848 1345 negotio
872 1288 1065 1346 quodam
1082 1286 1213 1331 modo
1231 1286 1432 1345 publico,
1457 1287 1624 1345 privata
1648 1301 1761 1345 qua-

365 1358 465 1403 dam
494 1358 713 1402 simultate
736 1358 923 1402 hominis
946 1358 1077 1402 unius
1108 1359 1242 1402 vitam
1270 1356 1489 1402 maledicis
1519 1357 1763 1416 opprobriis

367 1429 601 1474 insectatus
623 1444 666 1473 es
695 1449 702 1474 z
729 1430 852 1489 quasi
877 1430 1008 1474 homo
1038 1429 1112 1473 ille
1134 1430 1188 1474 sit
1215 1445 1342 1474 causa
1368 1445 1468 1489 quae
1493 1429 1763 1490 inquiritur?

369 1503 474 1545 Tam
505 1500 617 1545 male
638 1501 911 1556 existimasti,
937 1517 1026 1546 non
1055 1500 1197 1545 dicam
1227 1500 1281 1544 de
1310 1500 1588 1555 Christianis,
1613 1498 1687 1544 sed
1708 1498 1764 1543 de

366 1571 460 1630 ipso
483 1586 637 1630 genere
660 1572 877 1626 humano,
902 1580 951 1615 ut
973 1586 1062 1615 non
1085 1570 1280 1615 crederes
1304 1586 1428 1630 posse
1446 1580 1519 1615 tua
1538 1570 1695 1629 scripta
1718 1569 1763 1613 in

366 1642 569 1686 manibus
597 1643 843 1703 aliquorum
867 1643 1014 1688 venire
1037 1643 1343 1703 prudentium,
1365 1643 1441 1702 qui
1461 1658 1504 1687 se
1526 1659 1548 1686 a
1571 1641 1762 1701 personis

366 1715 522 1758 nostris
540 1713 766 1769 tollerent,
788 1724 831 1758 et
847 1715 1132 1774 quaestionem
1154 1715 1298 1773 potius
1319 1730 1418 1774 quae
1435 1714 1548 1758 inter
1565 1729 1643 1758 nos
1665 1728 1762 1757 ver-

366 1793 531 1829 teretur
547 1785 839 1844 inquirerent,
865 1800 945 1829 nec
967 1785 1043 1844 qui
1065 1783 1134 1828 vel
1156 1784 1304 1845 quales
1325 1799 1535 1840 essemus,
1561 1783 1636 1828 sed
1656 1782 1764 1843 quid

368 1870 448 1914 pro
471 1855 652 1899 veritate
685 1854 752 1899 vel
779 1864 930 1900 contra
960 1870 1149 1899 errorem
1179 1855 1420 1900 diceremus
1452 1855 1765 1900 attenderent?

369 1929 538 1971 Horum
557 1927 772 1986 judicium
796 1927 875 1971 tibi
899 1927 1187 1971 reverendum
1211 1926 1296 1971 fuit
1313 1962 1323 1982 ‚
1349 1928 1508 1971 horum
1534 1926 1766 1986 reprehen-

370 1998 433 2042 sio
456 1998 738 2058 praecavenda
755 2034 765 2054 ,
799 2014 854 2043 ne
875 2008 917 2043 te
940 1999 1256 2043 arbitrarentur
1278 1998 1388 2043 nihil
1409 1999 1621 2043 invenisse
1644 1995 1765 2058 quod

372 2070 536 2114 diceres
552 2105 562 2123 ,
599 2070 680 2113 nisi
704 2070 783 2114 tibi
813 2085 1078 2129 proponeres
1101 2069 1172 2114 eui
1195 2070 1511 2131 quoquomodo
1533 2068 1766 2113 maledice-

371 2155 453 2184 res.
482 2140 566 2184 Sed
598 2139 800 2184 videlicet
841 2141 1133 2199 quorumdam
1171 2141 1346 2185 levitate
1380 2150 1511 2201 atque
1543 2139 1762 2194 vanitate,

373 2211 448 2271 qui
471 2209 658 2255 libenter
680 2211 866 2256 audiunt
887 2211 982 2255 lites
998 2212 1269 2271 jurgantium
1289 2212 1571 2265 disertorum,
1600 2220 1649 2254 ut
1665 2224 1766 2255 cum

375 2281 607 2325 attendunt
640 2297 772 2341 quam
807 2281 1064 2340 eloquenter
1092 2282 1344 2326 convicieris
1365 2316 1375 2335 ,
1402 2297 1491 2326 non
1512 2281 1768 2325 intueantur

375 2367 506 2412 quam
530 2351 736 2396 veraciter
763 2352 1044 2396 convincaris.
1075 2352 1212 2396 Simul
1236 2361 1278 2396 et
1300 2351 1409 2396 illud
1433 2352 1587 2411 opinor
1609 2351 1731 2409 egisti
1752 2385 1763 2406 ,

375 2432 425 2466 ut
462 2433 697 2482 occupatus
732 2437 828 2466 mea
863 2421 1115 2466 defensione
1152 2431 1396 2482 susceptam
1429 2437 1601 2466 eausam
1638 2421 1766 2464 etiam

375 2493 466 2551 ipse
489 2493 755 2550 desererem,
781 2501 912 2552 atque
943 2492 1002 2537 ita
1023 2491 1276 2537 hominibus
1293 2527 1304 2548 ,
1329 2508 1419 2538 non
1447 2493 1503 2538 ad
1536 2491 1766 2552 disputan-

426 2584 434 2600 ¹
457 2577 536 2610 Psal.
559 2588 608 2620 tt,
626 2577 659 2610 5.
