1825 3264
294 270 455 301 CONTRA
488 271 690 300 Lt'r'sEuAs
724 273 956 312 PETiLrAM,
993 277 1072 303 Lm.
1112 278 1160 303 11.
1372 263 1424 303 45

47 346 148 383 sunt
168 338 395 397 baptizari,
422 337 520 382 satis
543 336 808 382 declaratum
843 349 906 382 cst
929 355 1084 399 aquam
1107 341 1225 385 illam
1248 341 1427 386 Joannis

48 425 136 455 non
163 409 378 468 pertinere
400 408 453 453 ad
479 410 740 469 baptismum
761 410 945 464 Christi,
974 410 1050 455 sed
1079 427 1156 472 pro
1190 413 1428 458 necessario

49 491 244 540 tempore
265 479 439 524 alterius
461 479 791 540 dispensationis
808 479 952 526 fuisse.

106 553 304 596 LXXVI.
331 554 554 595 Postremo
571 550 678 610 quid
702 550 779 594 tibi
802 551 940 595 visum
954 560 1031 606 est,
1057 560 1107 596 ut
1124 567 1222 596 curn
1245 553 1430 612 probare

46 621 253 667 voluisses
277 621 482 680 Spiritum
502 630 699 666 sanctum
719 637 740 665 a
756 621 928 666 Christo
942 621 1091 666 datum
1112 657 1122 678 ,
1148 631 1191 666 et
1213 622 1431 667 adhibuis-

47 707 112 737 ses
133 706 183 736 ex
206 690 442 750 Evangelio
465 691 754 735 testimonium
774 727 784 746 ,
810 692 930 752 quod
954 707 1181 751 resurgens
1206 709 1227 736 a
1251 694 1433 737 mortuis

47 762 283 806 insufflavit
304 761 347 804 in
366 761 519 806 faciem
538 761 855 820 Discipulorum
879 761 1026 806 dicens
1045 782 1052 807 :
1073 781 1093 804 «
1114 762 1309 821 Accipite
1329 763 1433 822 Spi-

53 851 73 874 »
99 833 228 877 ritum
247 835 496 890 sanctum¹3
517 853 533 874 »
561 843 692 893 atquc
711 833 913 878 ultimum
932 833 1055 878 illum
1075 835 1219 892 ignem
1242 835 1430 895 quicum

50 904 264 964 baptismo
283 903 530 948 nominatus
546 913 623 959 est,
635 905 678 947 in
695 904 853 964 linguis
864 905 998 964 igneis
1012 922 1110 965 quae
1123 906 1345 950 Paracleto
1359 922 1434 950 vc-

50 975 194 1019 niente
210 975 516 1019 demonstratae
527 983 644 1028 sunt,
656 974 788 1018 velles
807 976 1051 1031 ostendere,
1066 975 1207 1020 dixisti
1223 996 1232 1022 ι
1252 980 1436 1036 Ipseque

50 1044 160 1104 ignis
182 1044 428 1089 Paracletus
447 1045 757 1104 crepitantibus
778 1045 962 1090 flammis
985 1046 1212 1092 ardescens
1234 1047 1278 1091 in
1297 1050 1436 1107 Apos-

52 1114 162 1161 tolos
193 1115 443 1174 supervenit
470 1134 478 1158 :
514 1115 636 1173 quasi
660 1114 768 1159 alius
799 1116 852 1160 sit
882 1117 1064 1176 Spiritus
1086 1128 1286 1172 sanctus,
1307 1132 1436 1177 quern

52 1185 174 1231 dedit
190 1185 454 1230 insufflando
468 1185 512 1228 in
527 1183 680 1229 faciem
703 1186 1039 1245 Discipulorum,
1057 1197 1099 1231 et
1120 1187 1228 1232 alius
1247 1188 1323 1248 qui
1341 1197 1439 1247 post

52 1258 142 1317 ejus
163 1271 385 1301 ascensum
402 1257 444 1299 in
460 1255 689 1314 Apostolos
706 1258 969 1316 supervenit.
988 1259 1213 1318 Numquid
1229 1274 1332 1317 ergo
1348 1259 1437 1302 duo

52 1337 153 1372 sunt
172 1327 353 1386 Spiritus
364 1326 532 1370 sancti?
549 1326 652 1378 Quis
674 1326 758 1370 hoc
780 1325 1127 1371 dementissimus
1141 1328 1326 1372 dixerit?
1345 1332 1441 1387 Ipse

53 1399 199 1459 itaque
219 1400 415 1446 Christus
433 1402 635 1447 eumdem
662 1397 870 1460 Spiritum
892 1407 1088 1443 sanctum
1107 1398 1244 1454 dedit,
1262 1399 1349 1443 sive
1372 1399 1440 1442 in-

54 1471 270 1516 sufflando
298 1472 343 1516 in
373 1472 527 1518 facicm
550 1473 869 1532 Discipulorum
890 1507 900 1526 ,
923 1472 1010 1515 sive
1033 1471 1349 1530 desupeneum
1373 1470 1442 1514 dic

57 1545 329 1587 Pentecostes
362 1554 476 1588 certa
510 1544 766 1589 sacramenti
800 1541 1179 1587 commendatione
1207 1541 1438 1585 mittendo.

57 1613 244 1657 Proinde
265 1630 351 1658 non
375 1615 572 1671 Christus
597 1614 803 1674 Spiritum
828 1622 1026 1657 sanctum
1050 1611 1188 1667 dedit,
1226 1621 1268 1655 et
1296 1611 1440 1670 ignem

58 1683 322 1739 Paracletus,
350 1694 399 1728 ut
435 1685 556 1745 quasi
580 1684 872 1743 compleretur
889 1683 1009 1743 quod
1031 1682 1194 1726 dictum
1215 1690 1322 1737 erat,
1347 1701 1367 1723 «
1396 1684 1445 1725 ln

63 1755 261 1814 »Spiritu
283 1765 431 1800 sancto
454 1756 597 1815 etigni
618 1776 625 1800 ;
649 1775 666 1797 »
683 1755 756 1799 sed
777 1754 891 1798 idem
909 1756 998 1813 ipse
1019 1755 1215 1799 Christus
1239 1753 1444 1813 Spiritum

60 1834 256 1869 sanctum
278 1825 423 1881 dedit,
453 1841 584 1886 quem
614 1827 655 1869 in
680 1836 790 1870 terra
818 1825 984 1884 positus
1007 1840 1084 1869 suo
1108 1825 1213 1869 flatu
1234 1860 1244 1879 ,
1265 1825 1309 1867 in
1333 1823 1447 1868 coelo

61 1904 205 1939 autem
242 1896 404 1955 positus
438 1896 596 1954 linguis
638 1896 772 1954 igneis
807 1895 1133 1939 demonstravit.
1167 1897 1366 1954 Namque
1400 1904 1449 1937 ut

63 1967 232 2010 noveris
262 1983 349 2011 non
379 1977 482 2012 tunc
505 1966 732 2026 impletum
753 1982 842 2010 esse
864 1966 983 2026 quod
1008 1965 1174 2009 dictum
1198 1975 1277 2019 cst,
1307 1985 1325 2006 «
1352 1967 1449 2022 lpse

67 2052 178 2081 »vos
198 2037 385 2096 baptizat
401 2039 443 2081 in
460 2039 621 2096 Spiritu
638 2047 802 2091 sancto,
821 2036 1034 2096 »quando
1047 2037 1105 2079 eis
1123 2036 1311 2080 sufflavit
1324 2036 1365 2078 in
1382 2033 1448 2078 Ia-

64 2107 172 2151 ciem
199 2129 210 2164 3
234 2110 383 2167 utjam
407 2123 494 2152 non
518 2109 562 2151 in
583 2108 760 2166 Spiritu,
786 2107 859 2151 sed
881 2108 924 2150 in
948 2108 1046 2166 ignc
1078 2105 1323 2166 baptizandi
1346 2121 1452 2149 ven·-

67 2186 165 2221 turo
182 2178 400 2222 Paraclcto
415 2178 683 2223 viderentur:
701 2179 970 2222 reminiscere
983 2177 1290 2237 apertissimam
1309 2176 1452 2235 Scrip-

69 2256 226 2302 turam,
252 2257 293 2291 et
311 2248 410 2291 vide
431 2248 536 2308 quid
561 2249 619 2293 eis
641 2249 822 2302 dixerit,
843 2248 1020 2308 quando
1042 2249 1130 2308 ipse
1150 2249 1359 2292 Dominus
1382 2262 1451 2290 as·

67 2318 212 2363 cendit
226 2320 267 2362 in
281 2319 458 2363 coelum.
476 2340 491 2359 «
507 2323 693 2364 Joannes
707 2321 883 2380 quidem
899 2320 1130 2377 baptizavit
1145 2335 1272 2379 aqua,
1288 2334 1363 2362 vos
1376 2334 1453 2361 au-

71 2408 91 2431 »
105 2399 187 2434 tem
204 2390 527 2450 baptizabimini
541 2393 699 2451 Spiritu
712 2401 876 2446 sancto,
889 2409 914 2452 q
923 2407 1018 2436 ucrn
1034 2391 1247 2450 recepturi
1258 2391 1354 2434 estis
1366 2405 1453 2433 non

71 2471 201 2519 »post
218 2460 376 2505 multos
395 2461 484 2506 dics
499 2462 575 2506 hos
599 2461 652 2505 ad
677 2465 998 2507 pentecostem.
1013 2461 1148 2514 »Quid
1162 2462 1244 2504 hoc
1261 2461 1446 2504 testimo-

69 2531 143 2576 nio
155 2530 336 2576 clarius?
353 2531 601 2576 Secundum
617 2541 759 2577 autem
775 2548 945 2577 sensum
969 2543 1088 2576 tuum
1105 2531 1248 2577 dicere
1266 2530 1419 2575 debuit
1443 2550 1450 2574 ;

122 2623 128 2638 ¹
157 2617 248 2649 Joan.
276 2628 330 2658 xx,
352 2627 403 2650 12.
418 2634 459 2641 -
473 2624 485 2640 ²
503 2620 576 2651 Act.
596 2629 621 2657 1,
641 2617 675 2650 5.
