<?xml version="1.0" encoding="UTF-8"?>
<!DOCTYPE html PUBLIC "-//W3C//DTD XHTML 1.0 Transitional//EN"
    "http://www.w3.org/TR/xhtml1/DTD/xhtml1-transitional.dtd">
<html xmlns="http://www.w3.org/1999/xhtml" xml:lang="en" lang="en">
 <head>
  <title>
</title>
<meta http-equiv="Content-Type" content="text/html;charset=utf-8" />
  <meta name='ocr-system' content='tesseract 3.04.00' />
  <meta name='ocr-capabilities' content='ocr_page ocr_carea ocr_par ocr_line ocrx_word'/>
</head>
<body>
  <div class='ocr_page' id='page_1' title='image "./operaomniaaccura32auguuoft_0118.png"; bbox 0 0 1825 3264; ppageno 0'>
   <div class='ocr_carea' id='block_1_1' title="bbox 384 235 1331 273">
    <p class='ocr_par' dir='ltr' id='par_1_1' title="bbox 384 235 1331 273">
     <span class='ocr_line' id='line_1_1' title="bbox 384 235 1331 273; baseline -0.001 0"><span class='ocrx_word' id='word_1_1' title='bbox 384 235 463 273; x_wconf 89' lang='lat'>108</span> <span class='ocrx_word' id='word_1_2' title='bbox 817 240 851 270; x_wconf 89' lang='lat' dir='ltr'>s.</span> <span class='ocrx_word' id='word_1_3' title='bbox 887 241 1118 271; x_wconf 70' lang='lat' dir='ltr'>Arrotsnm</span> <span class='ocrx_word' id='word_1_4' title='bbox 1151 244 1331 272; x_wconf 74' lang='lat' dir='ltr'>EPISCOPI</span> 
     </span>
    </p>
   </div>
   <div class='ocr_carea' id='block_1_2' title="bbox 378 308 1796 2497">
    <p class='ocr_par' dir='ltr' id='par_1_2' title="bbox 379 308 1796 1571">
     <span class='ocr_line' id='line_1_2' title="bbox 381 308 1767 370; baseline 0.001 -16"><span class='ocrx_word' id='word_1_5' title='bbox 381 325 483 370; x_wconf 83' lang='lat' dir='ltr'>gum</span> <span class='ocrx_word' id='word_1_6' title='bbox 500 310 563 354; x_wconf 79' lang='lat' dir='ltr'>vis</span> <span class='ocrx_word' id='word_1_7' title='bbox 577 323 667 354; x_wconf 89' lang='lat' dir='ltr'>esse</span> <span class='ocrx_word' id='word_1_8' title='bbox 685 308 882 354; x_wconf 89' lang='lat' dir='ltr'>doctores</span> <span class='ocrx_word' id='word_1_9' title='bbox 898 309 916 352; x_wconf 78' lang='lat' dir='ltr'>P</span> <span class='ocrx_word' id='word_1_10' title='bbox 932 310 990 353; x_wconf 89' lang='lat' dir='ltr'>Et</span> <span class='ocrx_word' id='word_1_11' title='bbox 1010 309 1145 354; x_wconf 87' lang='lat' dir='ltr'>nostri</span> <span class='ocrx_word' id='word_1_12' title='bbox 1163 309 1358 369; x_wconf 91' lang='lat' dir='ltr'>quidem,</span> <span class='ocrx_word' id='word_1_13' title='bbox 1386 310 1421 354; x_wconf 91' lang='lat' dir='ltr'>si</span> <span class='ocrx_word' id='word_1_14' title='bbox 1442 310 1600 370; x_wconf 83' lang='lat' dir='ltr'>quaeis</span> <span class='ocrx_word' id='word_1_15' title='bbox 1619 311 1767 356; x_wconf 88' lang='lat' dir='ltr'>amici-</span> 
     </span>
     <span class='ocr_line' id='line_1_3' title="bbox 380 380 1767 440; baseline 0.001 -14"><span class='ocrx_word' id='word_1_16' title='bbox 380 382 438 426; x_wconf 83' lang='lat' dir='ltr'>tia</span> <span class='ocrx_word' id='word_1_17' title='bbox 460 390 522 425; x_wconf 84' lang='lat' dir='ltr'>est</span> <span class='ocrx_word' id='word_1_18' title='bbox 542 395 643 425; x_wconf 90' lang='lat' dir='ltr'>cum</span> <span class='ocrx_word' id='word_1_19' title='bbox 671 380 844 440; x_wconf 87' lang='lat' dir='ltr'>regibus</span> <span class='ocrx_word' id='word_1_20' title='bbox 866 380 1134 434; x_wconf 87' lang='lat' dir='ltr'>Christianis,</span> <span class='ocrx_word' id='word_1_21' title='bbox 1167 380 1201 423; x_wconf 90' lang='lat' dir='ltr'>si</span> <span class='ocrx_word' id='word_1_22' title='bbox 1223 396 1272 424; x_wconf 89' lang='lat' dir='ltr'>ea</span> <span class='ocrx_word' id='word_1_23' title='bbox 1295 380 1405 425; x_wconf 84' lang='lat' dir='ltr'>bene</span> <span class='ocrx_word' id='word_1_24' title='bbox 1429 389 1634 437; x_wconf 89' lang='lat' dir='ltr'>utuntur,</span> <span class='ocrx_word' id='word_1_25' title='bbox 1659 382 1767 430; x_wconf 78' lang='lat' dir='ltr'>nihil</span> 
     </span>
     <span class='ocr_line' id='line_1_4' title="bbox 380 450 1765 513; baseline 0.001 -17"><span class='ocrx_word' id='word_1_26' title='bbox 380 461 562 512; x_wconf 84' lang='lat' dir='ltr'>peccant</span> <span class='ocrx_word' id='word_1_27' title='bbox 583 471 592 497; x_wconf 72' lang='grc' dir='ltr'>ε</span> <span class='ocrx_word' id='word_1_28' title='bbox 619 452 653 496; x_wconf 93' lang='lat' dir='ltr'>si</span> <span class='ocrx_word' id='word_1_29' title='bbox 673 452 748 512; x_wconf 91' lang='lat' dir='ltr'>qui</span> <span class='ocrx_word' id='word_1_30' title='bbox 766 466 864 496; x_wconf 90' lang='lat' dir='ltr'>vero</span> <span class='ocrx_word' id='word_1_31' title='bbox 881 451 984 495; x_wconf 93' lang='lat' dir='ltr'>inde</span> <span class='ocrx_word' id='word_1_32' title='bbox 1002 450 1290 506; x_wconf 80' lang='lat' dir='ltr'>extolluntur,</span> <span class='ocrx_word' id='word_1_33' title='bbox 1315 452 1456 497; x_wconf 88' lang='lat' dir='ltr'>multo</span> <span class='ocrx_word' id='word_1_34' title='bbox 1478 451 1616 496; x_wconf 91' lang='lat' dir='ltr'>levius</span> <span class='ocrx_word' id='word_1_35' title='bbox 1635 468 1765 513; x_wconf 89' lang='lat' dir='ltr'>quam</span> 
     </span>
     <span class='ocr_line' id='line_1_5' title="bbox 379 520 1766 584; baseline 0.001 -16"><span class='ocrx_word' id='word_1_36' title='bbox 379 539 455 568; x_wconf 87' lang='lat' dir='ltr'>vos</span> <span class='ocrx_word' id='word_1_37' title='bbox 471 522 804 583; x_wconf 85' lang='lat' dir='ltr'>peccant.Vobis</span> <span class='ocrx_word' id='word_1_38' title='bbox 817 522 947 577; x_wconf 86' lang='lat' dir='ltr'>enirn,</span> <span class='ocrx_word' id='word_1_39' title='bbox 968 522 1045 582; x_wconf 89' lang='lat' dir='ltr'>qui</span> <span class='ocrx_word' id='word_1_40' title='bbox 1066 522 1124 566; x_wconf 90' lang='lat' dir='ltr'>sic</span> <span class='ocrx_word' id='word_1_41' title='bbox 1142 537 1219 566; x_wconf 90' lang='lat' dir='ltr'>nos</span> <span class='ocrx_word' id='word_1_42' title='bbox 1232 522 1424 581; x_wconf 82' lang='lat' dir='ltr'><strong>arguitis,</strong></span> <span class='ocrx_word' id='word_1_43' title='bbox 1445 522 1551 584; x_wconf 92' lang='lat' dir='ltr'>quid</span> <span class='ocrx_word' id='word_1_44' title='bbox 1569 520 1652 568; x_wconf 91' lang='lat' dir='ltr'>fuit</span> <span class='ocrx_word' id='word_1_45' title='bbox 1668 538 1766 570; x_wconf 89' lang='lat' dir='ltr'>cum</span> 
     </span>
     <span class='ocr_line' id='line_1_6' title="bbox 380 592 1767 654; baseline 0.001 -15"><span class='ocrx_word' id='word_1_46' title='bbox 380 610 482 654; x_wconf 86' lang='lat' dir='ltr'>rege</span> <span class='ocrx_word' id='word_1_47' title='bbox 505 609 696 654; x_wconf 86' lang='lat' dir='ltr'>pagano,</span> <span class='ocrx_word' id='word_1_48' title='bbox 723 603 788 650; x_wconf 86' lang='lat' dir='ltr'>et,</span> <span class='ocrx_word' id='word_1_49' title='bbox 814 592 935 654; x_wconf 89' lang='lat' dir='ltr'>quod</span> <span class='ocrx_word' id='word_1_50' title='bbox 955 603 1017 638; x_wconf 80' lang='lat' dir='ltr'>est</span> <span class='ocrx_word' id='word_1_51' title='bbox 1045 594 1216 652; x_wconf 86' lang='lat' dir='ltr'>gravius</span> <span class='ocrx_word' id='word_1_52' title='bbox 1232 629 1242 649; x_wconf 84' lang='lat'><strong>,</strong></span> <span class='ocrx_word' id='word_1_53' title='bbox 1267 603 1462 652; x_wconf 87' lang='lat' dir='ltr'>apostata</span> <span class='ocrx_word' id='word_1_54' title='bbox 1482 603 1526 639; x_wconf 87' lang='lat' dir='ltr'>et</span> <span class='ocrx_word' id='word_1_55' title='bbox 1545 593 1767 640; x_wconf 84' lang='lat' dir='ltr'>christiani</span> 
     </span>
     <span class='ocr_line' id='line_1_7' title="bbox 381 664 1768 725; baseline 0.001 -15"><span class='ocrx_word' id='word_1_56' title='bbox 381 666 565 710; x_wconf 88' lang='lat' dir='ltr'>nominis</span> <span class='ocrx_word' id='word_1_57' title='bbox 592 666 716 710; x_wconf 88' lang='lat' dir='ltr'>hoste</span> <span class='ocrx_word' id='word_1_58' title='bbox 738 668 762 710; x_wconf 88' lang='lat' dir='ltr'><strong>J</strong></span> <span class='ocrx_word' id='word_1_59' title='bbox 768 664 930 719; x_wconf 87' lang='lat' dir='ltr'>uliano,</span> <span class='ocrx_word' id='word_1_60' title='bbox 950 681 972 709; x_wconf 90' lang='lat' dir='ltr'>a</span> <span class='ocrx_word' id='word_1_61' title='bbox 992 680 1081 724; x_wconf 86' lang='lat' dir='ltr'>quo</span> <span class='ocrx_word' id='word_1_62' title='bbox 1103 665 1224 709; x_wconf 88' lang='lat' dir='ltr'>vobis</span> <span class='ocrx_word' id='word_1_63' title='bbox 1243 664 1442 710; x_wconf 88' lang='lat' dir='ltr'>basilicas</span> <span class='ocrx_word' id='word_1_64' title='bbox 1461 665 1584 725; x_wconf 89' lang='lat' dir='ltr'>quasi</span> <span class='ocrx_word' id='word_1_65' title='bbox 1606 674 1768 712; x_wconf 79' lang='lat' dir='ltr'>vestras</span> 
     </span>
     <span class='ocr_line' id='line_1_8' title="bbox 380 734 1768 796; baseline 0 -15"><span class='ocrx_word' id='word_1_66' title='bbox 380 736 503 781; x_wconf 87' lang='lat' dir='ltr'>reddi</span> <span class='ocrx_word' id='word_1_67' title='bbox 526 736 821 796; x_wconf 81' lang='lat' dir='ltr'>deprecantes,</span> <span class='ocrx_word' id='word_1_68' title='bbox 847 737 988 780; x_wconf 88' lang='lat' dir='ltr'>hocin</span> <span class='ocrx_word' id='word_1_69' title='bbox 1011 737 1103 796; x_wconf 87' lang='lat' dir='ltr'>ejus</span> <span class='ocrx_word' id='word_1_70' title='bbox 1120 735 1250 780; x_wconf 89' lang='lat' dir='ltr'>laude</span> <span class='ocrx_word' id='word_1_71' title='bbox 1271 737 1490 796; x_wconf 79' lang='lat' dir='ltr'>posuistis,</span> <span class='ocrx_word' id='word_1_72' title='bbox 1508 735 1629 796; x_wconf 90' lang='lat' dir='ltr'>quod</span> <span class='ocrx_word' id='word_1_73' title='bbox 1651 734 1768 795; x_wconf 86' lang='lat' dir='ltr'>apud</span> 
     </span>
     <span class='ocr_line' id='line_1_9' title="bbox 381 805 1768 868; baseline 0.001 -16"><span class='ocrx_word' id='word_1_74' title='bbox 381 822 481 852; x_wconf 91' lang='lat' dir='ltr'>eum</span> <span class='ocrx_word' id='word_1_75' title='bbox 502 806 592 852; x_wconf 88' lang='lat' dir='ltr'>sola</span> <span class='ocrx_word' id='word_1_76' title='bbox 607 807 775 868; x_wconf 85' lang='lat' dir='ltr'>justitia</span> <span class='ocrx_word' id='word_1_77' title='bbox 795 806 941 851; x_wconf 89' lang='lat' dir='ltr'>locum</span> <span class='ocrx_word' id='word_1_78' title='bbox 969 806 1150 850; x_wconf 83' lang='lat' dir='ltr'>haberet</span> <span class='ocrx_word' id='word_1_79' title='bbox 1172 808 1190 850; x_wconf 70' lang='grc' dir='ltr'><em>Ρ</em></span> <span class='ocrx_word' id='word_1_80' title='bbox 1222 807 1390 860; x_wconf 88' lang='lat' dir='ltr'>Quibus</span> <span class='ocrx_word' id='word_1_81' title='bbox 1417 807 1576 862; x_wconf 90' lang='lat' dir='ltr'>verbis,</span> <span class='ocrx_word' id='word_1_82' title='bbox 1601 809 1618 864; x_wconf 93' lang='lat'>(</span> <span class='ocrx_word' id='word_1_83' title='bbox 1638 805 1768 853; x_wconf 87' lang='lat' dir='ltr'>credo</span> 
     </span>
     <span class='ocr_line' id='line_1_10' title="bbox 380 877 1769 937; baseline 0 -15"><span class='ocrx_word' id='word_1_84' title='bbox 380 879 496 922; x_wconf 90' lang='lat' dir='ltr'>enim</span> <span class='ocrx_word' id='word_1_85' title='bbox 517 893 593 923; x_wconf 89' lang='lat' dir='ltr'>vos</span> <span class='ocrx_word' id='word_1_86' title='bbox 614 878 747 922; x_wconf 87' lang='lat' dir='ltr'>latine</span> <span class='ocrx_word' id='word_1_87' title='bbox 768 877 1045 936; x_wconf 90' lang='lat' dir='ltr'>intelligere,)</span> <span class='ocrx_word' id='word_1_88' title='bbox 1059 887 1101 922; x_wconf 90' lang='lat' dir='ltr'>et</span> <span class='ocrx_word' id='word_1_89' title='bbox 1123 877 1366 923; x_wconf 86' lang='lat' dir='ltr'>idololatria</span> <span class='ocrx_word' id='word_1_90' title='bbox 1383 881 1407 923; x_wconf 90' lang='lat' dir='ltr'>J</span> <span class='ocrx_word' id='word_1_91' title='bbox 1414 877 1563 934; x_wconf 88' lang='lat' dir='ltr'>uliani‚</span> <span class='ocrx_word' id='word_1_92' title='bbox 1579 887 1622 922; x_wconf 88' lang='lat' dir='ltr'>et</span> <span class='ocrx_word' id='word_1_93' title='bbox 1645 893 1769 937; x_wconf 86' lang='lat' dir='ltr'>apos-</span> 
     </span>
     <span class='ocr_line' id='line_1_11' title="bbox 380 949 1769 1012; baseline 0 -17"><span class='ocrx_word' id='word_1_94' title='bbox 380 952 483 996; x_wconf 87' lang='lat' dir='ltr'>tasia</span> <span class='ocrx_word' id='word_1_95' title='bbox 510 951 675 1011; x_wconf 84' lang='lat' dir='ltr'>justitia</span> <span class='ocrx_word' id='word_1_96' title='bbox 697 961 760 996; x_wconf 91' lang='lat' dir='ltr'>est</span> <span class='ocrx_word' id='word_1_97' title='bbox 788 949 1019 1012; x_wconf 87' lang='lat' dir='ltr'>appellata.</span> <span class='ocrx_word' id='word_1_98' title='bbox 1056 954 1246 996; x_wconf 78' lang='lat' dir='ltr'>Tenetur</span> <span class='ocrx_word' id='word_1_99' title='bbox 1268 952 1420 1011; x_wconf 88' lang='lat' dir='ltr'>petitio</span> <span class='ocrx_word' id='word_1_100' title='bbox 1437 986 1448 1006; x_wconf 87' lang='lat'>‚</span> <span class='ocrx_word' id='word_1_101' title='bbox 1473 965 1605 1011; x_wconf 90' lang='lat' dir='ltr'>quam</span> <span class='ocrx_word' id='word_1_102' title='bbox 1638 949 1769 995; x_wconf 85' lang='lat' dir='ltr'>vestri</span> 
     </span>
     <span class='ocr_line' id='line_1_12' title="bbox 380 1022 1767 1082; baseline 0 -17"><span class='ocrx_word' id='word_1_103' title='bbox 380 1023 560 1082; x_wconf 83' lang='lat' dir='ltr'>majores</span> <span class='ocrx_word' id='word_1_104' title='bbox 602 1022 819 1078; x_wconf 73' lang='lat' dir='ltr'>dederunt</span> <span class='ocrx_word' id='word_1_105' title='bbox 834 1057 844 1077; x_wconf 95' lang='lat'>‚</span> <span class='ocrx_word' id='word_1_106' title='bbox 887 1024 1138 1068; x_wconf 85' lang='lat' dir='ltr'>constitutio</span> <span class='ocrx_word' id='word_1_107' title='bbox 1158 1058 1168 1076; x_wconf 86' lang='lat'>‚</span> <span class='ocrx_word' id='word_1_108' title='bbox 1211 1037 1342 1082; x_wconf 87' lang='lat' dir='ltr'>quam</span> <span class='ocrx_word' id='word_1_109' title='bbox 1387 1022 1730 1080; x_wconf 86' lang='lat' dir='ltr'>impetraverunt</span> <span class='ocrx_word' id='word_1_110' title='bbox 1753 1040 1767 1080; x_wconf 77' lang='lat'>3</span> 
     </span>
     <span class='ocr_line' id='line_1_13' title="bbox 380 1091 1769 1152; baseline 0 -15"><span class='ocrx_word' id='word_1_111' title='bbox 380 1094 524 1147; x_wconf 79' lang='lat' dir='ltr'>Gesta,</span> <span class='ocrx_word' id='word_1_112' title='bbox 545 1093 622 1137; x_wconf 90' lang='lat' dir='ltr'>ubi</span> <span class='ocrx_word' id='word_1_113' title='bbox 644 1093 956 1152; x_wconf 85' lang='lat' dir='ltr'>allegaverunt.</span> <span class='ocrx_word' id='word_1_114' title='bbox 984 1093 1196 1152; x_wconf 86' lang='lat' dir='ltr'>Evigilate</span> <span class='ocrx_word' id='word_1_115' title='bbox 1214 1127 1224 1144; x_wconf 84' lang='lat'>,</span> <span class='ocrx_word' id='word_1_116' title='bbox 1250 1101 1293 1136; x_wconf 86' lang='lat' dir='ltr'>et</span> <span class='ocrx_word' id='word_1_117' title='bbox 1326 1091 1536 1135; x_wconf 84' lang='lat' dir='ltr'>attendite</span> <span class='ocrx_word' id='word_1_118' title='bbox 1560 1110 1569 1136; x_wconf 78' lang='lat' dir='ltr'><strong><em>z</em></strong></span> <span class='ocrx_word' id='word_1_119' title='bbox 1591 1091 1769 1137; x_wconf 86' lang='lat' dir='ltr'>inimico</span> 
     </span>
     <span class='ocr_line' id='line_1_14' title="bbox 379 1161 1769 1222; baseline -0.001 -14"><span class='ocrx_word' id='word_1_120' title='bbox 379 1163 553 1218; x_wconf 81' lang='lat' dir='ltr'>Christi,</span> <span class='ocrx_word' id='word_1_121' title='bbox 581 1172 802 1222; x_wconf 86' lang='lat' dir='ltr'>apostatae,</span> <span class='ocrx_word' id='word_1_122' title='bbox 824 1163 1068 1208; x_wconf 85' lang='lat' dir='ltr'>adversario</span> <span class='ocrx_word' id='word_1_123' title='bbox 1083 1163 1448 1217; x_wconf 86' lang='lat' dir='ltr'>Christianorum,</span> <span class='ocrx_word' id='word_1_124' title='bbox 1464 1177 1587 1206; x_wconf 89' lang='lat' dir='ltr'>servo</span> <span class='ocrx_word' id='word_1_125' title='bbox 1601 1161 1769 1206; x_wconf 84' lang='lat' dir='ltr'>daemo-</span> 
     </span>
     <span class='ocr_line' id='line_1_15' title="bbox 379 1233 1768 1293; baseline 0.002 -16"><span class='ocrx_word' id='word_1_126' title='bbox 379 1234 550 1278; x_wconf 86' lang='lat' dir='ltr'>niorum</span> <span class='ocrx_word' id='word_1_127' title='bbox 567 1270 578 1289; x_wconf 88' lang='lat'><strong>‚</strong></span> <span class='ocrx_word' id='word_1_128' title='bbox 615 1234 774 1278; x_wconf 81' lang='lat' dir='ltr'>talibus</span> <span class='ocrx_word' id='word_1_129' title='bbox 797 1235 936 1279; x_wconf 86' lang='lat' dir='ltr'>verbis</span> <span class='ocrx_word' id='word_1_130' title='bbox 958 1234 1031 1278; x_wconf 86' lang='lat' dir='ltr'>ille</span> <span class='ocrx_word' id='word_1_131' title='bbox 1045 1270 1055 1289; x_wconf 84' lang='lat'><strong>‚</strong></span> <span class='ocrx_word' id='word_1_132' title='bbox 1081 1234 1154 1278; x_wconf 82' lang='lat' dir='ltr'>ille</span> <span class='ocrx_word' id='word_1_133' title='bbox 1172 1270 1182 1288; x_wconf 83' lang='lat'>,</span> <span class='ocrx_word' id='word_1_134' title='bbox 1210 1244 1351 1278; x_wconf 86' lang='lat' dir='ltr'>vester</span> <span class='ocrx_word' id='word_1_135' title='bbox 1372 1234 1446 1277; x_wconf 91' lang='lat' dir='ltr'>ille</span> <span class='ocrx_word' id='word_1_136' title='bbox 1468 1233 1649 1279; x_wconf 89' lang='lat' dir='ltr'>Pontius</span> <span class='ocrx_word' id='word_1_137' title='bbox 1671 1248 1768 1293; x_wconf 90' lang='lat' dir='ltr'>sup.-</span> 
     </span>
     <span class='ocr_line' id='line_1_16' title="bbox 379 1304 1767 1363; baseline 0 -15"><span class='ocrx_word' id='word_1_138' title='bbox 379 1304 570 1363; x_wconf 87' lang='lat' dir='ltr'>plicavit.</span> <span class='ocrx_word' id='word_1_139' title='bbox 597 1307 661 1349; x_wconf 83' lang='lat' dir='ltr'>Ite</span> <span class='ocrx_word' id='word_1_140' title='bbox 683 1320 827 1360; x_wconf 81' lang='lat' dir='ltr'>nunc,</span> <span class='ocrx_word' id='word_1_141' title='bbox 860 1315 902 1349; x_wconf 88' lang='lat' dir='ltr'>et</span> <span class='ocrx_word' id='word_1_142' title='bbox 933 1305 1059 1349; x_wconf 88' lang='lat' dir='ltr'>uobis</span> <span class='ocrx_word' id='word_1_143' title='bbox 1091 1304 1222 1349; x_wconf 84' lang='lat' dir='ltr'>dicite</span> <span class='ocrx_word' id='word_1_144' title='bbox 1251 1324 1258 1349; x_wconf 93' lang='lat'>:</span> <span class='ocrx_word' id='word_1_145' title='bbox 1294 1304 1408 1358; x_wconf 87' lang='lat' dir='ltr'>Quid</span> <span class='ocrx_word' id='word_1_146' title='bbox 1438 1304 1562 1349; x_wconf 83' lang='lat' dir='ltr'>vobis</span> <span class='ocrx_word' id='word_1_147' title='bbox 1583 1313 1647 1349; x_wconf 92' lang='lat' dir='ltr'>est</span> <span class='ocrx_word' id='word_1_148' title='bbox 1669 1319 1767 1348; x_wconf 92' lang='lat' dir='ltr'>cum</span> 
     </span>
     <span class='ocr_line' id='line_1_17' title="bbox 379 1374 1768 1436; baseline 0.002 -18"><span class='ocrx_word' id='word_1_149' title='bbox 379 1376 553 1434; x_wconf 84' lang='lat' dir='ltr'>regibus</span> <span class='ocrx_word' id='word_1_150' title='bbox 576 1376 753 1420; x_wconf 77' lang='lat' dir='ltr'>saeculi&#39;?</span> <span class='ocrx_word' id='word_1_151' title='bbox 770 1386 818 1421; x_wconf 92' lang='lat' dir='ltr'>ut</span> <span class='ocrx_word' id='word_1_152' title='bbox 840 1377 959 1421; x_wconf 86' lang='lat' dir='ltr'>surdi</span> <span class='ocrx_word' id='word_1_153' title='bbox 981 1375 1119 1420; x_wconf 81' lang='lat' dir='ltr'>surdis</span> <span class='ocrx_word' id='word_1_154' title='bbox 1137 1377 1308 1436; x_wconf 85' lang='lat' dir='ltr'>populis</span> <span class='ocrx_word' id='word_1_155' title='bbox 1329 1376 1497 1435; x_wconf 82' lang='lat' dir='ltr'>legatis,</span> <span class='ocrx_word' id='word_1_156' title='bbox 1524 1374 1645 1436; x_wconf 88' lang='lat' dir='ltr'>quod</span> <span class='ocrx_word' id='word_1_157' title='bbox 1668 1391 1768 1422; x_wconf 90' lang='lat' dir='ltr'>cum</span> 
     </span>
     <span class='ocr_line' id='line_1_18' title="bbox 379 1446 1796 1507; baseline 0.002 -18"><span class='ocrx_word' id='word_1_158' title='bbox 379 1446 478 1505; x_wconf 89' lang='lat' dir='ltr'>ipsis</span> <span class='ocrx_word' id='word_1_159' title='bbox 512 1446 662 1491; x_wconf 86' lang='lat' dir='ltr'>audire</span> <span class='ocrx_word' id='word_1_160' title='bbox 684 1462 773 1491; x_wconf 91' lang='lat' dir='ltr'>non</span> <span class='ocrx_word' id='word_1_161' title='bbox 795 1446 924 1491; x_wconf 86' lang='lat' dir='ltr'>vultis</span> <span class='ocrx_word' id='word_1_162' title='bbox 952 1467 960 1492; x_wconf 92' lang='grc'>;</span> <span class='ocrx_word' id='word_1_163' title='bbox 999 1466 1018 1489; x_wconf 93' lang='lat'>«</span> <span class='ocrx_word' id='word_1_164' title='bbox 1056 1447 1270 1507; x_wconf 84' lang='lat' dir='ltr'>Stipulam</span> <span class='ocrx_word' id='word_1_165' title='bbox 1301 1448 1345 1490; x_wconf 89' lang='lat' dir='ltr'>in</span> <span class='ocrx_word' id='word_1_166' title='bbox 1378 1447 1507 1492; x_wconf 89' lang='lat' dir='ltr'>oculo</span> <span class='ocrx_word' id='word_1_167' title='bbox 1538 1446 1682 1492; x_wconf 86' lang='lat' dir='ltr'>fratris</span> <span class='ocrx_word' id='word_1_168' title='bbox 1706 1446 1796 1492; x_wconf 79' lang='lat' dir='ltr'>tui⁴</span> 
     </span>
     <span class='ocr_line' id='line_1_19' title="bbox 382 1517 1430 1571; baseline 0.001 -13"><span class='ocrx_word' id='word_1_169' title='bbox 382 1535 402 1558; x_wconf 85' lang='lat'>»</span> <span class='ocrx_word' id='word_1_170' title='bbox 437 1517 575 1571; x_wconf 88' lang='lat' dir='ltr'>vides,</span> <span class='ocrx_word' id='word_1_171' title='bbox 591 1518 755 1562; x_wconf 86' lang='lat' dir='ltr'>trabem</span> <span class='ocrx_word' id='word_1_172' title='bbox 778 1518 823 1562; x_wconf 87' lang='lat' dir='ltr'>in</span> <span class='ocrx_word' id='word_1_173' title='bbox 843 1517 972 1562; x_wconf 88' lang='lat' dir='ltr'>oculo</span> <span class='ocrx_word' id='word_1_174' title='bbox 995 1527 1071 1563; x_wconf 87' lang='lat' dir='ltr'>tuo</span> <span class='ocrx_word' id='word_1_175' title='bbox 1094 1533 1183 1562; x_wconf 79' lang='lat' dir='ltr'>non</span> <span class='ocrx_word' id='word_1_176' title='bbox 1206 1517 1324 1562; x_wconf 84' lang='lat' dir='ltr'>vides</span> <span class='ocrx_word' id='word_1_177' title='bbox 1350 1520 1380 1561; x_wconf 88' lang='lat'>¹.</span> <span class='ocrx_word' id='word_1_178' title='bbox 1410 1536 1430 1559; x_wconf 90' lang='lat'>»</span> 
     </span>
    </p>

    <p class='ocr_par' dir='ltr' id='par_1_3' title="bbox 378 1587 1775 2497">
     <span class='ocr_line' id='line_1_20' title="bbox 438 1587 1765 1649; baseline -0.001 -16"><span class='ocrx_word' id='word_1_179' title='bbox 438 1589 588 1633; x_wconf 86' lang='lat' dir='ltr'>CCIV.</span> <span class='ocrx_word' id='word_1_180' title='bbox 621 1607 637 1629; x_wconf 88' lang='lat'>«</span> <span class='ocrx_word' id='word_1_181' title='bbox 664 1587 781 1642; x_wconf 85' lang='lat' dir='ltr'>Quid</span> <span class='ocrx_word' id='word_1_182' title='bbox 798 1623 808 1643; x_wconf 87' lang='lat'>,</span> <span class='ocrx_word' id='word_1_183' title='bbox 831 1589 974 1649; x_wconf 87' lang='lat' dir='ltr'>inquis</span> <span class='ocrx_word' id='word_1_184' title='bbox 991 1625 1001 1644; x_wconf 80' lang='lat'>,</span> <span class='ocrx_word' id='word_1_185' title='bbox 1029 1589 1150 1633; x_wconf 87' lang='lat' dir='ltr'>vobis</span> <span class='ocrx_word' id='word_1_186' title='bbox 1180 1598 1244 1633; x_wconf 90' lang='lat' dir='ltr'>est</span> <span class='ocrx_word' id='word_1_187' title='bbox 1269 1603 1369 1632; x_wconf 88' lang='lat' dir='ltr'>cum</span> <span class='ocrx_word' id='word_1_188' title='bbox 1392 1588 1566 1648; x_wconf 85' lang='lat' dir='ltr'>regibus</span> <span class='ocrx_word' id='word_1_189' title='bbox 1587 1587 1765 1643; x_wconf 81' lang='lat' dir='ltr'>saeculi,</span> 
     </span>
     <span class='ocr_line' id='line_1_21' title="bbox 378 1658 1767 1719; baseline 0.001 -18"><span class='ocrx_word' id='word_1_190' title='bbox 378 1673 487 1718; x_wconf 86' lang='lat' dir='ltr'>quos</span> <span class='ocrx_word' id='word_1_191' title='bbox 510 1674 737 1719; x_wconf 84' lang='lat' dir='ltr'>nunquam</span> <span class='ocrx_word' id='word_1_192' title='bbox 759 1659 1058 1704; x_wconf 85' lang='lat' dir='ltr'>Christianitas</span> <span class='ocrx_word' id='word_1_193' title='bbox 1079 1659 1160 1703; x_wconf 89' lang='lat' dir='ltr'>nisi</span> <span class='ocrx_word' id='word_1_194' title='bbox 1175 1658 1343 1703; x_wconf 87' lang='lat' dir='ltr'>invidos</span> <span class='ocrx_word' id='word_1_195' title='bbox 1361 1660 1492 1704; x_wconf 87' lang='lat' dir='ltr'>sensit</span> <span class='ocrx_word' id='word_1_196' title='bbox 1510 1661 1528 1703; x_wconf 79' lang='lat' dir='ltr'>P</span> <span class='ocrx_word' id='word_1_197' title='bbox 1551 1661 1645 1704; x_wconf 91' lang='lat' dir='ltr'>Hoc</span> <span class='ocrx_word' id='word_1_198' title='bbox 1667 1672 1767 1704; x_wconf 91' lang='lat' dir='ltr'>cum</span> 
     </span>
     <span class='ocr_line' id='line_1_22' title="bbox 378 1728 1768 1791; baseline 0 -19"><span class='ocrx_word' id='word_1_199' title='bbox 378 1729 550 1773; x_wconf 80' lang='lat' dir='ltr'>dixisses</span> <span class='ocrx_word' id='word_1_200' title='bbox 569 1765 579 1784; x_wconf 88' lang='lat'>,</span> <span class='ocrx_word' id='word_1_201' title='bbox 626 1744 879 1774; x_wconf 84' lang='lat' dir='ltr'>enumcrare</span> <span class='ocrx_word' id='word_1_202' title='bbox 919 1739 1100 1774; x_wconf 88' lang='lat' dir='ltr'>conatus</span> <span class='ocrx_word' id='word_1_203' title='bbox 1142 1745 1212 1785; x_wconf 87' lang='lat' dir='ltr'>cs,</span> <span class='ocrx_word' id='word_1_204' title='bbox 1244 1728 1353 1790; x_wconf 85' lang='lat' dir='ltr'>quos</span> <span class='ocrx_word' id='word_1_205' title='bbox 1386 1745 1507 1789; x_wconf 82' lang='lat' dir='ltr'>reges</span> <span class='ocrx_word' id='word_1_206' title='bbox 1533 1729 1640 1791; x_wconf 82' lang='lat' dir='ltr'>justi</span> <span class='ocrx_word' id='word_1_207' title='bbox 1671 1743 1768 1774; x_wconf 83' lang='lat' dir='ltr'>seu·</span> 
     </span>
     <span class='ocr_line' id='line_1_23' title="bbox 378 1799 1767 1861; baseline 0.001 -18"><span class='ocrx_word' id='word_1_208' title='bbox 378 1801 510 1844; x_wconf 81' lang='lat' dir='ltr'>serint.</span> <span class='ocrx_word' id='word_1_209' title='bbox 533 1801 728 1845; x_wconf 87' lang='lat' dir='ltr'>inimicos</span> <span class='ocrx_word' id='word_1_210' title='bbox 755 1821 765 1846; x_wconf 77' lang='lat'>2</span> <span class='ocrx_word' id='word_1_211' title='bbox 789 1816 868 1846; x_wconf 90' lang='lat' dir='ltr'>nec</span> <span class='ocrx_word' id='word_1_212' title='bbox 888 1801 1165 1846; x_wconf 82' lang='lat' dir='ltr'>considerasti</span> <span class='ocrx_word' id='word_1_213' title='bbox 1190 1801 1309 1861; x_wconf 83' lang='lat' dir='ltr'>quod</span> <span class='ocrx_word' id='word_1_214' title='bbox 1343 1801 1488 1860; x_wconf 87' lang='lat' dir='ltr'>plures</span> <span class='ocrx_word' id='word_1_215' title='bbox 1523 1799 1767 1845; x_wconf 87' lang='lat' dir='ltr'>enumerari</span> 
     </span>
     <span class='ocr_line' id='line_1_24' title="bbox 379 1872 1767 1931; baseline 0.001 -16"><span class='ocrx_word' id='word_1_216' title='bbox 379 1872 571 1930; x_wconf 84' lang='lat' dir='ltr'>possint,</span> <span class='ocrx_word' id='word_1_217' title='bbox 601 1888 710 1931; x_wconf 89' lang='lat' dir='ltr'>quos</span> <span class='ocrx_word' id='word_1_218' title='bbox 737 1872 970 1916; x_wconf 82' lang='lat' dir='ltr'>habuerint</span> <span class='ocrx_word' id='word_1_219' title='bbox 1000 1872 1176 1916; x_wconf 86' lang='lat' dir='ltr'>amicos.</span> <span class='ocrx_word' id='word_1_220' title='bbox 1205 1875 1330 1916; x_wconf 84' lang='lat' dir='ltr'>Pater</span> <span class='ocrx_word' id='word_1_221' title='bbox 1361 1872 1581 1916; x_wconf 75' lang='lat' dir='ltr'>Abraham</span> <span class='ocrx_word' id='word_1_222' title='bbox 1612 1888 1635 1916; x_wconf 85' lang='lat' dir='ltr'>a</span> <span class='ocrx_word' id='word_1_223' title='bbox 1667 1885 1767 1930; x_wconf 86' lang='lat' dir='ltr'>rege</span> 
     </span>
     <span class='ocr_line' id='line_1_25' title="bbox 378 1942 1766 2003; baseline 0.001 -18"><span class='ocrx_word' id='word_1_224' title='bbox 378 1942 586 1987; x_wconf 85' lang='lat' dir='ltr'>divinitus</span> <span class='ocrx_word' id='word_1_225' title='bbox 605 1943 830 1989; x_wconf 85' lang='lat' dir='ltr'>admonito</span> <span class='ocrx_word' id='word_1_226' title='bbox 848 1959 902 1987; x_wconf 88' lang='lat' dir='ltr'>ne</span> <span class='ocrx_word' id='word_1_227' title='bbox 923 1943 1199 1987; x_wconf 77' lang='lat' dir='ltr'>attaminaret</span> <span class='ocrx_word' id='word_1_228' title='bbox 1219 1944 1310 2003; x_wconf 87' lang='lat' dir='ltr'>ejus</span> <span class='ocrx_word' id='word_1_229' title='bbox 1327 1958 1529 1998; x_wconf 84' lang='lat' dir='ltr'>uxorem,</span> <span class='ocrx_word' id='word_1_230' title='bbox 1546 1952 1590 1987; x_wconf 90' lang='lat' dir='ltr'>et</span> <span class='ocrx_word' id='word_1_231' title='bbox 1607 1942 1766 1987; x_wconf 87' lang='lat' dir='ltr'>amicis-</span> 
     </span>
     <span class='ocr_line' id='line_1_26' title="bbox 378 2013 1766 2074; baseline 0.001 -19"><span class='ocrx_word' id='word_1_232' title='bbox 378 2013 483 2056; x_wconf 86' lang='lat' dir='ltr'>sime</span> <span class='ocrx_word' id='word_1_233' title='bbox 511 2014 685 2058; x_wconf 88' lang='lat' dir='ltr'>habitus</span> <span class='ocrx_word' id='word_1_234' title='bbox 716 2024 803 2069; x_wconf 86' lang='lat' dir='ltr'>est,</span> <span class='ocrx_word' id='word_1_235' title='bbox 840 2023 883 2059; x_wconf 91' lang='lat' dir='ltr'>et</span> <span class='ocrx_word' id='word_1_236' title='bbox 917 2030 1076 2058; x_wconf 90' lang='lat' dir='ltr'>munus</span> <span class='ocrx_word' id='word_1_237' title='bbox 1111 2016 1275 2074; x_wconf 86' lang='lat' dir='ltr'>accepit</span> <span class='ocrx_word' id='word_1_238' title='bbox 1311 2018 1342 2058; x_wconf 69' lang='lat'>².</span> <span class='ocrx_word' id='word_1_239' title='bbox 1382 2018 1499 2059; x_wconf 85' lang='lat' dir='ltr'>Isaac</span> <span class='ocrx_word' id='word_1_240' title='bbox 1528 2013 1643 2058; x_wconf 86' lang='lat' dir='ltr'>filius</span> <span class='ocrx_word' id='word_1_241' title='bbox 1676 2014 1766 2074; x_wconf 87' lang='lat' dir='ltr'>ejus</span> 
     </span>
     <span class='ocr_line' id='line_1_27' title="bbox 379 2084 1766 2144; baseline 0.002 -19"><span class='ocrx_word' id='word_1_242' title='bbox 379 2098 523 2141; x_wconf 84' lang='lat' dir='ltr'>regem</span> <span class='ocrx_word' id='word_1_243' title='bbox 536 2084 731 2128; x_wconf 85' lang='lat' dir='ltr'>similiter</span> <span class='ocrx_word' id='word_1_244' title='bbox 743 2085 1047 2128; x_wconf 87' lang='lat' dir='ltr'>amicissimum</span> <span class='ocrx_word' id='word_1_245' title='bbox 1066 2095 1266 2144; x_wconf 78' lang='lat' dir='ltr'>expertus</span> <span class='ocrx_word' id='word_1_246' title='bbox 1281 2085 1379 2129; x_wconf 76' lang='lat' dir='ltr'>est3.</span> <span class='ocrx_word' id='word_1_247' title='bbox 1393 2084 1529 2129; x_wconf 86' lang='lat' dir='ltr'>Jacob</span> <span class='ocrx_word' id='word_1_248' title='bbox 1546 2085 1589 2128; x_wconf 87' lang='lat' dir='ltr'>in</span> <span class='ocrx_word' id='word_1_249' title='bbox 1601 2087 1766 2143; x_wconf 80' lang='lat' dir='ltr'>AEgyp-</span> 
     </span>
     <span class='ocr_line' id='line_1_28' title="bbox 378 2153 1763 2214; baseline 0.001 -18"><span class='ocrx_word' id='word_1_250' title='bbox 378 2163 471 2197; x_wconf 80' lang='lat' dir='ltr'>tum</span> <span class='ocrx_word' id='word_1_251' title='bbox 491 2169 513 2197; x_wconf 89' lang='lat' dir='ltr'>a</span> <span class='ocrx_word' id='word_1_252' title='bbox 537 2170 634 2212; x_wconf 84' lang='lat' dir='ltr'>rege</span> <span class='ocrx_word' id='word_1_253' title='bbox 653 2154 965 2199; x_wconf 80' lang='lat' dir='ltr'>honorabiliter</span> <span class='ocrx_word' id='word_1_254' title='bbox 983 2165 1204 2214; x_wconf 63' lang='lat' dir='ltr'>exceptus⁷</span> <span class='ocrx_word' id='word_1_255' title='bbox 1230 2170 1330 2198; x_wconf 90' lang='lat' dir='ltr'>eum</span> <span class='ocrx_word' id='word_1_256' title='bbox 1353 2155 1484 2198; x_wconf 87' lang='lat' dir='ltr'>etiam</span> <span class='ocrx_word' id='word_1_257' title='bbox 1507 2153 1763 2199; x_wconf 82' lang='lat' dir='ltr'>benedicit⁴.</span> 
     </span>
     <span class='ocr_line' id='line_1_29' title="bbox 378 2223 1767 2284; baseline 0.001 -17"><span class='ocrx_word' id='word_1_258' title='bbox 378 2224 494 2276; x_wconf 90' lang='lat' dir='ltr'>Quid</span> <span class='ocrx_word' id='word_1_259' title='bbox 511 2223 665 2284; x_wconf 86' lang='lat' dir='ltr'>loquar</span> <span class='ocrx_word' id='word_1_260' title='bbox 679 2225 733 2268; x_wconf 91' lang='lat' dir='ltr'>de</span> <span class='ocrx_word' id='word_1_261' title='bbox 751 2224 840 2268; x_wconf 86' lang='lat' dir='ltr'>filio</span> <span class='ocrx_word' id='word_1_262' title='bbox 861 2226 951 2283; x_wconf 88' lang='lat' dir='ltr'>ejus</span> <span class='ocrx_word' id='word_1_263' title='bbox 971 2226 1235 2284; x_wconf 83' lang='lat' dir='ltr'>Joseph,qui</span> <span class='ocrx_word' id='word_1_264' title='bbox 1258 2234 1356 2284; x_wconf 88' lang='lat' dir='ltr'>post</span> <span class='ocrx_word' id='word_1_265' title='bbox 1377 2225 1562 2269; x_wconf 87' lang='lat' dir='ltr'>carceris</span> <span class='ocrx_word' id='word_1_266' title='bbox 1582 2225 1767 2269; x_wconf 85' lang='lat' dir='ltr'>tribula·</span> 
     </span>
     <span class='ocr_line' id='line_1_30' title="bbox 379 2287 1775 2355; baseline -0.001 -16"><span class='ocrx_word' id='word_1_267' title='bbox 379 2295 539 2339; x_wconf 88' lang='lat' dir='ltr'>tionem</span> <span class='ocrx_word' id='word_1_268' title='bbox 556 2330 566 2347; x_wconf 88' lang='lat'>‚</span> <span class='ocrx_word' id='word_1_269' title='bbox 592 2311 680 2355; x_wconf 88' lang='lat' dir='ltr'>quo</span> <span class='ocrx_word' id='word_1_270' title='bbox 702 2294 823 2339; x_wconf 81' lang='lat' dir='ltr'>velut</span> <span class='ocrx_word' id='word_1_271' title='bbox 844 2295 942 2352; x_wconf 84' lang='lat' dir='ltr'>igne</span> <span class='ocrx_word' id='word_1_272' title='bbox 964 2295 1075 2339; x_wconf 89' lang='lat' dir='ltr'>sicut</span> <span class='ocrx_word' id='word_1_273' title='bbox 1097 2311 1253 2339; x_wconf 83' lang='lat' dir='ltr'>aurum</span> <span class='ocrx_word' id='word_1_274' title='bbox 1279 2287 1450 2339; x_wconf 81' lang='lat' dir='ltr'>castitas</span> <span class='ocrx_word' id='word_1_275' title='bbox 1473 2296 1565 2355; x_wconf 88' lang='lat' dir='ltr'>ejus</span> <span class='ocrx_word' id='word_1_276' title='bbox 1585 2295 1775 2354; x_wconf 71' lang='lat' dir='ltr'>probata‘</span> 
     </span>
     <span class='ocr_line' id='line_1_31' title="bbox 379 2365 1766 2426; baseline -0.001 -17"><span class='ocrx_word' id='word_1_277' title='bbox 379 2375 464 2421; x_wconf 83' lang='lat' dir='ltr'>cst,</span> <span class='ocrx_word' id='word_1_278' title='bbox 501 2366 665 2424; x_wconf 85' lang='lat' dir='ltr'>magnis</span> <span class='ocrx_word' id='word_1_279' title='bbox 697 2366 751 2409; x_wconf 87' lang='lat' dir='ltr'>ab</span> <span class='ocrx_word' id='word_1_280' title='bbox 783 2380 834 2409; x_wconf 88' lang='lat' dir='ltr'>eo</span> <span class='ocrx_word' id='word_1_281' title='bbox 862 2365 1121 2409; x_wconf 85' lang='lat' dir='ltr'>sublimatus</span> <span class='ocrx_word' id='word_1_282' title='bbox 1154 2366 1615 2426; x_wconf 84' lang='lat' dir='ltr'>honoribus‚jurabat</span> <span class='ocrx_word' id='word_1_283' title='bbox 1637 2366 1766 2409; x_wconf 87' lang='lat' dir='ltr'>etiam</span> 
     </span>
     <span class='ocr_line' id='line_1_32' title="bbox 378 2433 1766 2497; baseline -0.001 -17"><span class='ocrx_word' id='word_1_284' title='bbox 378 2451 454 2495; x_wconf 87' lang='lat' dir='ltr'>per</span> <span class='ocrx_word' id='word_1_285' title='bbox 478 2437 713 2482; x_wconf 88' lang='lat' dir='ltr'>Pharaonis</span> <span class='ocrx_word' id='word_1_286' title='bbox 736 2435 920 2480; x_wconf 88' lang='lat' dir='ltr'>salutem</span> <span class='ocrx_word' id='word_1_287' title='bbox 941 2470 951 2491; x_wconf 87' lang='lat'>,</span> <span class='ocrx_word' id='word_1_288' title='bbox 978 2451 1067 2480; x_wconf 88' lang='lat' dir='ltr'>non</span> <span class='ocrx_word' id='word_1_289' title='bbox 1099 2446 1307 2497; x_wconf 86' lang='lat' dir='ltr'>tanquam</span> <span class='ocrx_word' id='word_1_290' title='bbox 1340 2439 1477 2497; x_wconf 73' lang='lat' dir='ltr'>typho</span> <span class='ocrx_word' id='word_1_291' title='bbox 1502 2436 1638 2481; x_wconf 86' lang='lat' dir='ltr'>elatus</span> <span class='ocrx_word' id='word_1_292' title='bbox 1656 2471 1666 2491; x_wconf 91' lang='lat'>,</span> <span class='ocrx_word' id='word_1_293' title='bbox 1691 2433 1766 2480; x_wconf 88' lang='lat' dir='ltr'>sed</span> 
     </span>
    </p>
   </div>
   <div class='ocr_carea' id='block_1_3' title="bbox 381 2537 1761 2632">
    <p class='ocr_par' dir='ltr' id='par_1_4' title="bbox 381 2537 1761 2632">
     <span class='ocr_line' id='line_1_33' title="bbox 428 2537 1761 2581; baseline 0 -12"><span class='ocrx_word' id='word_1_294' title='bbox 428 2545 435 2561; x_wconf 90' lang='lat'>¹</span> <span class='ocrx_word' id='word_1_295' title='bbox 456 2539 566 2570; x_wconf 79' lang='lat' dir='ltr'>Matth.</span> <span class='ocrx_word' id='word_1_296' title='bbox 588 2550 643 2580; x_wconf 79' lang='lat' dir='ltr'>vn,</span> <span class='ocrx_word' id='word_1_297' title='bbox 663 2539 736 2571; x_wconf 86' lang='lat'>3.—</span> <span class='ocrx_word' id='word_1_298' title='bbox 761 2547 772 2561; x_wconf 84' lang='lat'>²</span> <span class='ocrx_word' id='word_1_299' title='bbox 792 2541 869 2572; x_wconf 88' lang='lat' dir='ltr'>Gen.</span> <span class='ocrx_word' id='word_1_300' title='bbox 891 2550 945 2580; x_wconf 78' lang='lat' dir='ltr'>xx,</span> <span class='ocrx_word' id='word_1_301' title='bbox 965 2549 980 2579; x_wconf 79' lang='lat'><strong>7</strong></span> <span class='ocrx_word' id='word_1_302' title='bbox 1003 2543 1035 2570; x_wconf 82' lang='lat' dir='ltr'>et</span> <span class='ocrx_word' id='word_1_303' title='bbox 1053 2538 1103 2581; x_wconf 61' lang='grc' dir='ltr'>[ᾗ.</span> <span class='ocrx_word' id='word_1_304' title='bbox 1118 2537 1181 2563; x_wconf 80' lang='grc'>-3</span> <span class='ocrx_word' id='word_1_305' title='bbox 1199 2540 1244 2571; x_wconf 79' lang='lat' dir='ltr'>ld.</span> <span class='ocrx_word' id='word_1_306' title='bbox 1265 2550 1351 2579; x_wconf 59' lang='lat' dir='ltr'>xzw,</span> <span class='ocrx_word' id='word_1_307' title='bbox 1376 2537 1761 2579; x_wconf 60' lang='lat' dir='ltr'>n.--41‹1.xtvn,1o.</span> 
     </span>
     <span class='ocr_line' id='line_1_34' title="bbox 381 2592 820 2632; baseline -0.002 -7"><span class='ocrx_word' id='word_1_308' title='bbox 381 2592 514 2625; x_wconf 72' lang='lat' dir='ltr'>—51d.</span> <span class='ocrx_word' id='word_1_309' title='bbox 544 2605 605 2632; x_wconf 73' lang='lat' dir='ltr'>xm,</span> <span class='ocrx_word' id='word_1_310' title='bbox 627 2599 658 2625; x_wconf 87' lang='lat' dir='ltr'>ct</span> <span class='ocrx_word' id='word_1_311' title='bbox 676 2605 750 2631; x_wconf 62' lang='lat' dir='ltr'>xiii,</span> <span class='ocrx_word' id='word_1_312' title='bbox 772 2595 820 2625; x_wconf 73' lang='lat'><em>12&#39;1.</em></span> 
     </span>
    </p>
   </div>
  </div>
 </body>
</html>
