1825 3264
331 240 409 279 188
758 244 791 274 s.
828 245 1057 275 Aliors‘rtm
1091 248 1271 276 Eptscom

329 317 501 361 Christo
528 313 763 372 percipitur
785 312 889 356 fides
909 347 920 367 ‚
955 327 1122 372 semper
1141 313 1338 358 Christus
1362 322 1425 357 est
1452 313 1574 372 origo
1595 329 1718 374 rege-

329 394 578 431 neratorum
607 393 650 427 et
673 395 805 443 caput
828 383 1029 429 'Ecclesiae
1045 389 1084 442 ἦ)
1107 384 1213 444 quid
1235 384 1398 428 habent
1415 383 1617 444 ponderis
1645 384 1718 430 illa

329 457 459 502 verba
477 491 488 511 ‚
526 470 625 516 quae
647 455 747 499 vani
780 452 961 499 lectores
995 471 1085 499 non
1114 454 1348 499 attendunt
1372 454 1479 515 quid
1500 455 1616 500 intus
1637 457 1718 500 ha-

328 528 486 582 beant,
513 525 589 570 sed
622 534 793 569 tantum
826 524 1196 584 quemadmodum
1227 527 1412 570 sonent?
1436 544 1455 567 »
1489 529 1592 571 Haec
1613 535 1719 571 tunc

330 599 434 653 dixi,
462 598 553 641 haec
576 597 620 640 in
638 596 711 641 illa
733 612 828 641 mea
852 597 1044 656 Epistola
1067 597 1221 656 scripta
1246 606 1362 642 sunt.

389 671 510 713 LIII.
535 667 700 712 Deinde
720 668 850 727 paulo
875 677 992 728 post,
1016 669 1223 728 quoniam
1246 668 1320 712 ille
1339 667 1505 713 dixerat
1531 685 1542 713 .·
1571 687 1591 710 «
1612 671 1721 723 Quae
1775 710 1778 712 .
1818 675 1822 715 ’ζ

330 755 431 785 cum
454 741 513 785 ita
534 741 644 795 sint,
670 740 843 795 fratreS,
870 756 969 800 quae
991 749 1131 799 potest
1154 755 1243 785 esse
1268 740 1549 800 perversitas,
1575 749 1625 785 ut
1645 741 1721 801 qui

333 812 418 856 suis
441 811 693 855 criminibus
713 826 811 855 reus
825 820 902 866 est,
929 810 1059 855 alium
1079 811 1208 856 faciat
1228 812 1522 867 innocentem,
1549 812 1722 856 dicente

333 883 519 927 Domino
554 885 655 927 Jesu
685 883 858 927 Christo
885 902 893 927 :
924 901 942 924 «
968 883 1107 927 Arbor
1138 883 1252 928 bona
1286 883 1423 927 bonos
1453 880 1620 927 fructus
1654 881 1721 926 fa·

334 972 354 995 >›
382 954 440 997 cit
464 974 474 1010 3
500 955 628 998 arbor
666 954 778 998 mala
815 953 949 998 malos
978 954 1147 998 fructus
1186 953 1287 998 facit
1317 973 1324 997 :
1352 953 1569 1013 numquid
1598 952 1723 997 colli-

334 1042 354 1066 »
382 1034 490 1083 gunt
513 1024 568 1067 de
589 1025 721 1084 spinis
744 1039 848 1068 uvas
864 1026 903 1068 ¹?
924 1043 942 1064 »
976 1026 1032 1067 Et
1052 1024 1210 1068 iterum
1237 1043 1244 1067 :
1274 1042 1292 1064 «
1311 1024 1462 1067 Omnis
1485 1024 1618 1067 homo
1643 1024 1718 1068 bo-

335 1114 354 1136 »
381 1110 463 1139 nus
485 1096 540 1138 de
563 1095 681 1140 bono
706 1096 907 1140 thesauro
925 1096 1066 1139 cordis
1083 1096 1149 1138 sui
1173 1093 1340 1154 profert
1358 1095 1472 1139 bona
1483 1130 1497 1150 ,
1518 1103 1562 1138 et
1583 1095 1724 1139 omnis

335 1184 354 1207 »
380 1167 512 1210 homo
541 1166 678 1210 malus
713 1166 767 1211 de
799 1166 1001 1210 thesauro
1036 1165 1177 1210 cordis
1210 1165 1274 1209 sui
1312 1163 1478 1224 profert
1511 1164 1670 1210 mala2.
1699 1184 1719 1205 »

331 1236 499 1289 Quibus
526 1236 667 1280 verbis
695 1236 930 1281 Petilianus
963 1237 1063 1281 satis
1096 1235 1360 1295 apertissime
1382 1236 1601 1291 ostendit,
1626 1244 1724 1280 tan-

331 1323 461 1368 quam
482 1308 681 1353 arborem
710 1307 1011 1367 accipiendum
1035 1323 1134 1351 eum
1157 1308 1380 1352 hominem
1405 1307 1480 1367 qui
1504 1308 1719 1367 baptizat,

331 1387 375 1422 et
393 1387 601 1438 tanquam
625 1378 819 1422 fructum
843 1394 942 1422 eum
967 1379 1041 1438 qui
1062 1378 1318 1438 baptizatur.
1347 1377 1414 1421 Ad
1431 1378 1524 1422 haec
1541 1392 1622 1436 ego
1641 1392 1724 1422 res-

330 1449 568 1509 ponderam
592 1469 600 1494 :
627 1471 646 1492 α
667 1451 709 1495 Si
724 1451 852 1494 arbor
875 1450 990 1494 bona
1014 1451 1156 1495 bonus
1180 1450 1422 1509 baptizator
1444 1459 1522 1503 est,
1544 1458 1594 1493 ut
1611 1449 1725 1494 fruc-

331 1530 399 1564 tus
422 1522 512 1580 ejus
536 1521 676 1565 bonus
711 1521 764 1565 sit
805 1520 877 1564 ille
912 1536 1043 1581 quem
1075 1520 1396 1580 baptizaverit,
1435 1519 1631 1579 quisquis
1668 1520 1724 1564 ab

330 1591 506 1634 homine
528 1591 642 1635 malo
665 1591 793 1635 etiam
818 1607 906 1635 non
929 1591 1158 1636 manifesto
1180 1591 1313 1635 fuerit
1331 1590 1573 1649 baptizatus
1593 1625 1604 1646 ,
1640 1590 1722 1636 bo-

330 1677 411 1705 nus
434 1677 522 1705 esse
545 1677 634 1706 non
657 1663 813 1722 poterit
841 1682 849 1707 2
874 1661 929 1706 de
953 1661 1064 1706 mala
1089 1663 1252 1722 quippe
1274 1662 1428 1706 arbore
1451 1670 1622 1705 exortus
1641 1670 1719 1706 est.

330 1731 462 1776 Ah'ud
480 1742 543 1776 est
556 1734 670 1776 enim
689 1734 818 1778 arbor
840 1734 970 1788 bona,
990 1732 1108 1777 aliud
1127 1733 1256 1777 arbor
1274 1732 1462 1787 occulta,
1484 1733 1559 1776 sed
1578 1741 1724 1776 tamen

330 1803 456 1847 mala.
483 1822 502 1844 »
531 1804 646 1857 Quid
679 1803 796 1848 aliud
831 1805 895 1848 his
929 1805 1072 1848 verbis
1104 1803 1289 1863 intelligi
1318 1802 1462 1858 volui,
1496 1803 1577 1847 nisi
1603 1802 1724 1863 quod
1776 1807 1780 1811 ’

331 1873 461 1932 paulo
490 1875 685 1934 superius
708 1891 932 1934 posueram
948 1910 958 1930 ,
984 1875 1182 1920 arborem
1211 1884 1254 1918 et
1277 1873 1470 1919 fructum
1493 1876 1607 1934 ejus,
1634 1888 1722 1918 non

330 1959 428 1987 eum
452 1945 527 2004 qui
558 1945 747 2004 baptizat
783 1955 825 1990 et
856 1961 955 1990 eum
992 1947 1069 2006 qui
1107 1946 1374 2005 baptizatur,
1403 1944 1477 1988 sed
1498 1944 1721 1988 hominem

329 2015 545 2069 arborem,
570 2016 764 2060 fructum
784 2032 885 2061 vero
908 2018 998 2077 ejus
1021 2032 1129 2076 opus
1153 2032 1201 2061 ac
1219 2016 1349 2060 vitam
1375 2016 1466 2075 ejus
1489 2015 1622 2074 accipi
1645 2015 1723 2058 de-

330 2086 448 2139 bere,
474 2101 606 2146 quam
629 2102 799 2146 semper
820 2088 954 2131 habet
976 2088 1134 2132 bonam
1150 2087 1307 2141 bonus,
1330 2095 1372 2130 et
1388 2085 1546 2129 malam
1564 2084 1719 2129 malus:

329 2170 384 2198 ne
406 2155 478 2199 illa
505 2166 712 2216 sequatur
741 2157 982 2202 absurditas
999 2194 1009 2213 ,
1042 2167 1091 2201 ut
1113 2157 1250 2201 malus
1274 2157 1327 2201 sit
1350 2158 1482 2201 homo
1506 2156 1635 2200 etiam
1666 2155 1722 2200 ab

330 2226 504 2270 occulto
526 2227 641 2270 malo
664 2227 840 2271 homine
870 2229 1135 2287 baptizatus,
1161 2237 1368 2287 tanquam
1404 2226 1567 2270 fruetus
1590 2226 1720 2270 arbo-

330 2297 386 2341 ris
417 2299 612 2358 quamvis
642 2298 850 2352 occultae,
877 2298 952 2343 sed
980 2307 1124 2342 tamen
1143 2298 1297 2342 malae?
1319 2306 1467 2342 contra
1500 2298 1620 2356 quod
1648 2296 1721 2340 ille

331 2368 439 2412 nihil
459 2369 639 2414 omnino
661 2368 898 2428 respondit.

392 2441 505 2483 LIV.
554 2439 636 2484 Sed
671 2455 726 2483 ne
749 2439 936 2494 diceret,
963 2440 1050 2483 sive
1083 2439 1182 2494 ille,
1211 2440 1296 2484 sive
1326 2439 1477 2498 aliquis
1499 2446 1688 2481 vestrum
1706 2471 1718 2492 ,

331 2523 431 2552 cum
454 2510 640 2569 quisque
663 2509 858 2555 occultus
880 2510 1018 2554 malus
1052 2520 1114 2555 est
1152 2510 1226 2569 qui
1262 2510 1476 2568 baptizat,
1502 2518 1608 2553 tunc
1631 2522 1718 2552 non

382 2599 387 2613 ¹
413 2592 524 2624 Matth.
549 2604 600 2633 vn,
624 2594 673 2625 16.
691 2611 731 2616 —
751 2601 761 2616 ²
781 2595 814 2626 ld
848 2605 904 2635 xii,
925 2594 975 2626 33.
