1825 3264
0 197 5 221 --
0 136 7 177 rr
0 0 12 113 u-v-

662 318 996 350 ΔΝΝοΤΛΤιοκιο.
1429 315 1513 354 539

127 384 438 431 Constantius
461 394 506 429 et
525 384 1043 446 Constantimesjum'or
1064 406 1074 433 .·
1101 404 1242 448 neque
1259 392 1514 436 Constantio

126 457 289 503 Chloro
324 455 544 500 ,sllam‘nn‘
572 456 723 500 titulus
746 456 935 501 tributus
957 468 1048 514 est,
1085 475 1227 519 neque
1249 461 1362 505 filius
1384 463 1515 520 ipsius

125 527 440 573 Constantinus
461 562 471 581 ,
498 528 572 586 qui
595 527 809 571 seniorem
832 531 1134 587 cognominem
1159 541 1258 575 ante
1279 548 1323 576 sc
1342 531 1513 578 nullum

125 598 486 659 habuit‚j1mi0r
505 606 569 642 cst
590 597 847 658 appellatus.
870 602 926 644 Et
946 602 979 644 si
1004 601 1086 646 hoe
1109 617 1225 647 anno
1245 603 1395 648 consul
1414 618 1514 648 cum

124 670 382 716 Constant10
403 668 554 713 fuisset
576 670 890 715 Constantinus
910 705 921 726 ‚
946 673 1145 732 sequenti
1168 688 1283 718 anno
1304 689 1393 734 quo
1415 689 1517 720 con-

123 742 312 787 sulatum
327 755 427 786 cum
441 741 705 786 Maximiano
721 741 926 787 Herculio
942 743 1083 801 gessit,
1107 744 1347 789 secundum
1363 746 1516 790 consul

122 813 208 857 dici
241 813 286 856 in
311 810 431 856 fastis
451 811 695 868 debuisset,
716 812 838 872 quod
863 814 1042 858 minime
1063 816 1290 874 reperitur.
1314 818 1515 862 Errorem

121 884 406 927 emendamus
439 897 491 925 ex
527 883 664 926 veteri
693 882 947 926 eorumdem
983 885 1211 928 Gestorum
1249 887 1480 946 exemplari
1500 922 1512 943 ,

120 954 165 997 iu
187 967 277 1013 quo
296 961 617 1012 praenotantur,
639 951 958 997 Constantino
979 953 1206 998 Illaximo
1222 964 1325 1011 etc.‚
1349 957 1425 1015 qui
1453 966 1516 1001 est

121 1037 262 1067 annus
288 1023 448 1068 Christi
474 1028 574 1066 320.
602 1022 743 1067 Habes
769 1023 863 1067 haec
886 1024 1014 1067 Gesta
1034 1024 1078 1067 in
1101 1024 1354 1083 Appendice
1374 1029 1514 1070 Bene-

121 1093 390 1139 dictinorum
415 1103 459 1138 et
475 1093 521 1137 in
543 1094 594 1137 iis
615 1093 709 1138 loca
732 1093 949 1152 permulta
968 1109 991 1138 e
1007 1095 1167 1154 quibus
1188 1095 1404 1155 intelligas
1425 1112 1515 1142 non

119 1166 311 1226 potuisse
333 1165 407 1209 illa
429 1166 522 1209 fieri
543 1164 772 1210 consulatu
792 1166 1035 1210 Constantii
1056 1165 1222 1222 Chlori,
1239 1167 1282 1210 id
1308 1177 1385 1223 est,
1399 1183 1515 1214 anno

119 1238 282 1282 Christi
311 1242 412 1281 306.
437 1238 545 1282 Nam
563 1236 624 1280 ibi
641 1236 773 1281 Cirtae
794 1237 915 1281 urbis
937 1237 1050 1282 cives
1071 1238 1515 1284 Constantini-enses

121 1309 398 1369 appellantur
417 1343 428 1364 ‚
465 1309 644 1369 ipsaque
675 1308 780 1353 urbs
807 1307 967 1353 dicitur
998 1309 1320 1354 Constantina
1341 1346 1357 1366 ,
1394 1311 1515 1371 quod

119 1380 200 1439 ipsi
231 1394 393 1424 nomen
429 1394 479 1423 ex
512 1380 799 1424 Constantino
831 1378 1026 1440 ejusdem
1059 1380 1178 1424 urbis
1210 1381 1382 1425 nonnisi
1417 1391 1515 1442 post

119 1451 326 1496 Maxentii
354 1459 541 1495 mortem
577 1451 866 1495 instauratore
893 1451 1081 1495 inditum
1117 1460 1195 1495 est.
1223 1455 1437 1497 Praeterea
1461 1453 1515 1497 de

123 1521 344 1567 Caeciliani
358 1522 548 1581 episcopi
563 1522 812 1565 innocentia
829 1520 1002 1580 judiciis
1020 1521 1169 1566 multis
1182 1523 1271 1582 jam
1292 1532 1386 1567 tum
1408 1538 1512 1583 pro-

125 1593 227 1637 bata
254 1592 418 1636 ibidem
442 1592 604 1651 legitur
619 1628 630 1648 ‚
658 1592 758 1637 Cur
778 1608 892 1654 ergo
913 1593 1182 1637 intermisso
1206 1608 1260 1638 eo
1284 1595 1420 1657 cujus
1444 1597 1515 1639 in-

122 1663 339 1708 nocentis
360 1662 575 1723 probata
604 1672 674 1708 est
690 1699 705 1719 ,
728 1662 941 1724 ‚sylvano
967 1665 1294 1708 communicas
1310 1660 1337 1707 Ρ
1358 1664 1514 1710 Clerici

122 1735 252 1779 etiam
275 1750 299 1779 a
324 1733 565 1795 Zenophilo
591 1735 867 1793 interrogati,
892 1749 992 1779 cum
1011 1734 1277 1794 respondent
1297 1749 1341 1778 se
1362 1750 1395 1779 α.
1413 1748 1514 1779 ma-

119 1802 303 1866 joribus
324 1806 422 1850 suis
444 1806 657 1865 accepisse
683 1805 803 1866 quod
823 1805 1037 1862 Sylvanus
1064 1814 1173 1849 esset
1194 1804 1393 1859 traditor,
1409 1807 1513 1866 quia

121 1876 285 1921 scilicet
314 1877 361 1920 in
391 1877 693 1936 persecutione
727 1875 929 1920 codicum
971 1875 1284 1919 tradendorum
1323 1891 1424 1935 quae
1458 1877 1513 1921 ad

78 2007 81 2009 Δ
123 1960 288 1991 annum
306 1947 467 1992 Christi
488 1953 570 1992 303
594 1946 808 2007 pertinet,
833 1961 898 1990 res
920 1961 1058 1990 sacras
1080 1945 1325 1990 tradidisset
1343 1966 1354 2004 3
1379 1946 1514 1990 tradi-

122 2018 251 2063 tionis
276 2017 386 2063 illud
408 2019 572 2064 crimen
601 2019 731 2078 longe
753 2026 853 2062 ante
877 2017 921 2061 id
953 2018 1157 2077 temporis
1179 2033 1201 2062 a
1228 2017 1417 2075 Sylvano
1435 2016 1513 2062 ad-

123 2090 301 2134 missum
322 2090 584 2150 significant.
610 2089 736 2134 Adde
764 2089 1009 2134 Constantii
1027 2089 1177 2134 Chlori
1208 2099 1402 2148 tempore
1421 2104 1511 2133 non

121 2161 314 2221 potuisse
357 2162 595 2219 Sylvanum
637 2161 889 2220 episcopum
927 2159 985 2204 ob
1020 2159 1262 2204 traditionis
1294 2160 1456 2204 crimen
1487 2174 1511 2204 a

122 2231 394 2277 Nundinario
416 2231 603 2277 diacono
625 2231 669 2276 in
686 2230 901 2292 judicium
931 2229 1156 2291 publicum
1181 2230 1409 2290 Zenophili
1430 2230 1510 2274 viri

124 2302 361 2348 consularis
397 2305 547 2362 trahi3
586 2319 730 2364 neque
767 2304 946 2347 demum
986 2303 1158 2348 Ursacio
1193 2312 1235 2346 ct
1273 2301 1511 2361 Zenophilo

126 2376 488 2436 persequentibus
509 2411 520 2430 ‚
554 2379 569 2433 (
597 2375 717 2436 quod
749 2375 820 2420 hic
855 2383 1001 2435 postea
1036 2389 1131 2434 cap.
1171 2380 1226 2418 30
1256 2374 1511 2419 Cresconius

125 2445 314 2505 objectat
335 2448 352 2505 )
372 2447 418 2491 in
434 2446 610 2491 exilium
632 2446 739 2506 ejici.
