1825 3264
310 210 471 243 comp-A
505 211 706 241 urruns
737 212 972 252 Perimam,
1009 216 1090 243 un.
1128 217 1193 242 ιιι.
1366 202 1471 242 149

59 281 157 326 satis
181 279 384 334 ostendit,
406 295 494 324 non
513 294 601 323 esse
622 278 721 323 mali
743 294 822 338 pro
845 280 960 324 malo
979 281 1285 335 redditionem,
1311 281 1447 325 corri-

3 374 5 393 2
59 367 160 413 pere
176 352 407 412 inquietos,
434 352 630 411 quamvis
652 366 731 410 pro
748 350 875 408 culpa
901 351 1216 410 inquietudinis
1241 349 1449 395 reddatur

57 438 186 483 poena
203 422 496 481 correptionis.
517 423 614 466 Non
629 435 730 480 ergo
743 420 905 465 malum
920 431 982 465 est
997 422 1282 481 correptionis
1296 437 1445 481 poena,

58 508 155 539 cum
175 494 228 537 sit
250 492 413 536 malum
436 491 580 551 culpa.
612 494 762 552 Neque
777 492 892 536 enim
909 491 1073 536 ferrum
1093 501 1155 535 est
1172 493 1333 536 inimici
1351 491 1450 536 vul-

58 565 266 619 nerantis,
287 564 360 608 sed
374 563 531 608 medici
548 564 744 608 secantis.
771 566 907 608 Fiunt
926 564 1003 607 ista
1026 564 1070 606 in
1093 563 1298 616 Ecclesia,
1320 573 1362 607 et
1379 562 1452 607 ille

57 637 229 695 spiritus
264 635 477 680 interioris
504 635 698 679 lenitatis
720 634 842 679 ardet
863 633 956 679 zelo
979 635 1084 690 Dei,
1119 649 1173 678 ne
1193 634 1314 692 virgo
1337 643 1452 678 casta

57 707 134 750 uni
156 707 248 750 viro
271 706 529 764 desponsata
547 705 720 750 Christo
742 706 787 749 in
803 704 1022 765 aliquibus
1038 704 1124 748 suis
1147 704 1374 755 membris,
1395 704 1453 747 si-

58 786 132 823 cut
155 780 244 821 Eva
271 777 446 822 seducta
476 786 539 822 est
561 777 770 836 serpentis
791 777 969 832 astutia,
995 785 1300 834 corrumpatur
1318 791 1339 819 a
1362 790 1456 819 cas-

59 849 180 893 titate
202 864 300 907 quae
322 857 386 892 est
404 849 446 891 in
465 848 638 892 Christo
656 850 684 891 ¹.
711 849 1024 892 Verumtamen
1048 846 1158 891 absit
1179 861 1202 890 a
1226 845 1356 890 servis
1378 860 1455 904 pa-

57 918 335 963 tris-familias
352 953 362 973 ,
388 927 437 962 ut
461 920 732 962 immemores
755 918 842 961 sint
863 918 1071 977 praecepti
1094 915 1268 960 Domini
1291 915 1380 969 sui,
1412 924 1454 959 et

57 990 116 1035 sic
145 989 349 1034 adversus
378 990 642 1034 zizaniorum
672 987 1002 1033 multitudinem
1035 987 1259 1046 flagrantia
1295 995 1455 1030 sanctae

58 1058 370 1118 indignationis
392 1060 642 1118 ignescant,
669 1068 719 1103 ut
756 1074 855 1103 cum
892 1074 938 1102 ea
976 1059 1132 1103 volunt
1153 1066 1253 1101 ante
1282 1066 1454 1115 tempus

0 1168 1 1172 ,
58 1129 277 1189 colligere,
303 1130 431 1174 simul
453 1129 694 1174 eradicetur
715 1138 758 1172 et
783 1129 972 1172 triticum
987 1132 1020 1171 ².
1047 1129 1181 1187 Cujus
1201 1127 1364 1186 peccati
1385 1126 1452 1169 isti

5 1228 8 1239 ·
58 1202 117 1244 rei
144 1210 396 1245 tenerentur
417 1236 427 1255 ,
466 1201 596 1245 etiam
621 1200 654 1243 si
683 1215 781 1243 vcra
803 1200 984 1244 crimina
1006 1199 1289 1243 traditoribus
1305 1232 1316 1253 ,
1343 1211 1453 1257 quos

56 1270 368 1315 insimulabant
385 1306 395 1325 ,
429 1286 472 1314 se
495 1270 703 1330 objecisse
736 1279 1029 1314 monstrarent
1056 1288 1064 1314 z
1090 1268 1300 1329 quoniam
1323 1266 1454 1312 simul

56 1356 145 1386 non
162 1342 302 1385 solum
319 1341 374 1384 ab
392 1339 568 1399 iniquis,
593 1355 781 1399 quorum
799 1341 1047 1384 societatem
1068 1338 1190 1383 velut
1212 1338 1448 1391 evitabant,

57 1412 132 1456 sed
154 1411 285 1455 etiam
304 1426 327 1454 a
346 1411 472 1455 bonis
493 1409 697 1453 fidelibus
719 1411 763 1453 in
785 1410 988 1453 omnibus
1012 1409 1216 1468 gentibus
1238 1407 1455 1451 constitu-

57 1483 125 1537 tis,
150 1482 312 1541 quibus
335 1496 384 1525 ea
407 1496 506 1540 quae
528 1495 572 1525 se
594 1495 719 1524 nosse
741 1479 973 1533 dicebant,
1000 1479 1183 1539 probare
1209 1493 1297 1522 non
1328 1486 1454 1537 pote-

0 1586 7 1600 .
59 1561 178 1607 rant,
205 1552 337 1610 impia
362 1551 702 1610 praesumptione
719 1550 904 1609 separati
927 1558 1050 1604 sunt,
1077 1563 1313 1608 secumque
1337 1546 1455 1591 mul-

61 1631 124 1667 tos
145 1657 156 1677 ,
192 1621 307 1681 apud
332 1637 441 1681 quos
471 1621 616 1680 aliqua
652 1620 909 1665 auctoritate
946 1618 1269 1679 praevalebant,
1307 1626 1350 1661 et
1378 1618 1455 1676 qui

56 1694 201 1737 minus
225 1691 465 1751 intelligere
488 1700 717 1750 poterant,
751 1691 964 1734 unitatem
992 1689 1198 1734 Ecclesiae
1234 1697 1326 1732 toto
1348 1688 1456 1732 orbe

59 1762 232 1807 diffusae
249 1778 328 1822 pro
350 1762 498 1806 alienis
522 1762 709 1821 peccatis
732 1760 854 1805 nullo
876 1760 1008 1805 modo
1026 1775 1115 1803 essc
1137 1757 1419 1802 deserendam
1442 1791 1453 1812 ,

59 1841 282 1877 traxerunt
305 1833 349 1876 in
374 1831 571 1876 eamdem
594 1831 829 1891 perniciem
858 1852 869 1888 3
900 1839 949 1874 ut
978 1830 1107 1874 etiam
1131 1829 1163 1872 si
1193 1828 1274 1888 ipsi
1297 1828 1456 1871 scirent

58 1918 158 1948 vera
181 1904 362 1948 crimina
385 1902 650 1963 quibusdam
672 1918 717 1947 se
739 1902 927 1962 objicere
943 1937 953 1955 ,
980 1917 1031 1946 eo
1048 1900 1181 1944 modo
1204 1900 1363 1958 periret
1385 1899 1455 1941 in-

0 1992 1 2014 i
59 1973 209 2018 firmus
231 1975 274 2018 in
298 1989 447 2018 eorum
472 1974 664 2028 scientia,
690 1982 869 2033 propter
891 1987 1023 2031 quem
1046 1971 1238 2015 Christus
1258 1978 1463 2013 mortuus

61 2047 165 2098 est³,
183 2044 288 2087 dum
313 2045 504 2087 offensus
523 2043 645 2086 malis
669 2043 836 2095 alienis,
857 2041 1135 2085 interimebat
1157 2040 1200 2082 in
1223 2054 1266 2082 se
1291 2039 1455 2082 bonum

0 2127 1 2130 ’
62 2114 177 2172 pacis
199 2113 318 2172 quod
343 2113 534 2156 habebat
556 2127 654 2156 cum
679 2110 884 2156 fratribus
906 2111 1047 2165 bonis,
1074 2111 1149 2170 qui
1172 2109 1329 2169 partim
1354 2107 1455 2152 talia

61 2199 151 2228 non
173 2183 400 2228 audierant
420 2217 432 2237 ,
471 2182 630 2241 partim
667 2197 755 2226 non
787 2181 976 2226 discussa
1004 2190 1047 2225 et
1074 2195 1164 2224 non
1186 2179 1368 2238 probata
1391 2187 1456 2222 te-

41 2269 179 2309 ¹mere
203 2254 380 2298 credere
402 2252 760 2306 formidaverant,
784 2252 940 2311 partim
957 2250 1181 2310 judicibus
1204 2248 1457 2293 ecclesiasti-

63 2325 122 2369 cis
139 2360 150 2379 ,
176 2324 230 2369 ad
252 2340 361 2384 quos
382 2334 500 2368 trans
529 2339 648 2367 mare
666 2332 756 2367 tota
786 2338 913 2367 causa
936 2321 1147 2381 perducta
1171 2329 1235 2364 est
1251 2354 1261 2373 ,
1286 2317 1456 2377 qualia-

64 2410 252 2454 cumque
275 2394 347 2438 illa
370 2403 536 2447 essent,
564 2393 741 2451 pacifica
764 2391 1010 2437 humilitate
1032 2390 1313 2449 reliquerant.

124 2467 201 2508 Vl.
230 2467 316 2508 Vos
339 2480 441 2523 ergo
459 2473 604 2508 sancta
632 2464 824 2521 germina
847 2463 989 2507 unicae
1012 2462 1160 2505 matris
1189 2457 1428 2504 Catholicae
1443 2490 1455 2512 ,

117 2556 122 2570 ⁸
148 2558 166 2580 ‘2
188 2551 257 2580 Cor.
279 2560 320 2580 xi.
343 2557 372 2581 9.
392 2554 456 2570 —2
479 2548 590 2580 Matth.
617 2558 682 2583 xiii,
702 2556 756 2588 Ἲς).
776 2547 844 2570 —3
871 2561 876 2575 ι
899 2547 971 2577 (Tor.
992 2554 1059 2580 vni,
1087 2557 1134 2575 ιι.
