1825 3264
388 263 467 302 164
827 268 860 297 s.
897 269 1128 297 Aecus-nni
1162 269 1343 297 Emscom

381 340 442 384 si?
468 357 487 379 «
512 335 618 397 quid
639 344 719 390 est,
741 352 762 376 »
787 333 1000 379 fortassis?
1021 353 1040 376 «
1061 335 1141 378 nisi
1163 335 1325 379 incerta
1348 343 1391 378 et
1412 335 1662 378 inconstans
1679 334 1771 378 hae-
1821 322 1825 401 J

381 408 524 455 sitatio
547 407 805 461 dubitantis,
827 405 881 450 de
899 422 984 466 qua
1005 405 1078 449 ille
1097 415 1197 449 tuus
1215 406 1274 450 ait
1295 425 1303 450 :
1334 424 1353 447 «
1377 404 1494 458 Quid
1514 405 1548 448 si
1567 420 1686 450 nunc
1703 420 1772 449 re-
1820 407 1825 499 i

381 480 465 525 deo
486 479 541 524 ad
560 477 656 523 illos
678 478 754 538 qui
781 478 919 532 aiunt,
946 476 1058 530 Quid
1079 477 1113 521 si
1136 491 1254 521 nunc
1276 475 1440 520 coelum
1460 477 1644 519 ruat¹?»
1663 478 1773 521 Hoc-

385 551 482 596 cine
515 548 637 610 quod
667 548 777 603 dixi,
817 567 837 591 «
862 545 977 601 Quid
1013 547 1046 591 si
1080 547 1212 591 lateat
1240 545 1380 591 dantis
1407 546 1698 601 conscientia,
1732 555 1775 591 et

384 620 576 666 fortassis
600 618 818 664 maculosa
854 619 922 674 sit,
954 638 974 660 «
999 616 1085 662 tale
1103 626 1167 662 est
1191 633 1239 661 ac
1270 617 1304 661 si
1333 616 1530 672 dixerim,
1564 636 1580 657 «
1601 615 1717 670 Quid
1736 617 1771 660 si

381 708 500 737 nunc
541 691 704 736 coelum
744 691 867 734 ruat?
901 708 921 731 »
953 689 1127 733 Dictum
1167 697 1229 733 est
1271 688 1426 748 utique
1453 707 1463 733 ι
1493 707 1514 730 «
1548 686 1666 741 Quid
1698 688 1769 746 si,

382 762 484 822 quia
503 762 595 806 fieri
609 769 751 820 potest
769 769 818 804 ut
839 760 970 804 lateat
989 795 1000 814 ,
1025 760 1118 803 fieri
1143 768 1284 818 potest
1305 767 1355 802 ut
1377 774 1466 803 non
1488 758 1620 802 lateat
1642 777 1650 802 :
1671 772 1772 802 nam

381 831 560 892 quando
580 832 808 890 ignoratur
839 831 948 891 quid
976 831 1151 888 cogitet,
1181 829 1251 874 vel
1277 829 1385 890 quid
1407 829 1644 884 admiserit,
1670 827 1775 873 latet

383 903 536 963 utique
549 903 832 962 accipientem
846 902 986 946 dantis
1004 902 1265 946 conscientia
1281 923 1291 959 3
1310 900 1489 961 quando
1510 911 1654 945 autem
1670 915 1774 960 pec-

383 983 529 1018 catum
557 975 647 1033 ejus
676 970 1004 1028 manifestatur,
1041 988 1131 1017 non
1161 972 1282 1016 latet.
1325 972 1501 1016 Dictum
1538 981 1601 1016 est
1626 1007 1635 1026 ,
1686 990 1706 1013 «
1733 979 1776 1015 et

386 1044 567 1089 fortasse
602 1042 821 1088 maculosa
863 1044 939 1099 sit,
973 1061 993 1083 »
1032 1043 1133 1103 quia
1173 1043 1285 1086 fierit
1320 1052 1463 1102 potest
1493 1052 1544 1086 ut
1566 1041 1696 1085 lateat
1733 1049 1776 1085 et

381 1114 545 1159 munda
567 1116 621 1159 sit
637 1150 647 1169 ,
672 1124 715 1159 et
736 1129 882 1158 rursus
899 1114 992 1157 fieri
1009 1122 1153 1172 potest
1171 1123 1222 1157 ut
1240 1113 1373 1158 lateat
1394 1123 1437 1158 et
1457 1113 1674 1158 maculosa
1701 1113 1770 1157 sit.

382 1184 504 1240 Ideo,
531 1184 649 1237 Quid
670 1185 729 1242 si,
755 1202 775 1226 »
802 1183 926 1239 ideo,
949 1203 970 1226 ‹<
990 1183 1184 1229 fortasse.
1219 1202 1238 1225 »
1264 1184 1490 1244 Numquid
1510 1184 1611 1228 huic
1636 1182 1775 1228 simile

383 1266 446 1302 est
475 1276 485 1302 ι
507 1275 526 1300 «
545 1255 661 1309 Quid
683 1256 717 1300 si
739 1271 858 1300 nunc
879 1254 1042 1300 coelum
1067 1266 1165 1299 ruat
1184 1257 1202 1299 P
1226 1273 1245 1297 »
1273 1257 1311 1300 Ο
1333 1257 1503 1315 quoties
1525 1265 1568 1300 et
1589 1254 1775 1300 convicti

382 1337 426 1371 et
451 1324 636 1371 confessi
665 1335 766 1370 sunt
788 1326 989 1370 homines
1013 1341 1056 1369 se
1084 1326 1324 1370 maculosas
1347 1335 1389 1370 et
1413 1326 1678 1370 adulterinas
1698 1327 1776 1370 ha-

384 1397 528 1441 buisse
545 1396 848 1451 conscientiaS,
874 1411 974 1441 cum
997 1396 1052 1440 ab
1071 1397 1128 1440 eis
1147 1397 1472 1456 baptizarentur
1494 1397 1653 1455 ignari,
1680 1412 1775 1456 pos-

381 1477 585 1526 teaquam
624 1467 898 1512 manifestato
932 1466 1090 1511 scelere
1124 1466 1347 1526 degradati
1386 1477 1511 1523 sunt,
1552 1478 1595 1514 et
1627 1478 1774 1512 tamen

381 1538 545 1582 coelum
569 1553 658 1582 non
679 1539 779 1583 ruit.
805 1538 921 1592 Quid
943 1538 1015 1581 hic
1037 1537 1140 1583 facit
1164 1538 1281 1583 Pilus
1304 1548 1346 1583 et
1373 1539 1546 1593 Furius,
1570 1540 1646 1599 qui
1670 1555 1775 1584 con-

383 1618 448 1653 tra
460 1609 670 1669 justitiam
686 1609 941 1669 injustitiam
961 1608 1279 1653 defenderunt?
1290 1609 1406 1662 Quid
1419 1610 1489 1654 hic
1505 1608 1607 1654 facit
1621 1610 1774 1654 atheus

379 1680 606 1739 Diagoras,
625 1682 701 1739 qui
719 1695 807 1724 esse
825 1683 965 1724 Deum
980 1681 1169 1738 negavit,
1194 1690 1244 1724 ut
1267 1681 1320 1724 de
1342 1680 1417 1725 illo
1442 1680 1641 1725 videatur
1661 1696 1773 1741 prae-

378 1749 533 1793 dixisse
567 1750 783 1809 Propheta
811 1769 818 1794 :
855 1769 874 1791 «
900 1750 1017 1794 Dixit
1044 1750 1202 1794 stultus
1226 1751 1272 1794 in
1300 1751 1430 1795 corde
1457 1767 1560 1796 suo:
1581 1753 1679 1796 Non
1711 1759 1794 1796 est.

379 1838 400 1861 »
426 1824 538 1864 Deus
556 1822 594 1862 ²?
617 1838 637 1861 »
671 1821 786 1874 Quid
803 1821 872 1865 hic
894 1821 963 1865 isti
985 1820 1180 1866 faciunt?
1202 1831 1250 1865 ut
1272 1821 1381 1881 quid
1403 1823 1614 1866 nominati
1636 1831 1767 1878 sunt,

377 1893 459 1935 nisi
480 1901 530 1936 ut
546 1892 861 1937 intervenirent
879 1908 957 1952 pro
977 1893 1152 1937 homine
1170 1909 1260 1937 non
1278 1893 1467 1937 habente
1489 1893 1597 1952 quid
1620 1893 1736 1938 dicat
1755 1913 1768 1952 3

376 1970 427 2005 ut
456 1962 565 2005 dum
598 1962 652 2006 de
690 1963 756 2006 his
794 1962 946 2008 saltem
988 1963 1155 2024 aliquid
1196 1965 1287 2008 sine
1325 1979 1453 2008 causa
1486 1965 1661 2020 dicitur,
1703 1963 1791 2024 agii

377 2047 505 2076 causa
525 2031 741 2088 videatur,
761 2042 804 2078 et
822 2033 876 2078 ad
890 2033 1010 2094 quod
1027 2050 1117 2080 non
1134 2050 1390 2094 responsum
1410 2044 1489 2091 est,
1515 2048 1790 2095 responsum·

380 2117 472 2147 esse
494 2103 713 2147 credatur.

434 2174 597 2216 XXVI.
630 2176 852 2218 Postremo
873 2175 907 2219 si
932 2175 1021 2220 duo
1044 2175 1113 2219 vel
1139 2177 1219 2220 tria
1243 2176 1374 2220 verba
1396 2177 1497 2230 ista,
1526 2195 1546 2218 «
1572 2175 1687 2230 Quid
1708 2176 1787 2230 si„

377 2250 420 2286 et
441 2240 638 2298 fortasse,
662 2261 682 2285 »
708 2260 847 2304 usque
870 2244 978 2290 adeo
999 2255 1100 2289 sunt
1114 2245 1418 2300 intolerabilia,
1440 2255 1488 2290 ut
1504 2255 1680 2305 propter
1695 2245 1772 2291 illa>

377 2313 670 2358 excitarentur
694 2314 795 2359 olim
827 2315 1090 2360 dormientes
1120 2315 1392 2371 Academici,
1422 2326 1463 2361 et
1494 2317 1766 2374 Carneades,

378 2393 421 2427 et
446 2383 582 2438 Pilus,
605 2393 648 2428 et
670 2385 826 2429 Furius
842 2421 852 2439 ,
877 2395 919 2430 et
942 2388 1144 2444 Diagoras
1159 2422 1169 2441 ‚
1191 2396 1233 2430 et
1252 2388 1369 2432 nives
1390 2388 1523 2445 nigrae
1545 2424 1555 2444 ,
1583 2399 1625 2434 et
1647 2389 1770 2433 ruina

373 2452 490 2506 coeli,
506 2463 548 2498 et
563 2464 717 2498 caetera
737 2454 931 2500 similiter
951 2457 1099 2501 insana
1114 2467 1156 2501 et
1172 2456 1359 2502 absurda
1377 2469 1707 2504 :removeantur
1719 2458 1781 2503 de=

326 2564 330 2570 f
372 2522 532 2566 medi0.
562 2526 713 2584 Neque
738 2527 852 2570 enim
877 2542 921 2571 re
943 2543 1040 2572 vera
1064 2528 1155 2572 sine
1178 2529 1244 2572 his
1269 2545 1357 2573 non
1379 2539 1520 2588 potest
1543 2530 1629 2575 dici
1651 2528 1770 2590 quod

425 2614 431 2627 ¹
459 2609 586 2640 Terent.
611 2609 641 2639 in
659 2611 774 2642 Heaut.
799 2616 864 2644 act.
885 2623 929 2652 iv,
947 2622 1034 2645 scen.
1056 2626 1087 2652 q.
1104 2630 1143 2636 -—
1159 2619 1169 2634 ⁷
1192 2613 1270 2645 Psal.
1293 2624 1361 2653 xm,
1386 2625 1414 2646 1·
