1825 3264
345 221 428 260 240
781 232 813 256 5.
851 227 1080 256 Arcus'rim
1112 229 1292 256 nmscon

341 298 414 341 ille
425 296 545 349 dicit,
562 295 663 354 quia
681 293 848 338 Veritas
864 303 939 338 est.
963 293 1046 338 Sed
1065 295 1142 337 etsi
1156 295 1250 337 haec
1268 294 1328 336 ibi
1350 293 1507 352 scripta
1529 307 1618 337 csse
1634 308 1723 338 non

341 366 518 419 diceret,
543 363 696 422 procul
718 363 855 409 dubio
876 365 1093 408 sufficeret
1113 364 1366 408 Christianis
1388 363 1508 423 quod
1530 363 1725 408 Christus

340 437 430 495 ipse
445 435 668 489 dixisset,«
686 445 886 494 oportere
908 434 1134 495 praedicari
1148 435 1192 478 in
1210 434 1384 478 nomine
1406 450 1483 479 suo
1502 435 1724 493 poeniten-

344 525 362 546 »
375 507 477 550 tiam
495 514 538 549 et
559 505 851 550 remissionem
866 515 1141 565 peccatorum
1161 520 1237 564 per
1260 520 1408 548 omnes
1429 513 1592 563 gentes,
1618 504 1726 548 inci—

343 594 363 618 »
377 576 595 635 pientibus
612 577 667 620 ab
687 575 940 620 Jerusalem.
967 594 984 616 υ
1009 575 1093 620 Sed
1111 574 1360 618 dubitantes
1373 573 1612 634 Discipulos
1628 589 1728 618 suos

340 647 536 706 quamvis
555 655 787 706 conspecto
804 656 846 691 et
863 654 1129 690 contrectato
1146 646 1236 704 ejus
1251 659 1447 704 corpore,
1464 645 1625 704 majore
1642 644 1723 688 do-

340 728 548 762 cumento
573 717 890 776 scripturarum
913 716 1051 761 voluit
1078 717 1333 761 confirmare
1349 736 1365 770 ,-
1385 730 1516 776 quam
1537 714 1656 774 quod
1683 729 1728 759 se

340 787 429 846 ipse
440 787 653 832 visibilem
679 798 808 848 atque
826 787 1085 847 palpabilem
1106 786 1354 831 mortalium
1370 786 1564 830 sensibus
1582 786 1728 830 admo·

340 857 481 901 vebat.
513 860 752 902 Teneamus
775 873 876 916 ergo
899 857 1133 901 Ecclesiam
1161 872 1211 901 ex
1238 872 1311 901 ore
1335 856 1506 900 Domini
1528 855 1728 914 designa-

340 936 445 981 tam,
472 928 589 971 unde
611 938 826 986 coeptura,
852 937 894 971 et
916 943 1145 987 quousque
1168 936 1428 986 perventura
1450 935 1583 981 esset,
1605 941 1729 984 coep-

341 1008 436 1043 tura
460 998 624 1044 scilicet
660 1000 714 1043 ab
745 999 983 1043 Jerusalem
1003 1033 1013 1053 ,
1040 1008 1082 1042 et
1107 1009 1367 1058 perventura
1389 999 1435 1042 in
1458 1012 1606 1042 omnes
1630 1012 1732 1056 gen-

339 1078 416 1112 tes.

399 1140 558 1182 XXVI.
587 1138 667 1181 Hic
687 1153 817 1197 quam
837 1138 1031 1198 quisquis
1053 1137 1224 1193 dixerit,
1246 1136 1484 1182 Jerusalem
1504 1152 1593 1181 non
1612 1135 1730 1180 illam

341 1207 555 1252 visibilem
579 1209 799 1253 civitatem
822 1208 1148 1267 intelligendam
1167 1244 1177 1263 ,
1209 1207 1284 1252 sed
1306 1209 1489 1266 figurate
1512 1207 1697 1267 positam
1715 1241 1726 1261 ‚

339 1286 387 1321 nt
410 1277 656 1336 spiritaliter
680 1279 914 1338 accipiatur
943 1288 1030 1322 tota
1053 1278 1243 1323 Ecclesia
1265 1287 1426 1323 aeterna
1447 1278 1492 1321 in
1514 1276 1634 1321 coelis
1651 1311 1661 1330 ,
1687 1285 1730 1320 et

340 1363 390 1390 ex
403 1358 525 1406 parte
542 1348 586 1391 in
601 1349 723 1392 terris
742 1349 967 1407 peregrina
988 1368 996 1392 z
1023 1358 1164 1408 potest
1178 1348 1322 1393 dicere
1342 1348 1469 1392 etiam
1489 1346 1600 1391 illud
1615 1347 1728 1404 figu·
1770 1368 1775 1374 ’
1808 1371 1810 1382 v

339 1426 430 1460 rate
453 1417 619 1461 dictum
636 1437 644 1462 :
666 1438 685 1460 «
704 1419 815 1471 Quia
834 1420 1064 1477 oportebat
1078 1419 1298 1463 Christum
1318 1418 1423 1478 pati,
1443 1427 1486 1461 et
1509 1432 1730 1475 resurgere

344 1508 360 1527 »
384 1488 507 1531 tertia
531 1486 601 1531 die
615 1491 645 1530 ².
678 1508 695 1529 »
722 1488 851 1541 Quod
871 1490 1063 1548 quisquis
1085 1489 1267 1543 dixerit,
1289 1505 1368 1533 nec
1392 1503 1571 1548 quoquo
1598 1486 1730 1531 modo

339 1557 535 1601 Christus
568 1557 797 1601 habendus
826 1568 905 1602 est.
933 1559 1053 1603 Sicut
1083 1574 1183 1616 ergo
1213 1557 1324 1603 illud
1346 1558 1519 1618 proprie
1541 1557 1727 1616 positum

338 1635 417 1679 est,
438 1627 494 1670 ita
515 1636 557 1670 et
577 1627 697 1685 quod
713 1627 968 1688 adjunctum
987 1638 1049 1672 est
1067 1628 1121 1672 de
1144 1629 1340 1672 omnium
1365 1631 1558 1687 gentium
1576 1627 1729 1672 Eccle-

338 1696 395 1738 sia
418 1697 652 1755 incipiente
674 1698 728 1741 ab
752 1699 1006 1742 Jerusalem.
1041 1700 1250 1758 Exposuit
1271 1700 1386 1743 enim
1411 1699 1617 1744 Dominus
1637 1699 1730 1742 haec

339 1767 393 1809 de
415 1781 459 1810 se
481 1767 595 1810 dicta
616 1783 704 1810 esse
720 1768 764 1811 in
783 1771 913 1826 Lege,
940 1778 982 1812 ct
1003 1770 1240 1827 Prophetis,
1271 1779 1313 1813 et
1337 1768 1515 1814 Psalmis
1541 1789 1548 1812 :
1576 1778 1618 1812 et
1641 1768 1730 1812 uti·

338 1852 423 1894 quc
452 1837 541 1896 ipsa
571 1838 778 1897 expositio
801 1855 889 1883 non
913 1841 1054 1898 potuit
1077 1855 1165 1884 esse
1195 1841 1405 1899 figurata,
1428 1839 1621 1899 alioquin
1642 1854 1729 1883 non

338 1916 447 1950 esset
471 1908 694 1966 expositio.
733 1910 895 1954 Deinde
921 1925 1023 1954 cum
1053 1911 1288 1954 Jerusalem
1317 1911 1499 1968 figurate
1527 1910 1665 1968 posita
1688 1917 1731 1953 et

339 1976 585 2035 spiritaliter
603 1978 821 2023 intellecta
844 1980 1087 2023 universam
1111 1979 1347 2024 Ecclesiam
1369 1980 1602 2038 significet,
1623 1994 1729 2040 quo·
1792 1998 1806 2038 3-

339 2046 470 2091 modo
489 2048 685 2092 universa
710 2048 900 2093 Ecclesia
923 2050 1074 2109 incipit
1102 2051 1156 2094 ab
1173 2050 1371 2094 universa
1395 2050 1608 2104 Ecclesia,
1634 2059 1729 2094 tan·
1792 2045 1793 2062 ³

1789 2100 1793 2156 ι
1822 2067 1825 2145 ζ

338 2133 469 2174 quam
498 2117 736 2162 Jerusalem
773 2120 951 2178 incipiat
978 2121 1033 2164 ab
1066 2120 1338 2165 Jerusalem?
1359 2120 1638 2166 Manifestum
1667 2129 1731 2164 est

339 2201 442 2246 ergo
466 2190 637 2247 proprie
662 2190 847 2248 positum
871 2189 925 2234 de
947 2190 1019 2234 illa
1037 2192 1210 2235 civitate
1226 2227 1236 2246 ,
1263 2192 1382 2235 unde
1399 2192 1729 2250 etiarncoepisse

338 2256 550 2314 probatur
573 2258 762 2302 Ecclesia
779 2294 789 2312 ,
818 2260 946 2303 etiam
975 2269 1105 2320 atque
1127 2261 1255 2304 etiam
1279 2261 1371 2319 ipso
1393 2261 1726 2315 manifestante,

339 2335 381 2369 ct
411 2327 576 2371 nullam
598 2327 849 2372 insidiarum
879 2328 1088 2372 latebram
1117 2329 1342 2373 calliditati
1365 2330 1567 2374 haeretice
1595 2331 1728 2374 relin-

339 2407 514 2454 quente.
544 2398 612 2442 Sic
629 2399 744 2442 enim
763 2400 957 2458 sequitur
975 2409 1016 2443 ct
1035 2400 1138 2443 dicit
1158 2420 1164 2444 :
1191 2420 1210 2441 «
1236 2403 1292 2444 Et
1311 2416 1386 2444 vos
1405 2402 1561 2444 horum
1582 2409 1724 2455 testes,

341 2483 361 2505 υ
383 2476 425 2509 et
448 2484 527 2525 ego
546 2469 671 2512 mitto
688 2470 1013 2528 promissionem
1038 2485 1175 2514 meam
1197 2486 1326 2530 super
1348 2487 1436 2515 vos.
1473 2473 1558 2515 vos
1583 2480 1726 2515 autem

343 2553 362 2576 »
384 2535 528 2581 sedete
544 2538 589 2581 in
609 2538 779 2584 civitate
799 2540 944 2600 quoad
962 2540 1519 2601 usqueinduaminivirtute
1530 2556 1579 2586 ex
1592 2541 1723 2586 alto.»
1783 2554 1786 2606 ὲ
