1825 3264
330 215 412 254 :340
762 221 796 251 s.
834 221 1065 251 Arousuffl
1101 223 1281 251 triscom

326 299 491 334 mutata
514 303 602 331 non
617 297 734 340 sunt,
760 301 838 331 nos
867 287 1145 346 suscipimus,
1169 301 1244 331 vos
1269 285 1497 344 repellitis,
1521 300 1598 329 nos
1625 286 1658 328 si
1686 302 1710 330 a

327 359 447 403 vobis
469 356 567 401 data
590 366 707 411 sunt,
732 356 833 400 data
850 357 1113 415 judicamuS‚
1137 371 1212 401 vos
1234 356 1266 399 si
1285 371 1308 399 a
1330 355 1455 399 nobis
1473 355 1572 399 data
1587 364 1705 409 sunt,

324 439 532 488 tanquam
551 443 638 472 non
659 428 759 472 data
781 428 972 486 repetitis
999 447 1008 472 :
1029 442 1129 472 cum
1152 436 1241 471 tam
1264 426 1431 470 diversa
1448 425 1706 485 sequamini,

324 497 531 558 appellari
551 513 626 542 vos
648 497 874 542 haereticos
892 495 1205 555 dedignamini.

381 572 456 614 VI.
483 569 672 613 Attende
693 567 924 627 diligenter
950 568 1058 626 quid
1080 567 1195 611 dicas
1211 601 1221 619 ,
1246 576 1289 610 et
1313 566 1421 626 quid
1451 565 1607 610 dicam.
1636 568 1703 610 Tu

322 648 438 684 certe
461 639 646 683 definisti
660 648 703 683 et
715 639 857 683 dixisti
883 653 891 679 :
913 658 933 680 «
948 639 1131 682 Haeresis
1152 647 1216 681 est
1237 637 1404 681 diversa
1427 636 1708 696 sequentium

326 718 439 754 secta
459 744 469 763 ,
494 709 675 753 schisma
696 724 799 753 vero
822 709 972 752 eadem
998 708 1272 768 sequentium
1295 707 1523 766 separatio.
1554 725 1572 747 n
1598 709 1708 750 Item

320 789 370 824 tu
390 779 548 834 dixisti,
579 798 597 820 ι(
618 779 744 823 nobis
762 788 804 822 et
822 779 945 823 vobis
961 794 1093 822 unam
1111 793 1244 822 essem
1264 776 1531 835 religionem,
1553 776 1706 820 eadem

321 859 588 895 sacramenta
606 885 616 905 ,
641 850 733 893 nihi
762 850 806 893 in
829 849 1060 893 christiana
1090 849 1390 893 observatione
1421 847 1655 891 diversum.
1685 865 1706 888 η

321 923 465 974 Quare
491 935 593 978 ergo
621 919 860 978 rebaptizas
882 919 1175 964 Christianum
1196 954 1206 972 ,
1239 934 1320 976 ego
1350 933 1438 961 non
1468 917 1704 976 rebaptizo.

320 991 492 1035 Diversa
517 993 670 1048 utique
691 990 927 1047 sequimur.
961 991 1104 1040 Quare
1137 997 1179 1031 te
1209 988 1296 1031 dici
1322 1003 1411 1031 non
1440 987 1502 1030 vis
1533 986 1708 1030 haereti-

321 1076 422 1105 cum
439 1063 456 1103 Ρ
481 1063 592 1103 Puto
609 1058 729 1117 quod
749 1073 837 1102 non
859 1072 992 1117 parvo
1015 1058 1139 1116 signo
1161 1072 1443 1115 agnoscamus
1458 1057 1705 1112 haereticos,

319 1131 395 1190 qui
426 1144 526 1173 cum
555 1128 636 1172 sibi
665 1137 708 1171 et
743 1128 868 1171 nobis
902 1142 1034 1171 unam
1068 1127 1351 1186 religionem,
1382 1127 1533 1171 eadem
1565 1142 1708 1171 sacra-

325 1209 488 1253 menta,
514 1197 623 1242 nihil
645 1199 691 1241 in
706 1198 938 1242 christiana
964 1197 1267 1242 observatione
1289 1197 1508 1242 diversum
1535 1212 1625 1241 esse
1641 1212 1709 1241 sa-

320 1280 512 1324 teantur,
532 1268 691 1313 nolunt
714 1284 790 1312 nos
808 1283 1039 1327 agnoscere
1056 1269 1308 1328 baptizatos.
1334 1271 1403 1312 An
1427 1277 1545 1311 tanta
1567 1268 1706 1312 obsti-

323 1342 499 1385 natione
514 1339 792 1393 contenditis,
813 1348 932 1382 tenta
947 1339 1212 1382 dissensione
1222 1339 1392 1383 veritati
1416 1338 1587 1392 resistis,
1613 1348 1662 1382 ut
1684 1354 1708 1383 a

323 1412 553 1470 religione,
579 1426 602 1454 a
628 1410 930 1463 sacramentis,
956 1425 979 1452 a
1011 1409 1240 1453 christiana
1271 1408 1571 1453 observatione
1596 1409 1708 1468 bap-

323 1482 502 1525 tismum
536 1480 765 1539 separetis?
800 1479 930 1532 Quod
951 1479 985 1522 si
1008 1479 1172 1533 facitis,
1210 1481 1255 1522 in
1288 1494 1341 1524 eo
1364 1479 1462 1522 estis
1497 1479 1703 1534 haeretici,

319 1552 439 1611 quod
471 1551 525 1595 ad
554 1549 833 1609 religionem,
861 1548 915 1592 ad
951 1558 1219 1593 sacramenta
1237 1584 1247 1599 ‚
1273 1548 1328 1592 ad
1359 1549 1705 1593 observationem

321 1622 595 1666 christianam
621 1620 886 1679 baptismum
921 1619 1136 1677 pertinere
1174 1635 1263 1663 non
1297 1619 1440 1663 vultis.
1482 1619 1524 1664 Si
1559 1628 1704 1663 autem

322 1707 409 1735 non
433 1689 570 1734 facitis
587 1724 597 1744 ,
624 1690 669 1732 in
691 1705 742 1733 eo
765 1689 862 1732 estis
900 1689 1113 1742 haeretici,
1140 1688 1258 1748 quod
1282 1704 1353 1732 eos
1383 1689 1459 1747 qui
1480 1690 1706 1733 vobiscum

321 1762 483 1805 habent
521 1775 652 1803 unam
691 1759 940 1816 religionem
956 1794 966 1812 ,
1000 1759 1150 1802 eadem
1184 1769 1473 1813 sacramenta,
1515 1759 1624 1802 nihil
1661 1760 1705 1803 in

321 1823 552 1876 chris’tiana
576 1829 878 1874 observatione
899 1830 1115 1873 diversum
1135 1864 1145 1883 ,
1166 1845 1263 1873 cum
1293 1839 1336 1873 et
1364 1830 1625 1888 baptismum
1649 1829 1706 1874 ad

323 1902 575 1959 religionem
593 1935 603 1953 ,
637 1899 690 1943 ad
720 1908 1009 1953 sacramenta,
1045 1898 1101 1942 ad
1129 1899 1704 1943 christianam-observatio-

322 1987 421 2016 nem
467 1971 684 2030 pertinere
716 1969 961 2023 fateamini,
1003 1979 1148 2013 tamen
1189 1969 1476 2028 rebaptizatis.
1516 1970 1705 2014 Attcnde

320 2044 435 2087 enim
459 2041 686 2099 diligenter
702 2041 1001 2084 definitionem
1022 2049 1158 2093 tuam,
1184 2040 1229 2084 in
1251 2056 1336 2099 qua
1361 2042 1500 2084 dixisti
1527 2060 1535 2084 :
1563 2059 1583 2082 «
1605 2043 1706 2084 Hae-

321 2114 421 2157 resis
446 2121 510 2156 est
541 2112 707 2155 diversa
732 2110 1007 2169 sequentium
1037 2119 1150 2154 secta
1178 2129 1185 2154 :
1216 2129 1234 2150 »
1261 2119 1303 2154 et
1325 2110 1423 2155 vide
1447 2120 1593 2154 utrum
1616 2126 1704 2155 non

321 2183 540 2226 diversum
562 2181 808 2240 sequimini..
828 2190 901 2224 aut
921 2179 1161 2239 separando
1185 2180 1446 2239 baptismum
1464 2197 1487 2224 a
1510 2180 1705 2238 religiosa

320 2252 622 2298 observatione
644 2251 987 2295 Christianorum
1021 2259 1387 2294 sacramentorum
1420 2250 1579 2309 quibus
1602 2265 1703 2294 eum

321 2339 398 2367 nos
421 2323 534 2367 inter
549 2337 703 2379 magna
723 2321 1050 2379 conjungimus,
1073 2329 1148 2364 aut
1165 2335 1235 2364 eos
1248 2336 1346 2364 cum
1368 2321 1529 2380 quibus
1552 2321 1598 2364 in
1618 2337 1704 2365 una

321 2394 514 2450 religiosa
528 2391 1181 2437 observationeChristianorum
1199 2400 1563 2435 sacramentorum
1575 2392 1704 2435 etiam

320 2463 560 2521 baptismus
583 2472 696 2507 unus
718 2471 782 2506 est
801 2497 811 2516 ‚
841 2471 986 2506 tamen
1014 2460 1345 2520 rebaptizando,
1379 2462 1499 2521 quod
1521 2477 1598 2506 nos
1626 2461 1703 2505 de-

325 2542 541 2576 testamur.
