1825 3264
349 230 434 267 120
791 238 823 263 s.
861 234 1092 264 Aucus-nm
1124 237 1304 265 muscom

352 315 415 349 cst
429 305 508 348 ista
532 312 673 347 vestra
692 301 880 358 fallacia,
905 302 979 346 scd
998 316 1117 346 error
1138 302 1358 347 humanus
1375 304 1467 347 est?
1489 303 1664 348 Utinam
1680 303 1743 353 ita„-

348 377 417 420 sit.
444 373 644 418 Emenda
664 388 767 433 ergo
788 394 799 431 3
824 388 879 417 ne
903 374 1051 417 timeas
1068 407 1079 428 ,
1099 388 1187 417 non
1210 373 1312 418 inde
1334 375 1415 418 eris
1436 374 1579 419 minor
1603 394 1613 420 :
1647 374 1738 422 imo

349 460 451 490 vero
475 444 647 504 majoris
672 443 834 503 ingenii
857 453 922 488 est
950 444 1232 489 animositatis
1264 445 1462 490 flammas
1486 446 1745 497 confitendo,

348 516 617 574 extinguere,
638 529 770 575 quam
785 512 979 559 falsitatis
994 515 1176 560 nebulas
1198 514 1487 575 intelligendo
1503 516 1656 562 vitare.
1744 551 1746 554 -

406 588 599 633 CCXIV.
627 589 889 631 PEnercs
912 585 1019 631 dixit
1036 603 1081 631 2«
1099 586 1182 632 Ubi
1215 586 1284 630 lex
1307 587 1401 642 Dei,
1425 587 1504 631 ubi
1524 587 1736 634 Christia-

347 659 459 703 nitas
475 666 617 702 vestra
636 666 714 713 est,
731 658 766 701 si
784 657 923 702 caedes
941 667 984 701 et
1002 666 1162 702 mortes
1186 655 1326 702 facitis
1343 673 1392 702 ac
1410 657 1574 718 jubetis
1595 659 1614 702 P
1639 677 1658 700 n

406 730 578 774 CCXV.
601 731 878 773 Atat-snmus
892 727 1137 787 respondit:
1155 729 1225 773 Ad
1242 728 1325 774 hoc
1345 728 1446 773 Vide
1468 727 1576 789 quid
1593 727 1743 775 dicant
1758 774 1762 776 .

348 799 596 845 cohaeredes
617 799 778 845 Christi
800 814 878 859 per
898 808 1043 844 totum
1072 799 1223 843 orbem
1252 809 1482 845 terrarum.
1520 798 1673 845 Caedes
1699 808 1744 844 et

348 880 508 915 mortes
541 885 619 914 nec
654 868 832 914 facimus
874 885 954 914 nec
987 870 1194 930 jubemus
1234 890 1243 915 ε
1286 880 1330 914 et
1366 871 1445 914 ista
1482 870 1744 915 facientibus
1765 891 1769 894 ·

349 941 489 986 multo
512 939 761 984 sceleratius
783 941 956 996 saevitis,
981 941 1057 1000 qui
1078 941 1172 986 haec
1194 941 1241 985 in
1262 940 1493 986 hominum
1521 940 1745 985 mentibus

348 1022 499 1057 contra
517 1012 649 1056 vitam
669 1020 876 1055 aeternam
891 1012 1179 1056 committitis.

407 1084 880 1127 CCXVI.PET1L1AN1’5
895 1080 1026 1126 dixit:
1046 1100 1064 1122 «
1087 1082 1130 1126 Si
1148 1082 1310 1126 amicos
1327 1096 1406 1126 nos
1429 1080 1562 1126 vultis
1579 1115 1590 1137 ,
1610 1072 1745 1142 quare

348 1153 505 1197 invitos
529 1153 740 1196 attrahitis
763 1152 840 1197 ‘?Si
862 1159 1010 1195 autem
1028 1150 1226 1197 inimicos
1248 1152 1427 1211 fingitis,
1447 1167 1526 1197 cur
1548 1151 1744 1197 occiditis

348 1224 543 1268 inimicos
558 1225 577 1267 i>

408 1295 627 1338 CCXVII.
645 1295 924 1337 Arcu-snum
937 1292 1163 1352 respondit
1176 1311 1185 1337 ε
1196 1295 1286 1338 Nec
1298 1293 1458 1338 invitos
1470 1293 1745 1349 attrahimus,

350 1379 430 1407 nec
453 1363 693 1408 occidimus
715 1363 942 1407 inimicos:
976 1362 1051 1407 sed
1080 1378 1374 1423 quaecumque
1396 1363 1624 1408 vobiscum
1659 1364 1750 1422 agi-

351 1450 463 1487 mus,
483 1449 737 1494 quanquam
755 1434 876 1478 vobis
899 1449 1075 1492 agamus
1106 1435 1271 1491 invitis,
1298 1450 1350 1479 ex
1371 1436 1582 1480 charitate
1604 1444 1750 1480 tamen

353 1505 536 1564 agimus,
571 1514 621 1548 ut
651 1505 847 1549 volentes
875 1521 952 1550 vos
980 1506 1233 1565 corrigatis,
1270 1506 1544 1567 correctique
1577 1506 1746 1551 vivatis.

351 1579 462 1622 Nam
479 1591 607 1620 nemo
625 1576 731 1620 vivit
748 1577 925 1632 invitus,
962 1586 1004 1620 et
1021 1586 1168 1621 tamen
1192 1593 1301 1637 puer
1322 1587 1373 1622 ut
1393 1579 1478 1623 hoc
1495 1577 1645 1623 volens
1666 1576 1750 1621 dis-

351 1655 436 1700 cat,
461 1645 622 1688 invitus
643 1646 838 1704 vapulat,
868 1656 911 1690 et
933 1648 1016 1692 hoc
1035 1646 1296 1708 plerumque
1313 1649 1368 1692 ab
1386 1649 1563 1694 homine
1583 1647 1748 1693 charis-

353 1719 477 1761 simo.
505 1719 561 1760 Et
583 1717 676 1761 haec
699 1715 878 1776 quidem
910 1717 1033 1761 vobis
1073 1734 1193 1777 reges
1225 1719 1446 1776 dicerent,
1471 1720 1506 1765 si
1525 1719 1706 1765 ferirent
1736 1739 1767 1777 3·

355 1790 409 1833 ad
438 1789 522 1833 hoc
543 1790 660 1832 enim
692 1804 844 1833 eorum
867 1799 1056 1849 potestas
1079 1791 1289 1836 divinitus
1311 1791 1511 1837 ordinata
1541 1801 1605 1837 est
1639 1811 1648 1837 :
1675 1791 1750 1837 sed

354 1875 454 1904 cum
478 1869 522 1903 et
542 1860 610 1903 isti
629 1875 717 1904 non
735 1860 915 1916 feriunt,
933 1876 1010 1906 vos
1029 1862 1241 1907 clamatis.

414 1931 655 1975 CCXVIII.
691 1933 953 1975 Panum-rs
992 1931 1100 1975 dixit
1126 1951 1134 1976 :
1175 1951 1195 1974 «
1227 1935 1337 1986 Quae
1367 1941 1515 1977 autem
1537 1931 1646 1976 ratio
1669 1941 1749 1987 est,

355 2016 510 2060 quaeve
524 2001 815 2045 inconstantia
832 2001 1049 2055 vanitatis,
1068 2003 1189 2062 quod
1205 2019 1304 2047 cum
1319 2019 1398 2048 nos
1415 2003 1524 2048 falso
1536 2001 1771 2047 vocabulo-

356 2072 508 2116 dicatis
530 2073 773 2128 haereticos,
799 2073 1156 2118 communionem
1175 2083 1368 2119 nostram
1385 2088 1651 2134 magnopere
1671 2088 1750 2118 cu-

356 2143 483 2201 piatis
503 2145 521 2184 ‘3
550 2161 570 2183 »

416 2213 612 2256 CCXIX.
633 2215 910 2257 Ancuswmns
941 2213 1165 2273 respondit
1186 2232 1195 2257 :
1225 2214 1268 2258 Si
1306 2214 1612 2258 haereticorum
1631 2227 1769 2258 com-.

356 2282 610 2326 munionem
634 2297 897 2342 magnopere
916 2298 1191 2343 cuperemus,
1207 2283 1364 2343 corrigi
1380 2299 1455 2328 vos
1474 2285 1529 2328 ab
1547 2285 1752 2329 haeretico
1767 2291 1785 2310 f

357 2367 500 2396 errore
514 2351 749 2398 nollemus:
766 2369 866 2398 cum
881 2362 1026 2397 autem
1042 2354 1125 2398 hoc
1140 2353 1366 2398 vobiscum
1385 2361 1653 2413 agamuSJnc
1663 2355 1753 2398 sitis

359 2423 551 2466 haeretici
568 2458 579 2477 ‚
606 2423 828 2482 quomodo
859 2424 1164 2468 haereticorum
1192 2426 1546 2469 communionem
1570 2439 1752 2484 magno-

360 2508 460 2551 pore
478 2494 706 2552 cupimus?
733 2496 943 2540 Dissensio
965 2496 1127 2555 quippe
1149 2511 1225 2541 vos
1245 2506 1288 2540 et
1310 2495 1465 2541 divisio
1488 2494 1593 2557 facit
1609 2496 1750 2540 haere-

366 2563 473 2606 ticos
495 2583 501 2607 ε
534 2579 615 2622 pax
639 2581 742 2609 vcro
760 2576 801 2609 ct
825 2568 968 2610 unitas
999 2566 1101 2611 facit
1123 2567 1371 2612 catholicos.
1393 2568 1505 2612 Cum
1523 2581 1628 2625 ergo
1649 2564 1750 2610 inde
