1825 3264
236 248 400 278 con-ru
433 249 700 278 canscomum
735 249 1026 290 noiunsTAM,
1062 253 1144 280 Lm.
1183 254 1214 279 1.
1339 241 1422 281 333

41 315 260 360 nationem
286 315 513 360 hominum
536 315 677 360 multa
714 314 899 360 dicenda
922 318 1154 362 arbitratus
1177 333 1271 362 sum
1289 352 1299 371 ‚
1341 319 1422 362 ad-

38 399 185 430 versus
207 400 278 430 eos
294 386 369 446 qui
392 400 494 430 cum
518 386 710 430 habeant
744 387 1027 446 principalem
1050 403 1223 433 causam
1249 388 1422 443 malam,

39 455 93 500 ab
115 471 164 501 ea
185 455 460 502 discutienda
493 458 817 517 praescriptione
838 458 995 503 volunt
1025 469 1216 504 avertere
1232 459 1422 519 judices,

38 542 139 572 cum
162 527 317 573 dicunt
347 527 470 573 nullo
499 529 629 573 modo
651 528 733 573 sibi
754 527 1029 589 loquendum
1061 545 1150 575 esse
1178 530 1422 575 nobiscum.

39 598 225 644 Probavi
248 601 362 644 enim
383 609 427 644 et
445 599 500 643 de
517 600 746 660 Scripturis
761 601 933 655 sanctis,
953 610 996 645 et
1013 617 1098 661 qua
1115 602 1238 661 potui
1259 602 1425 646 ratione

40 670 288 730 perspicua,
320 686 399 715 nec
429 670 725 731 eloquentiam
760 671 1111 732 quantamlibet,
1150 687 1230 716 nec
1262 671 1425 716 dialec-

39 740 168 784 ticam
195 740 478 800 qualemlibet
511 741 790 785 metuendam
823 756 912 786 esse
951 742 1232 786 assertoribus
1267 742 1426 786 verita-

38 810 112 864 tis,
140 810 375 868 quominus
407 820 635 855 assertores
657 811 856 856 falsitatis
874 847 884 866 ,
910 812 1176 871 disputando
1212 827 1313 857 cum
1347 813 1423 867 eis,

36 889 80 924 et
109 895 181 925 eos
215 880 479 936 refellendo,
525 882 802 926 convincant.
847 883 928 926 Ubi
965 883 1094 927 etiam
1133 882 1427 927 demonstravi

37 959 79 994 et
107 950 234 1007 illud,
267 967 356 1012 quo
394 961 436 995 te
467 961 622 1011 praeter
654 952 880 1012 epistolam
918 968 1059 998 meam
1088 954 1175 998 dixi
1208 969 1298 997 esse
1328 968 1426 1013 per-

35 1030 205 1066 motum
227 1057 238 1076 ‚
284 1037 416 1081 quam
450 1038 539 1067 non
580 1023 634 1067 sit
675 1038 973 1083 consequens,
1005 1034 1056 1069 ut
1085 1026 1116 1068 si
1145 1024 1426 1069 concedimus

35 1107 124 1136 esse
165 1093 429 1151 baptismum
466 1093 510 1136 in
547 1103 668 1152 parte
703 1094 886 1148 Donati,
933 1094 1061 1137 simul
1100 1095 1229 1138 etiam
1267 1109 1425 1138 conce-

34 1161 187 1207 damus
222 1163 266 1206 in
310 1163 462 1207 eadem
501 1164 707 1207 societate
743 1179 1011 1224 quemquam
1047 1164 1253 1224 baptizari
1295 1181 1423 1225 opor-

34 1243 124 1278 tere
152 1254 160 1278 :
186 1235 288 1294 quia
317 1235 429 1279 sicut
460 1235 620 1278 bonam
657 1234 799 1293 legem
840 1236 981 1294 potuit
1019 1236 1179 1280 habere
1214 1236 1425 1294 reprobus

35 1304 224 1364 populus
254 1305 525 1359 Judaeorum,
561 1305 620 1349 sic
645 1305 810 1349 honum
839 1316 1157 1350 sacramentum
1188 1316 1330 1365 potest
1349 1307 1424 1350 ha-

34 1375 138 1420 bere
170 1376 354 1436 reproba
375 1377 553 1421 societas
575 1376 896 1420 haereticorum.
924 1376 1039 1429 Quid
1075 1386 1220 1421 autem
1253 1377 1426 1436 proprie

35 1445 164 1491 detur
195 1448 239 1490 in
262 1447 480 1501 Ecclesia,
520 1447 639 1506 quod
675 1457 833 1506 praeter
856 1446 974 1491 illam
1007 1448 1187 1492 omnino
1222 1463 1309 1491 non
1348 1446 1427 1491 da-

35 1523 122 1571 tur,
148 1533 227 1562 suo
250 1517 348 1562 loco
373 1518 463 1561 sine
487 1516 746 1561 difficultate
770 1517 1096 1561 monstrabitur.
1129 1520 1279 1577 Neque
1310 1517 1423 1561 enim

34 1597 150 1631 recte
173 1603 397 1646 ageremus
427 1602 527 1630 cum
563 1587 801 1641 haereticis,
835 1603 944 1647 quos
974 1588 1134 1631 habere
1161 1588 1425 1647 baptismum

33 1659 311 1713 confitemur,
342 1668 392 1702 ut
420 1658 539 1702 omni
562 1659 693 1702 modo
716 1658 771 1702 ad
794 1658 1029 1702 Ecclesiam
1061 1658 1319 1703 catholicam
1348 1674 1425 1702 ve-

33 1731 178 1784 niant,
206 1731 287 1774 nisi
311 1729 526 1774 veniendo
563 1730 809 1789 acciperent
834 1729 997 1790 aliquid
1015 1765 1025 1784 ,
1060 1729 1179 1789 quod
1215 1746 1294 1774 nec
1324 1730 1425 1774 alibi

33 1802 198 1860 possint
221 1802 416 1861 accipere
435 1822 445 1857 3
476 1810 520 1845 et
540 1801 661 1861 quod
684 1801 764 1845 nisi
787 1801 1053 1860 acceperint,
1083 1800 1238 1844 frustra
1261 1811 1303 1844 et
1326 1816 1426 1860 per-

40 1872 200 1916 niciose
222 1873 412 1916 habeant
436 1887 730 1931 quaecumque
749 1871 846 1925 alia,
873 1871 1070 1931 quamvis
1094 1872 1208 1915 bona
1232 1881 1275 1915 et
1290 1871 1424 1915 adle-

0 1980 1 2008 ἶ
35 1957 131 2002 gem
162 1943 238 1987 Dei
268 1943 554 2002 pertinentia,
589 1941 774 1986 ubilibet
809 1943 1001 2002 accipere
1035 1952 1289 2000 potuerunt.
1332 1944 1425 1986 Hoc

34 2013 148 2056 enim
173 2011 390 2072 quidquid
413 2022 503 2065 est,
541 2011 659 2071 quod
696 2012 937 2056 secundum
968 2013 1208 2071 Scripturas
1238 2012 1425 2055 certissi-

33 2096 238 2142 mamque
258 2083 466 2126 rationem
484 2082 665 2125 inveniri
681 2083 894 2140 potuerit,
916 2097 1003 2126 non
1021 2082 1097 2125 nisi
1118 2083 1159 2125 in
1179 2091 1324 2126 saneta
1348 2085 1426 2126 Ec·

34 2152 162 2198 clesia
185 2153 252 2196 vel
289 2152 381 2196 dari
410 2151 480 2195 vel
510 2152 645 2210 accipi
662 2167 800 2210 posse,
828 2153 910 2196 hoc
933 2152 1170 2211 pertinebit
1192 2152 1247 2196 ad
1272 2172 1287 2191 «
1323 2152 1424 2196 fon-

35 2231 122 2266 tem
145 2223 378 2280 signatum,
397 2231 581 2281 puteum
600 2237 724 2282 aquae
739 2223 863 2276 vivae,
886 2222 1134 2281 paradisum
1153 2237 1253 2266 cum
1278 2221 1422 2266 fructu

34 2309 283 2354 pomorum,
310 2312 329 2335 η
347 2294 470 2353 cujus
488 2303 536 2337 ut
558 2293 737 2352 potuisti
762 2293 1025 2337 mentionem
1047 2293 1200 2345 fecisti,
1222 2292 1296 2336 sed
1318 2291 1426 2352 quid

34 2363 143 2408 illud
172 2365 253 2418 sit,
285 2380 373 2407 non
407 2373 448 2407 te
476 2363 735 2407 intellexisse
770 2363 1024 2419 ostendisti3
1066 2361 1424 2422 (piandoquidem

34 2433 118 2478 hoc
135 2434 190 2477 de
212 2433 368 2477 visibili
387 2434 599 2492 baptismo
617 2432 782 2476 dictum
803 2449 890 2476 esse
913 2434 1132 2476 arbitraris
1152 2452 1160 2476 :
1186 2431 1427 2491 quodlicet

35 2514 233 2550 sanctum
264 2505 342 2561 sit,
372 2519 515 2563 neque
544 2502 634 2548 ullo
670 2503 799 2548 modo
833 2504 1285 2563 praetermittendum,
1311 2519 1424 2564 quo-

82 2596 89 2612 ¹
114 2590 192 2622 Vide
210 2589 305 2629 iufra,
325 2587 379 2620 lib.
402 2599 437 2629 ιι,
461 2599 532 2629 cap-
561 2588 610 2619 13·
