1825 3264
323 251 487 281 com‘ttA
519 252 721 280 numus
754 252 988 291 ΡΕΤιωΑΜ,
1024 253 1106 280 Lm.
1146 253 1212 278 ιιι.
1379 241 1460 279 189

72 337 162 366 esse
191 322 383 364 fructum
423 320 515 379 ejus
554 317 674 362 illum
717 332 847 378 quem
891 317 1079 377 baptizat
1099 352 1110 372 ,
1150 317 1225 361 sed
1266 317 1460 362 fructum

72 391 230 437 Christi
252 411 262 447 3
303 390 514 435 continuo
540 388 704 448 subjeci
732 403 864 448 quam
886 403 1067 432 vesanus
1099 403 1218 433 error
1248 388 1377 432 etiam
1402 388 1461 431 is-

72 470 159 506 tam
184 461 443 505 sententiam
467 467 785 518 consequatur,
812 467 854 502 et
877 458 1056 518 repetivi
1079 457 1188 502 illud
1204 493 1214 513 ,
1248 458 1350 503 licet
1371 456 1463 502 aliis

19 544 22 547 ⁴
72 531 238 586 verbis,
275 530 396 591 quod
430 530 560 590 paulo
590 538 689 574 ante
710 529 903 573 dixeram
931 548 939 572 ;
970 548 988 570 «
1017 529 1059 574 Si
1083 543 1182 572 cum
1207 529 1377 573 occulta
1400 537 1464 572 est

72 602 201 647 arbor
222 601 358 657 mala,
383 602 652 661 quicumque
675 601 728 644 ab
758 599 828 644 itta
851 599 984 644 fuerit
1007 599 1270 659 baptizatus,
1299 615 1388 644 non
1408 599 1463 643 dc

72 672 174 727 illa,
200 673 275 717 sed
299 672 353 716 de
380 672 552 718 Christo
579 671 793 729 nascitur,
818 670 1006 715 sanctius
1033 671 1354 730 justificantur,
1388 670 1465 730 qui

74 744 352 802 baptizantur
380 745 435 787 ab
469 743 649 788 occultis
680 742 802 787 malis
823 777 833 797 ,
864 757 997 803 quam
1020 742 1097 801 qui
1134 741 1409 800 baptizantur
1442 757 1466 784 a

73 814 310 858 manifestis
334 814 474 859 bonis.
507 833 525 856 »
553 814 788 859 Petilianus
810 829 913 872 ergo
934 813 1000 857 his
1025 822 1111 857 tam
1134 813 1466 857 vehementibus

73 894 315 930 coarctatus
336 885 542 943 angustiis
561 920 571 940 ,
598 885 734 930 tacuit
755 884 975 944 superiora
998 898 1050 927 ex
1068 884 1230 944 quibus
1253 883 1332 927 ista
1355 898 1466 942 pen-

73 953 252 1010 debant,
279 965 322 1000 et
338 956 431 1000 haec
452 956 637 1001 absurda
660 971 759 1016 quae
776 955 889 999 illius
911 963 1239 1015 consequuntur
1258 969 1464 1008 errorem,

74 1025 134 1070 ita
156 1028 512 1071 commemoravit
542 1027 587 1070 in
621 1027 898 1086 responsione
920 1042 1018 1081 sua,
1044 1026 1167 1086 quasi
1190 1026 1284 1069 haec
1308 1041 1389 1084 ego
1417 1040 1468 1068 ex

75 1112 169 1141 mea
193 1098 403 1142 sententia
421 1098 600 1142 dixerim
619 1119 629 1155 3
652 1114 749 1157 quae
771 1097 869 1142 ideo
885 1098 999 1142 dicta
1017 1107 1134 1152 sunt,
1158 1107 1206 1141 ut
1223 1096 1469 1141 attenderet

75 1177 290 1228 quantum
309 1169 411 1212 mali
427 1178 682 1229 sequeretur
703 1171 795 1229 ejus
817 1169 1072 1213 sententiam
1087 1204 1098 1223 ,
1119 1178 1161 1212 et
1183 1183 1277 1212 eam
1300 1176 1468 1211 mutare

76 1249 319 1298 cogeretur.
348 1242 470 1284 Hanc
493 1255 595 1299 ergo
614 1239 811 1284 fraudem
835 1238 1110 1284 audientibus
1132 1238 1200 1283 vel
1222 1238 1469 1298 legentibus

76 1309 260 1366 faciens,
286 1320 328 1355 et
355 1312 532 1355 omnino
555 1310 787 1369 desperans
811 1309 895 1368 legi
925 1325 1046 1369 posse
1068 1325 1167 1369 quae
1190 1310 1437 1368 scripsimus
1453 1343 1466 1365 ,

77 1381 212 1440 coepit
238 1383 283 1425 in
307 1397 376 1426 me
399 1383 584 1441 graviter
607 1390 650 1426 et
676 1380 924 1441 petulanter
947 1381 1093 1426 invehi
1113 1416 1123 1435 ,
1151 1390 1359 1440 tanquam
1389 1394 1470 1440 ego

78 1451 301 1496 sensissem
339 1453 582 1512 optandum
612 1467 701 1495 esse
740 1451 944 1496 omnibus
980 1451 1057 1511 qui
1087 1450 1388 1510 baptizantur,
1421 1458 1471 1494 ut

4 1524 12 1567 .'
77 1521 364 1581 baptizatores
396 1522 584 1582 perfidos
619 1522 808 1566 habeant
833 1531 876 1566 et
909 1522 1109 1580 ignorent
1138 1537 1237 1577 eOS,
1263 1521 1473 1581 quoniam

79 1593 320 1653 quamlibet
344 1594 481 1639 bonos
504 1593 753 1649 habuerint,
777 1593 972 1639 Christus
994 1603 1056 1638 est
1072 1592 1472 1653 incomparabiliter

10 1689 16 1694 ·
80 1664 258 1719 melior,
284 1666 358 1725 qui
388 1675 493 1710 tunc
522 1665 602 1709 erit
630 1665 836 1725 baptizati
858 1674 990 1725 caput
1010 1700 1021 1720 ‚
1060 1665 1094 1709 si
1117 1664 1307 1724 perfidus
1341 1665 1472 1709 lateat

81 1733 338 1793 baptizator.
367 1739 476 1779 Item
501 1745 711 1795 tanquam
736 1751 816 1794 ego
839 1736 1084 1790 sensissem,
1110 1735 1298 1780 sanctius
1315 1735 1471 1795 justifi-

81 1805 168 1849 cari
189 1820 261 1849 eos
282 1806 359 1866 qui
380 1806 656 1865 baptizantur
679 1806 734 1850 ab
756 1805 936 1851 occultis
956 1805 1095 1861 malis,
1121 1821 1251 1866 quam
1271 1806 1347 1865 qui
1364 1806 1473 1865 bap-

82 1876 269 1921 tizantur
298 1893 321 1921 a
346 1876 584 1923 manifestis
616 1878 742 1922 bonis
770 1897 778 1921 :
816 1893 915 1922 cum
944 1878 1038 1922 haec
1071 1877 1278 1921 mirabilis
1310 1877 1474 1921 insania

82 1945 180 1991 ideo
203 1963 227 1991 a
255 1963 324 1992 me
347 1958 682 1993 commemorata
704 1949 758 1992 sit
775 1983 785 2003 ,
811 1949 913 2008 quia
940 1948 1035 1992 illos
1065 1948 1304 1992 necessario
1330 1948 1475 2006 sequi·

83 2025 155 2060 tur
171 2018 246 2076 qui
266 2033 363 2062 cum
383 2018 596 2063 Petiliano
611 2020 825 2072 sentiunt,
847 2018 906 2062 sic
928 2033 1017 2062 esse
1038 2019 1260 2062 hominem
1283 2017 1476 2076 baptiza·

84 2097 177 2132 tum
202 2088 256 2132 ad
280 2089 593 2148 baptizatorem
626 2104 751 2133 suum
770 2124 780 2144 ,
814 2088 1187 2149 quemadmodum
1219 2098 1281 2133 est
1308 2087 1476 2134 fructus

84 2159 139 2203 ad
161 2159 360 2204 arborem
383 2159 437 2204 de
468 2176 554 2220 qua
582 2160 798 2215 nascitur,
830 2159 970 2204 bonus
1008 2159 1062 2204 de
1090 2160 1229 2216 bona,
1254 2160 1393 2204 malus
1421 2158 1476 2203 de

85 2230 196 2274 mala
225 2250 233 2275 2
259 2230 420 2290 quibus
444 2246 544 2275 cum
572 2229 808 2275 dixerimus
832 2241 881 2276 ut
904 2232 1221 2290 respondeant,
1257 2232 1381 2292 cujus
1408 2246 1477 2275 ar-

86 2300 302 2346 bitrentur
323 2301 516 2346 fructum
537 2317 627 2346 esse
652 2302 871 2347 hominem
898 2302 1161 2362 baptizatum
1180 2338 1190 2357 ,
1217 2302 1394 2362 quando
1420 2301 1475 2345 ab

86 2371 257 2416 occulto
293 2372 406 2417 malo
439 2373 708 2431 baptizatur,
738 2373 946 2432 quoniam
969 2389 1057 2418 non
1081 2372 1244 2416 audent
1277 2388 1375 2416 eum
1406 2388 1475 2416 re-

86 2441 331 2501 baptizare,
354 2453 571 2500 coguntur
589 2442 864 2501 respondere,
893 2453 996 2487 tunc
1019 2459 1118 2486 eum
1138 2458 1227 2486 non
1250 2458 1338 2486 esse
1361 2443 1477 2488 ffuc-

88 2522 182 2558 tum
205 2513 364 2558 occulti
393 2513 507 2557 illius
531 2513 632 2557 mali
649 2548 660 2568 ,
685 2513 760 2557 sed
786 2529 875 2558 esse
903 2513 1093 2557 fructum
1116 2514 1276 2558 Christi
1297 2533 1304 2558 :
1329 2529 1377 2557 ac
1400 2530 1476 2574 per

88 2585 172 2630 hoc
193 2585 386 2645 sequitur
408 2599 479 2630 eos
501 2583 621 2645 quod
647 2583 804 2629 nolunt
825 2618 835 2639 ,
869 2593 911 2628 et
938 2583 1058 2644 quod
1080 2578 1238 2629 sentire
1264 2584 1476 2630 dementis
