1825 3264
323 243 488 274 CONTRA
524 239 726 272 LiTTEnAs
758 242 991 282 ammam,
1028 244 1110 272 Lus.
1149 244 1196 269 11.
1374 230 1449 270 141

67 315 166 358 dem
179 326 366 357 errorem
381 310 517 356 multa
529 311 618 370 jam
642 308 844 361 diximus,
866 318 908 353 et
930 310 974 353 in
996 311 1079 354 hoc
1099 323 1244 369 opere,
1272 316 1315 352 et
1334 306 1452 352 alibi.

70 383 152 429 Sed
183 383 285 444 quia
317 383 375 427 ita
411 396 620 441 magnum
658 381 982 424 firmamentum
1008 380 1208 424 vanitatis
1231 387 1383 423 vestrae
1413 379 1459 422 in

67 453 146 498 hac
160 453 375 498 sententia
390 467 480 497 esse
492 451 781 506 arbitramini,
803 459 853 494 ut
870 449 925 494 ad
941 450 1023 494 hoc
1042 449 1119 493 tibi
1140 448 1459 493 terminandam

65 534 239 584 putares
254 524 509 585 Epistolam,
529 539 617 585 quo
634 523 755 583 quasi
767 521 981 566 recentius
996 522 1040 565 in
1058 521 1210 565 animis
1223 520 1459 579 legentium

67 605 308 640 remaneret
326 631 337 649 ,
363 595 550 640 breviter
572 593 829 653 respondeo.
859 592 927 638 Sic
949 592 1240 651 approbamus
1262 591 1306 633 in
1321 591 1462 635 haere-

0 670 2 727 J
65 667 158 712 ticis
180 668 440 727 baptismum
457 702 467 722 ,
494 682 583 711 non
606 665 933 720 haereticorum,
959 664 1034 707 sed
1068 662 1256 716 Christi,
1283 663 1394 705 sicut
1417 662 1462 705 in

0 753 1 761 ¹
65 736 415 793 fornicatoribus,
433 736 686 791 immundis,
699 735 945 790 luxuriosis,
960 732 1217 788 idololatris,
1236 733 1459 787 veneficis,

0 815 1 854 ζ
66 807 389 853 inimicitiarum
405 809 713 863 retentoribus,
729 807 1026 862 contentiosis,
1040 804 1225 859 aemulis,
1241 803 1460 859 animosis,

65 877 383 924 dissensionum
415 878 631 933 studiosis,
659 877 832 933 invidis,
857 876 1053 932 ebriosis,
1080 874 1460 929 comessatoribus,

0 962 1 974 ¹
65 958 108 994 et
129 950 194 994 his
214 949 424 994 similibus
447 949 739 1010 approbamus
758 949 1046 1008 baptismum,
1073 962 1164 992 non
1187 960 1336 990 eorum
1351 979 1362 999 ‚
1388 943 1466 988 sed

63 1021 238 1065 Christi.
261 1022 422 1065 Omnes
435 1022 549 1065 enirn
569 1021 637 1065 isti
656 1021 768 1064 inter
785 1035 894 1080 quos
917 1028 960 1064 et
977 1018 1170 1063 haeretici
1191 1016 1318 1077 positi
1341 1025 1462 1070 sunt,

0 1115 1 1126 κ
65 1091 178 1136 sicut
206 1091 311 1135 dicit
341 1091 601 1150 Apostolus,
636 1105 819 1149 regnum
843 1091 918 1134 Dei
941 1105 1029 1134 non
1053 1087 1338 1148 possidebunt
1356 1089 1398 1143 ¹3
1423 1094 1467 1129 et

66 1160 165 1205 ideo
188 1160 242 1205 ad
268 1160 482 1206 sinistram
513 1170 681 1220 partem
711 1175 811 1205 cum
836 1159 1016 1204 diabolo
1041 1159 1339 1218 pertinebunt.
1376 1158 1466 1201 Nec

0 1270 1 1275 ,
66 1231 166 1276 ideo
191 1230 375 1291 putandi
393 1240 496 1275 sunt
515 1246 605 1275 esse
624 1232 668 1274 in
692 1230 849 1276 Christi
868 1244 1065 1288 corpore,
1091 1227 1211 1289 quod
1235 1236 1296 1272 est
1315 1225 1468 1271 Eccle-

0 1325 4 1335 ν
67 1303 143 1357 sia,
164 1303 266 1362 quia
286 1311 653 1346 sacramentorum
677 1303 768 1361 ejus
790 1301 1070 1360 corporaliter
1091 1299 1319 1358 participes
1333 1299 1461 1341 fiunt.

69 1371 149 1417 Illa
168 1372 285 1417 enim
308 1373 412 1416 etin
432 1371 591 1416 talibus
613 1380 759 1416 sancta
778 1379 896 1425 sunt,
922 1379 964 1414 et
982 1370 1041 1413 eis
1055 1369 1237 1427 indigne
1252 1367 1468 1412 tractanti-

67 1443 150 1488 bus
176 1453 219 1488 et
249 1442 524 1488 sumentibus
548 1441 602 1486 ad
624 1443 762 1502 majus
784 1441 1000 1502 judicium
1021 1438 1247 1484 valebunt.
1278 1437 1364 1497 Ipsi
1387 1452 1467 1480 au-

67 1522 154 1559 tem
179 1530 267 1560 non
286 1514 450 1559 suntin
472 1513 545 1557 illa
569 1513 773 1557 Ecclesiae
800 1527 1009 1572 compage
1028 1545 1038 1565 ,
1065 1525 1166 1571 quae
1189 1510 1235 1553 in
1257 1507 1467 1552 membris

66 1586 227 1630 Christi
257 1601 334 1645 per
364 1599 609 1629 connexum
638 1593 680 1628 et
702 1592 951 1628 contactum
975 1582 1130 1626 crescit
1152 1581 1196 1624 in
1218 1580 1467 1623 incremen-

0 1689 1 1693 η
67 1665 161 1700 tum
186 1656 275 1700 Dei.
302 1656 380 1700 Illa
403 1656 567 1715 quippe
589 1654 779 1699 Ecclesia
802 1654 846 1697 in
870 1662 990 1713 petra
1014 1663 1099 1707 est,
1128 1652 1237 1696 sicut
1257 1649 1468 1695 Dominus

0 1746 2 1765 ε
68 1725 173 1770 dicit
196 1745 204 1771 ;
230 1745 249 1768 «
273 1728 412 1786 Super
428 1726 542 1770 hanc
559 1734 724 1785 petram
741 1724 969 1768 aedificabo
986 1722 1221 1768 Ecclesiam
1237 1735 1375 1764 meam
1391 1723 1422 1762 ².
1444 1737 1464 1759 »

71 1796 138 1842 llli
157 1808 303 1843 autem
329 1798 374 1843 in
403 1814 530 1842 arena
550 1797 792 1851 aedificant,
818 1796 930 1840 sicut
951 1794 1066 1839 idem
1095 1794 1303 1838 Dominus
1327 1791 1431 1835 dicit
1456 1809 1465 1835 ;

74 1887 93 1910 «
119 1869 205 1923 Qui
225 1869 347 1914 audit
365 1870 498 1913 verba
519 1883 613 1912 mea
631 1877 674 1912 et
696 1883 784 1912 non
803 1866 907 1911 facit
922 1881 969 1910 ea
990 1899 1001 1921 ,
1038 1864 1237 1909 similabo
1255 1877 1353 1906 eum
1377 1862 1468 1905 viro

75 1957 95 1980 »
119 1939 277 1995 stulto,
303 1940 377 1999 qui
395 1939 583 1984 aedificat
596 1937 776 1982 domum
797 1951 919 1981 suam
938 1951 1067 1995 super
1085 1948 1259 1978 arenam
1274 1933 1305 1976 ³.
1334 1951 1354 1973 η
1385 1930 1470 1976 Sed

72 2026 126 2054 ne
149 2020 275 2070 putes
312 2010 550 2055 Ecclesiam
573 2024 673 2068 quae
695 2008 739 2051 in
768 2017 889 2067 petra
913 2016 1004 2059 est,
1030 2005 1075 2048 in
1105 2020 1192 2048 una
1225 2011 1345 2062 parte
1383 2015 1471 2044 esse

73 2091 285 2126 terrarum
301 2117 312 2136 ,
337 2092 380 2126 et
403 2097 492 2125 non
506 2079 698 2124 diffundi
719 2094 856 2138 usque
877 2077 931 2121 ad
955 2078 1061 2120 fines
1079 2085 1205 2120 terrae
1227 2094 1236 2119 :
1263 2073 1364 2119 audi
1379 2074 1471 2133 ejus

73 2168 224 2197 vocem
245 2152 299 2196 de
320 2152 488 2196 Psalmo
506 2150 715 2209 gementis
730 2149 841 2193 inter
858 2147 969 2192 mala
985 2145 1340 2206 peregrinationis
1357 2159 1461 2187 suae.

75 2224 148 2268 Ait
169 2223 284 2268 enim
311 2242 318 2267 :
348 2242 367 2265 «
390 2222 601 2267 Afinibus
620 2230 745 2265 terrae
766 2219 818 2264 ad
835 2229 877 2264 te
899 2219 1099 2273 clamavi,
1116 2233 1216 2262 cum
1241 2224 1474 2275 angeretur

78 2313 98 2336 »
126 2310 200 2340 cor
226 2309 370 2338 meum
389 2329 400 2349 ,
434 2293 478 2337 in
502 2301 621 2352 petra
645 2290 841 2336 exaltasti
864 2305 935 2334 me
957 2309 965 2333 :
993 2288 1210 2333 deduxisti
1239 2303 1309 2330 me
1330 2321 1340 2339 ,
1371 2284 1476 2345 quia

79 2384 100 2407 »
125 2365 264 2410 factus
286 2381 330 2409 es
352 2380 446 2424 spes
465 2379 578 2418 mea,
602 2363 731 2407 turris
755 2360 1026 2406 fortitudinis
1050 2376 1071 2403 a
1096 2359 1204 2403 facie
1222 2356 1384 2401 inimici
1402 2357 1430 2398 ⁴.
1452 2373 1472 2396 »

78 2437 232 2481 Videte
260 2434 632 2496 quemadmodum
665 2449 687 2477 a
723 2434 882 2476 finibus
922 2441 1046 2475 terrfe
1074 2431 1247 2474 clamat.
1280 2431 1376 2472 Non
1412 2434 1478 2470 est

79 2523 180 2566 ergo
198 2510 243 2552 in
259 2506 348 2553 sola
369 2506 530 2560 Africa,
549 2504 618 2550 vel
633 2503 731 2548 solis
749 2504 878 2558 Afris,
901 2504 1151 2562 episcopum
1169 2504 1351 2544 Romam
1370 2514 1476 2558 pau·

133 2600 139 2618 ¹
165 2593 233 2626 Gal.
256 2604 287 2635 v,
319 2604 368 2635 ¹9·
385 2609 427 2616 —-
445 2599 456 2616 ²
477 2591 594 2624 Mattb.
617 2601 680 2632 xvi,
705 2589 753 2622 18.
773 2587 842 2613 -3
866 2589 911 2621 ld.
930 2599 996 2625 vn,
1017 2586 1072 2621 26.
1088 2585 1158 2617 —4
1179 2586 1260 2619 Psal.
1279 2596 1352 2626 ινι,
1375 2584 1405 2617 3.
