1825 3264
316 248 395 286 288
746 250 779 278 s,
817 251 1049 279 Aucus‘rim
1083 251 1263 278 EPISCOU

320 323 463 367 »lotus
479 327 542 362 est
558 316 706 372 semel,
719 331 807 361 non
827 316 1267 361 habetnecessitatem
1282 316 1439 358 iterum
1457 313 1631 358 lavandi
1643 316 1701 358 ¹2»

313 407 393 450 ego
415 389 658 434 obtinerem
687 386 809 447 quod
830 388 928 432 dico
944 422 955 442 ,
980 387 1040 430 ita
1064 395 1113 430 ut
1142 394 1187 428 tu
1213 395 1364 429 contra
1387 384 1493 444 quid
1515 385 1677 428 diceres
1693 420 1703 439 ,

314 476 402 505 non
423 459 620 504 haberes.
638 459 765 503 Nunc
777 472 882 502 vero
899 473 999 502 cum
1018 457 1062 500 in
1082 455 1314 514 Scripturis
1333 470 1422 499 non
1436 454 1706 498 inveniamus

313 530 481 590 aliquos
512 528 567 572 ad
594 526 832 572 Ecclesiam
856 527 1053 572 transisse
1075 526 1130 570 ab
1152 525 1363 569 haereticis
1384 560 1394 579 ,
1422 534 1464 568 et
1493 525 1605 568 sicut
1626 539 1707 582 ego

312 599 426 654 dico,
448 608 524 643 aut
540 599 651 642 sicut
670 606 717 642 tu
739 598 860 652 dicis,
887 612 976 641 esse
999 605 1219 654 susceptos
1245 616 1256 652 3
1282 604 1389 654 puto
1405 595 1438 639 si
1461 593 1614 653 aliquis
1635 609 1704 638 sa-

313 670 435 729 piens
459 669 680 724 extitisset,
697 669 768 713 eui
795 668 1001 712 Dominus
1018 666 1215 712 Christus
1241 664 1535 710 testimonium
1559 664 1706 724 perhi-

314 742 458 792 beret,
483 750 526 784 et
551 740 605 784 de
630 740 712 783 hac
744 739 983 800 quaestione
1015 736 1316 783 consuleretur
1343 753 1365 781 a
1395 736 1520 780 nobis
1540 770 1552 790 ,
1584 734 1708 779 nullo

314 811 445 856 modo
465 811 667 856 dubitare
687 809 945 854 deberemus
967 807 1012 853 id
1039 809 1182 853 facere
1201 806 1321 868 quod
1344 801 1416 851 illc
1438 807 1633 859 dixisset,
1653 821 1708 850 ne

313 898 399 926 non
437 891 524 926 tam
565 882 647 941 ipsi
685 896 817 941 quam
855 880 1037 923 Domino
1073 880 1246 924 Christo
1262 914 1272 931 ,
1305 879 1428 937 cujus
1461 877 1709 921 testimonio

314 953 721 1006 commendabatur,
739 967 978 1009 repugnare
996 951 1309 1010 judicaremur.
1335 950 1540 993 Perhibet
1562 958 1708 993 autem

315 1025 616 1068 testimonium
652 1024 851 1067 Christus
880 1020 1085 1065 Ecclesiae
1118 1037 1221 1064 suae.
1261 1023 1372 1065 Ecce
1394 1020 1706 1077 Evangelium,

310 1094 405 1152 lege
428 1094 501 1137 ubi
525 1094 584 1137 ait
601 1091 890 1152 ;«Oportebat
906 1092 1127 1135 Christum
1151 1090 1258 1150 pati,
1279 1100 1323 1134 et
1341 1105 1562 1149 resurgere
1585 1090 1710 1134 tertia

315 1183 334 1204 »
370 1164 456 1218 die,
481 1174 525 1208 et
544 1163 768 1224 praedicari.
787 1163 1033 1206 innomine
1056 1163 1149 1222 ejus
1172 1162 1475 1221 poenitentiam
1494 1170 1536 1205 et
1559 1161 1710 1205 remis-

315 1253 333 1275 »
372 1234 536 1278 sionem
556 1244 836 1294 peccatorum
859 1249 934 1292 per
956 1248 1105 1276 omnes
1132 1242 1299 1291 gentes,
1325 1232 1634 1291 incipientibus
1655 1231 1710 1275 ab

315 1323 333 1344 »
373 1304 612 1348 Jerusalem
635 1308 666 1348 ².
701 1325 717 1346 »
740 1304 972 1357 Quomodo
999 1319 1101 1361 ergo
1122 1303 1299 1362 suscipit
1321 1303 1398 1347 ista
1423 1301 1612 1347 Ecclesia
1635 1317 1712 1361 per

311 1390 461 1419 omncs
477 1384 624 1434 gentes
643 1375 952 1433 incipientibus
968 1374 1022 1417 ab
1044 1372 1299 1427 Jerusalem,
1315 1373 1491 1417 remotis
1506 1372 1712 1416 omnibus

313 1447 570 1506 ambagibus
591 1456 634 1490 et
652 1446 1101 1505 tergiversationibus,
1117 1446 1177 1489 sic
1198 1444 1495 1503 suscipiendus
1513 1460 1570 1487 es.
1584 1444 1714 1496 Quod

312 1517 346 1561 si
371 1533 459 1561 non
483 1519 548 1561 vis
566 1553 576 1571 ,
600 1533 688 1561 non
704 1517 809 1560 mihi
827 1552 837 1571 ,
865 1525 940 1560 aut
963 1516 1166 1575 cuiquam
1188 1515 1416 1559 homiuum
1432 1550 1442 1569 ,
1467 1515 1544 1574 qui
1563 1524 1605 1558 te
1619 1512 1714 1558 vult

314 1588 370 1631 ita
392 1588 626 1647 suscipere,
645 1587 722 1631 scd
737 1587 817 1646 ipsi
837 1586 1048 1632 Salvator-i
1068 1597 1218 1630 contra
1237 1585 1419 1630 salutem
1439 1596 1554 1630 tuam
1569 1585 1715 1644 perni-

312 1658 544 1702 ciosissime
567 1658 814 1712 reluctaris,
839 1658 915 1717 qui
939 1667 980 1701 te
1003 1657 1060 1701 sic
1078 1657 1403 1715 suscipiendum
1427 1672 1516 1700 esse
1539 1671 1627 1700 non
1651 1655 1713 1699 vis

312 1729 487 1772 credere
502 1763 512 1781 ,
536 1727 911 1788 quemadmodum
937 1728 1116 1785 suscipit
1139 1726 1209 1770 illa
1234 1727 1422 1770 Ecclesia
1437 1762 1447 1780 ,
1469 1741 1600 1786 quam
1626 1734 1712 1768 tes-

313 1799 495 1842 timonio
513 1815 591 1842 suo
607 1798 884 1843 commendat
902 1798 989 1851 ille,
1017 1798 1087 1840 cui
1106 1797 1252 1840 fateris
1277 1796 1492 1840 nefarium
1511 1812 1600 1840 esse
1622 1811 1711 1840 non

313 1868 509 1912 credere.

375 1942 530 1984 LXIV.
563 1943 619 1983 At
637 1940 752 1984 enim
783 1940 891 1983 dixit
920 1940 1126 1983 Jereniias
1160 1959 1167 1981 :
1211 1959 1230 1980 «
1264 1942 1395 1983 Facta
1428 1948 1492 1982 est
1527 1937 1632 1981 mihi
1663 1946 1712 1980 ut

317 2030 336 2051 »
366 2027 478 2071 aqua
504 2011 707 2065 mendax,
730 2027 813 2055 non
841 2012 1004 2054 habens
1027 2010 1156 2054 fidem
1188 2011 1218 2053 3.
1257 2029 1276 2050 »
1305 2013 1402 2055 Non
1425 2008 1577 2053 dehac
1600 2024 1713 2068 aqua

315 2081 437 2135 dixit,
456 2097 587 2141 quam
603 2091 744 2140 putas.
762 2084 875 2139 Lege
887 2080 1134 2140 diligenter.
1149 2083 1290 2140 Ipsam
1305 2080 1422 2124 enim
1439 2078 1714 2123 mendacium

316 2152 545 2195 hominum
564 2151 892 2196 multitudinem
902 2152 1010 2195 dixit
1029 2166 1187 2211 aquam
1207 2151 1461 2195 mendacem
1479 2165 1598 2195 more
1616 2164 1714 2210 pro-

319 2222 506 2280 phetico,
518 2222 629 2266 sicut
643 2223 825 2280 figurate
840 2222 958 2282 loqui
973 2221 1113 2266 solent
1128 2241 1136 2265 ;
1152 2221 1263 2265 sicut
1275 2221 1319 2265 in
1333 2219 1612 2279 Apocalypsi,
1630 2235 1712 2279 po-

318 2291 442 2350 pulos
465 2307 677 2352 aquarum
700 2292 876 2336 nomine
898 2292 1096 2335 novimus
1121 2290 1358 2350 appellatos
1384 2291 1414 2333 ⁴.
1436 2292 1544 2336 Nam
1563 2290 1623 2334 sic
1653 2291 1715 2334 ait

318 2364 524 2406 Jeremias
541 2382 550 2407 z
571 2382 590 2405 «
613 2365 669 2407 Ut
685 2362 794 2422 quid
810 2363 883 2422 qui
904 2363 1164 2407 contristant
1180 2377 1264 2416 me,
1289 2360 1530 2421 praevalent
1550 2359 1714 2419 ‘?Plaga

321 2450 341 2473 »
370 2448 462 2476 mea
481 2432 623 2477 valida
645 2442 733 2489 est,
762 2432 879 2477 unde
904 2433 1126 2477 sanabor?
1159 2435 1290 2476 Facta
1314 2441 1378 2476 est
1402 2431 1509 2475 mihi
1531 2441 1580 2475 ut
1601 2446 1714 2491 aqua

369 2540 375 2554 ¹
407 2535 497 2565 Joan.
533 2545 609 2576 xiii,
645 2545 751 2567 10.—
767 2542 778 2558 ²
799 2537 876 2569 Luc.
909 2546 996 2576 xxiv,
1028 2533 1083 2576 46.
1100 2552 1140 2559 -
1157 2532 1170 2557 3
1197 2536 1323 2569 Jcrem.
1345 2546 1387 2567 xv
1403 2559 1414 2577 ,
1444 2538 1495 2567 ιδ.
1511 2532 1582 2564 -4
1607 2534 1711 2576 Apoc·

321 2599 398 2630 xvu,
415 2599 466 2622 ιο.
