1825 3264
262 276 424 306 comma
455 280 718 308 cnescomcM
751 278 1038 319 connisum,
1073 281 1155 308 Lm.
1193 282 1252 308 1v.
1367 268 1448 308 467

73 342 303 388 schismate
329 343 552 387 constituti
574 379 584 398 ,
618 344 705 389 sive
736 345 863 388 etiam
890 354 1101 390 transacto
1120 343 1338 388 dilationis
1359 343 1450 400 die,

75 412 253 473 quando
291 413 483 458 Titianus
519 414 753 459 advocatus
781 415 1038 459 nominatim
1074 419 1380 460 Praetextatum
1413 423 1458 459 et

75 483 344 528 Felicianum
378 483 480 542 pelli
512 485 567 528 de
590 484 774 529 basilicis
801 484 1050 544 postulabat
1068 520 1079 540 ,
1104 501 1205 530 cum
1226 485 1387 545 quibus
1411 485 1459 528 in

75 552 242 598 honore
264 553 432 613 integro
455 554 695 598 Primianus
721 563 867 613 postea
890 554 1168 600 concordavit
1191 575 1199 600 z
1232 554 1458 613 quomodo

76 622 246 667 audetis
275 623 362 682 jam
393 624 537 667 dicere
564 640 700 669 unum
725 625 936 683 baptisma
953 660 964 679 ,
986 626 1068 669 nisi
1090 627 1134 669 in
1157 640 1242 668 una
1271 623 1461 668 Ecclesia

75 691 169 736 dari
182 707 271 737 non
289 708 410 752 posse
431 714 442 750 3
465 709 567 737 cum
589 694 645 738 ab
665 695 753 738 istis
775 693 926 739 datum
939 695 985 738 in
1006 694 1215 753 sacrilego
1232 695 1460 738 schismate

76 761 342 822 baptismum
364 764 454 808 sine
474 764 560 809 ulla
584 766 874 810 controversia
895 766 1198 824 cognoveritis,
1223 764 1462 823 susceperi-

75 837 130 881 tis
145 871 156 891 ,
177 839 419 882 rescindere
441 854 531 884 non
558 841 649 884 ausi
670 841 840 885 fueritis
862 843 879 885 Ρ
910 843 998 886 Nec
1022 851 1166 885 tamen
1189 843 1364 900 potestis
1393 839 1463 883 di-

77 921 189 959 cere,
216 906 325 951 nihil
355 923 428 952 vos
450 909 696 967 praestitisse
718 909 802 954 illis
824 944 835 963 ,
861 925 970 968 quos
993 910 1039 953 in
1064 911 1217 954 eodem
1249 909 1464 968 baptismo

75 978 332 1036 suscepistis.
377 978 421 1023 Si
454 993 555 1037 ergo
583 994 775 1039 quaeram
804 979 913 1039 quid
945 980 1229 1038 praestiteritis
1263 998 1271 1024 ι
1308 977 1464 1038 procul

78 1045 216 1092 dubio
231 1048 544 1106 respondebitis
556 1083 567 1102 ‚
584 1064 639 1093 ne
650 1049 743 1108 ipso
759 1048 984 1108 sacrilegio
999 1049 1237 1094 schismatis
1253 1050 1464 1107 perirent3

79 1132 136 1161 ne
152 1117 417 1176 baptismum
435 1119 593 1163 Christi
611 1134 698 1163 non
720 1118 775 1162 ad
794 1119 1039 1177 praemium,
1060 1120 1134 1164 sed
1157 1118 1212 1162 ad
1231 1119 1464 1177 judcium,

78 1203 169 1233 non
181 1187 236 1233 ad
257 1187 457 1244 salutem,
473 1189 550 1233 sed
571 1188 625 1233 ad
650 1189 898 1248 perniciem,
915 1190 1026 1234 sicut
1048 1198 1111 1234 est
1131 1189 1295 1233 militiae
1318 1203 1467 1233 carac—

81 1267 147 1303 ter
163 1258 208 1302 in
223 1258 531 1312 desertoribus,
549 1259 785 1316 haberent,
809 1260 1083 1318 praestitimus
1107 1274 1273 1317 pacem,
1299 1258 1468 1317 praesti-

82 1328 213 1374 timus
230 1328 459 1382 unitatem,
476 1329 755 1387 praestitimus
778 1329 983 1373 Ecclesiae
1005 1330 1273 1380 societatem,
1299 1336 1348 1370 ut
1368 1341 1470 1370 eum

81 1411 159 1456 per
170 1412 303 1457 quem
315 1398 500 1442 charitas
512 1397 775 1442 diffunditur
793 1399 837 1442 in
851 1398 1056 1442 cordibus
1074 1398 1245 1450 nostris,
1261 1396 1470 1455 Spiritum

83 1477 281 1513 sanctum
304 1468 497 1527 accipere
521 1478 805 1523 mererentur,
826 1469 917 1512 sine
935 1483 1024 1528 quo
1047 1483 1175 1512 nemo
1198 1467 1392 1526 pervenit
1416 1463 1471 1509 ad

85 1555 266 1598 regnum
291 1540 502 1585 coelorum
517 1575 528 1593 ,
553 1541 719 1585 etiamsi
747 1541 1022 1585 sacramentis
1043 1539 1248 1584 omnibus
1269 1537 1471 1596 legitimis

85 1609 322 1654 imbuatur.
342 1613 445 1655 Haec
461 1611 776 1669 responderetis
789 1610 1015 1661 veraciter,
1030 1611 1063 1652 si
1075 1623 1219 1652 veram
1235 1607 1471 1651 Ecclesiam

86 1681 623 1725 teneretis.Verumtamen
641 1680 697 1724 ad
718 1679 1059 1723 admonitionem
1083 1687 1267 1721 vestram
1290 1676 1470 1730 sufficit,

87 1758 138 1794 ut
154 1751 237 1795 hoc
255 1765 329 1794 vos
343 1759 594 1809 accepturos
609 1748 860 1807 intelligatis
872 1749 915 1792 in
929 1763 1029 1792 vera
1044 1747 1249 1796 Ecclesia,
1269 1745 1391 1804 quod
1402 1759 1474 1789 eos

87 1836 197 1880 quos
208 1821 254 1864 in
269 1821 517 1865 Maximiani
530 1819 736 1877 sacrilego
750 1819 978 1863 schismate
993 1818 1267 1876 baptizarunt
1283 1816 1473 1874 quicum

88 1891 149 1935 eis
179 1890 233 1934 ad
256 1905 331 1935 vos
365 1890 466 1933 inde
494 1889 743 1941 redierunt,
771 1889 816 1931 in
847 1897 985 1931 vestra
1010 1885 1318 1931 communione
1349 1899 1473 1928 acce-

90 1961 198 2020 pisse
225 1958 465 2004 credidistis
491 1978 500 2003 :
534 1967 664 2018 atque
696 1958 754 2002 ita
784 1972 858 2002 vos
893 1957 1019 2000 etiam
1055 1966 1232 2013 accepto
1262 1954 1475 2012 baptismo

89 2030 249 2076 Christi
262 2044 352 2074 esse
366 2027 668 2088 puniendos‚si
691 2028 901 2071 unitatem
924 2026 1148 2070 catholicae
1171 2023 1370 2069 Ecclesiae
1385 2038 1475 2067 non

90 2100 331 2154 tenueritis,
357 2100 467 2144 sicut
489 2099 534 2142 in
557 2098 803 2143 Maximiani
826 2097 1054 2141 schismate
1068 2095 1306 2154 baptizatos
1322 2092 1476 2153 procul

91 2169 228 2214 dubio
258 2168 501 2229 puniendos
522 2184 612 2213 non
641 2167 898 2212 dubitaretis
916 2202 926 2221 ,
951 2167 985 2210 si
1003 2176 1155 2210 vestrae
1177 2162 1476 2208 communioni

93 2256 183 2286 non
197 2240 506 2300 copularentur
521 2274 531 2293 ,
554 2240 597 2282 in
622 2239 780 2299 quibus
803 2237 855 2281 ad
875 2253 949 2282 vos
970 2236 1072 2280 inde
1093 2235 1368 2280 venientibus
1386 2249 1475 2277 non

94 2311 426 2355 rescindendum
454 2310 718 2369 baptismum
746 2307 985 2368 judicastis.
1009 2307 1138 2351 Vides
1171 2305 1317 2364 itaque
1345 2304 1476 2347 etiam

93 2382 180 2428 hoc
199 2415 210 2434 ,
234 2379 355 2440 quod
372 2390 414 2425 te
446 2381 646 2425 movebat
666 2379 722 2424 de
745 2379 946 2438 baptismi
968 2385 1259 2429 sacramento,
1284 2375 1329 2418 in
1347 2388 1476 2418 causa

93 2450 497 2497 Maximianensium
511 2451 601 2509 jam
624 2449 832 2494 solutum.

162 2522 257 2564 vll.
292 2522 387 2564 Jam
410 2534 528 2563 nunc
549 2518 622 2562 illa
642 2517 888 2571 videamus,
915 2516 1076 2575 quibus
1097 2513 1322 2574 epistolam
1342 2527 1480 2556 meam

99 2598 142 2635 te
159 2587 355 2634 refellere
370 2587 602 2634 credidisti.
623 2591 683 2632 Ac
701 2587 888 2646 primum
907 2584 1024 2645 quod
1040 2585 1292 2642 interrogas,
1314 2596 1481 2642 «quare

1230 2653 1295 2693 30.
