1825 3264
311 311 390 347 508
747 321 779 346 s.
819 319 1047 347 Aicus‘rrm
1078 318 1260 347 EPISCOPI

308 394 382 429 aut
400 394 691 444 pronepotum
708 393 900 441 tuorum,
926 386 959 430 si
982 386 1026 429 in
1050 395 1169 445 parte
1193 387 1346 431 Donati
1370 386 1549 441 fuerint,
1575 386 1690 430 Feli-

307 455 479 500 cianum
498 454 596 500 dico
617 464 869 500 creatorem.
895 457 1213 516 Tantum‚quia
1234 455 1690 516 permittis‚admoneo

308 542 362 571 ne
387 535 554 571 creator
576 535 676 570 tuus
704 536 801 586 post
828 542 989 572 nomen
1010 527 1196 570 hominis
1218 527 1349 586 impia
1382 528 1572 571 vanitate
1594 543 1691 572 cur-

309 606 473 641 rentem
508 607 550 641 te
583 597 772 642 inveniat
802 597 1081 642 desertorem.
1110 596 1275 641 Deinde
1303 597 1590 657 plausibiliter
1610 598 1689 642 tibi

308 667 463 711 videris
497 669 732 727 adjungere
759 688 766 713 :
797 688 816 709 «
842 671 878 712 A
902 667 1023 712 fonte
1056 667 1287 712 deducitur
1319 668 1433 712 rivus
1456 703 1466 722 ‚
1493 677 1534 712 et
1561 678 1692 727 caput

308 739 503 782 membra
526 747 770 798 sequuntur
795 758 803 783 ;
823 753 926 783 sano
948 739 1087 799 capite
1106 754 1235 783 omne
1255 753 1409 783 sanum
1431 748 1495 783 est
1516 754 1688 798 corpus,

308 819 351 853 et
365 810 396 853 si
415 808 522 869 quid
545 809 588 853 in
612 811 693 853 hoc
711 809 852 853 morbi
875 809 943 854 vel
961 810 1055 854 vitii
1073 819 1157 863 est,
1185 811 1330 854 omnia
1359 810 1556 854 membra
1574 809 1692 853 debi-

308 880 487 923 litantur
527 900 535 924 :
576 881 784 938 originem
826 896 945 924 suam
986 881 1156 940 respicit
1176 916 1186 935 ,
1227 879 1444 940 quidquid
1474 881 1520 923 in
1561 880 1692 940 stirpe

311 951 513 1008 processit
533 969 541 994 ε
565 965 652 994 non
676 959 816 1009 potest
840 951 1047 995 innocens
1071 965 1160 994 esse
1180 985 1190 1005 ‚
1214 951 1288 1009 qui
1322 959 1479 993 sectam
1504 965 1593 994 non
1624 965 1691 993 se·

308 1022 456 1082 quitur
478 1022 744 1078 innocenti83
769 1037 867 1065 cum
889 1022 1125 1081 praesertim
1157 1023 1365 1080 scriptum
1388 1021 1443 1065 sit
1469 1040 1477 1065 :
1512 1040 1532 1063 «
1560 1024 1610 1064 In
1626 1020 1693 1065 le-

311 1109 330 1132 »
352 1091 519 1149 galibus
540 1101 710 1150 patrum
739 1100 980 1136 vestrorum
1003 1107 1057 1136 ne
1089 1090 1414 1136 ambulaveritis
1439 1094 1469 1135 ¹.
1499 1109 1518 1132 »
1554 1094 1604 1135 In
1629 1092 1695 1136 his

307 1162 510 1206 omnibus
544 1163 685 1207 verbis
714 1163 798 1206 tuis
824 1163 979 1208 omitto
1012 1163 1113 1222 quia
1135 1178 1223 1207 non
1241 1171 1304 1206 est
1333 1161 1471 1206 simile
1500 1163 1620 1222 quod
1637 1161 1693 1206 de

307 1233 498 1277 humano
521 1248 704 1293 corpore
726 1233 1000 1292 comparasti.
1029 1234 1141 1277 Fieri
1159 1234 1272 1277 enim
1301 1241 1459 1292 potest,
1482 1241 1531 1276 ut
1560 1241 1602 1276 et
1619 1247 1693 1291 pes

307 1302 452 1347 doleat
465 1305 606 1362 capite
621 1319 740 1357 sano,
758 1312 800 1347 et
818 1304 928 1362 pede
944 1319 1049 1348 sano
1066 1313 1213 1363 caput.
1226 1305 1393 1348 Omitto
1407 1304 1552 1357 etiam,
1571 1301 1692 1362 quod

308 1374 384 1417 tibi
406 1374 634 1429 exciderit,
661 1375 768 1435 quid
794 1374 925 1434 paulo
947 1384 1046 1419 ante
1069 1374 1227 1419 dixeris
1256 1393 1264 1419 :
1295 1393 1314 1416 «
1336 1377 1429 1419 Hoc
1452 1383 1494 1418 et
1516 1389 1594 1418 nos
1615 1388 1692 1418 vo—

306 1444 449 1489 lumus
465 1480 475 1499 ,
491 1446 574 1489 hoc
597 1445 845 1500 suademus,
861 1455 910 1489 ut
929 1445 1127 1490 Christus
1148 1445 1382 1490 Christiani
1404 1445 1457 1488 sit
1478 1453 1611 1504 caput
1631 1463 1639 1488 :
1667 1462 1687 1485 »

304 1516 379 1575 qui
398 1531 515 1561 nunc
535 1516 678 1560 neseio
695 1531 826 1575 quem
843 1516 1096 1560 traditorem
1110 1517 1171 1560 vis
1184 1526 1317 1575 caput
1335 1529 1424 1560 esse
1446 1515 1691 1573 ignotarum

304 1587 498 1644 gentium
530 1588 898 1642 Christianarum,
935 1586 1009 1630 ubi
1033 1586 1186 1631 datum
1217 1595 1259 1630 et
1283 1595 1511 1645 acceptum
1531 1585 1691 1630 Christi

301 1656 563 1715 baptismum
598 1673 686 1702 non
710 1658 839 1703 vultis
861 1674 1094 1717 agnoscere
1111 1694 1121 1712 ‚
1144 1668 1353 1718 tanquam
1376 1657 1580 1717 baptizati
1602 1672 1690 1702 nou

303 1727 381 1770 nisi
404 1728 458 1771 ab
478 1727 554 1772 illo
578 1728 782 1772 traditore
806 1729 936 1772 creati
959 1729 1058 1772 sint.
1086 1729 1252 1772 Omitto
1277 1739 1320 1772 et
1337 1727 1448 1772 illud
1471 1737 1689 1788 quantum

300 1813 370 1840 me
388 1797 580 1857 adjuvet,
608 1799 727 1858 quod
749 1798 803 1842 de
823 1798 1043 1857 Scriptura
1066 1799 1361 1843 testimonium
1378 1799 1469 1857 ipse
1491 1799 1686 1857 posuisti,

299 1866 464 1911 dictum
485 1883 573 1911 esse
592 1868 754 1911 Judaeis
780 1888 789 1913 2
819 1886 839 1910 «
862 1872 912 1911 In
934 1867 1144 1926 legalibus
1168 1877 1344 1927 patrum
1366 1877 1609 1912 vestrorum
1635 1883 1690 1912 ne

304 1956 322 1979 n
341 1938 659 1983 ambulaveritis
683 1959 691 1984 2
715 1958 734 1978 n
749 1953 847 1982 cum
866 1939 947 1983 hoc
966 1941 1116 1998 utique
1137 1948 1403 1998 praeceptum
1420 1938 1689 1998 quicumque

301 2018 404 2053 tunc
428 2010 655 2054 observare
678 2009 927 2064 voluerunt,
949 2011 1057 2054 sicut
1073 2010 1301 2068 Prophetae
1315 2010 1450 2053 sancti
1464 2018 1507 2053 et
1523 2018 1688 2069 septem

299 2079 431 2124 millia
454 2080 672 2134 virorum,
698 2081 773 2140 qui
795 2095 884 2124 non
906 2089 1198 2124 curvaverunt
1227 2095 1368 2139 genua
1392 2090 1492 2124 ante
1521 2079 1638 2135 Baal,
1664 2095 1688 2124 a

298 2149 461 2208 populo
485 2159 630 2194 tamen
653 2166 731 2194 suo
754 2159 795 2193 et
826 2166 848 2193 a
880 2151 1187 2194 communibus
1222 2151 1500 2194 sacramentis
1533 2165 1620 2194 non
1643 2165 1687 2194 se

298 2218 552 2265 diviserunt.
571 2224 660 2265 Hoc
683 2221 797 2275 dico,
819 2222 899 2265 hoc
916 2220 1019 2264 velis
1042 2221 1150 2264 nolis
1167 2220 1422 2280 repetendo,
1443 2219 1687 2280 quamlibet

299 2290 379 2334 tibi
407 2292 554 2335 videar
590 2291 818 2346 molestus,
855 2291 1029 2335 inculco
1065 2311 1073 2335 :
1116 2290 1212 2336 Noli
1245 2289 1527 2336 Caecilianum
1561 2291 1686 2334 toties

298 2360 545 2405 absolutum
569 2371 700 2421 caput
733 2362 876 2406 faeere
909 2362 1086 2420 posteris
1115 2361 1240 2405 nobis
1265 2382 1274 2417 3
1299 2376 1398 2405 cum
1421 2376 1501 2419 ego
1521 2369 1564 2404 et
1594 2361 1686 2404 Pri-

298 2432 525 2476 mianuma
541 2432 774 2487 Feliciano,
793 2431 1116 2476 etFelicianum
1134 2448 1156 2476 a
1173 2433 1390 2476 Primiano
1408 2432 1680 2487 damnatum,

297 2515 385 2545 non
407 2511 557 2546 tamen
581 2501 734 2547 faciam
757 2512 888 2562 caput
912 2503 1090 2563 posteris
1114 2503 1278 2547 vestris.

354 2573 445 2614 LV.
471 2574 568 2615 Jam
585 2588 688 2619 vero
705 2574 761 2618 de
782 2573 1090 2633 persecutionis
1107 2572 1283 2622 invidia,
1305 2587 1438 2632 quam
1462 2589 1483 2617 a
1503 2572 1680 2617 terrenis

342 2660 349 2676 ¹
376 2656 490 2689 Erech.
509 2667 562 2693 xx,
587 2656 635 2688 18.
