1825 3264
295 269 375 307 532
722 275 755 303 s.
792 276 1022 305 Arotsnm
1055 277 1234 304 nmacom

291 340 693 388 Maximianensium
724 356 897 386 causam
931 341 976 385 in
1008 341 1199 385 medium
1234 339 1532 400 proferamus,
1566 338 1676 383 nihil

292 410 528 456 contradici
549 426 672 470 posse
685 447 696 467 ,
720 427 838 456 nunc
852 411 1003 456 saltem
1021 411 1200 469 fortasse
1217 411 1307 471 jam
1323 410 1531 470 agnoscis.
1550 409 1677 454 Unde

290 497 381 527 non
404 481 511 526 mihi
528 497 753 541 arrogans,
779 483 891 527 sicut
907 482 1044 526 credis
1060 490 1135 526 aut
1151 481 1423 526 calumniaris
1435 516 1446 535 ,
1466 479 1587 525 velut
1606 480 1676 524 in-

288 553 449 598 victam
467 552 778 612 eloquentiam,
801 553 860 598 sic
875 569 969 598 eam
991 551 1108 597 volui
1130 552 1437 597 commendare
1462 570 1471 596 ι
1496 550 1570 596 sed
1584 565 1678 594 ma-

289 623 418 684 gis‘ut
446 625 722 669 intuerentur
751 626 828 685 qui
846 625 1062 684 legerent,
1096 624 1226 668 talem
1250 639 1339 668 esse
1365 637 1539 668 causam
1558 657 1569 677 ,
1601 636 1680 682 pro

289 712 377 757 qua
400 697 627 742 asserenda
646 696 716 741 vel
738 697 882 756 potius
903 697 1240 741 demonstranda
1263 695 1428 740 nullius
1451 695 1505 740 sit
1525 694 1682 739 facun-

291 766 374 811 diae
396 767 687 826 patrocinium
709 768 1040 827 requirendum.

350 839 552 881 LXXXI.
579 840 692 882 Ecce
708 839 796 898 jam
817 853 906 882 non
922 838 1021 882 dico
1047 856 1068 879 «
1091 836 1323 896 tricipitem
1342 836 1525 881 bestiam
1544 871 1555 891 ,
1578 853 1598 877 n
1620 850 1684 879 er·

291 922 433 952 rorem
448 916 658 962 vestrum,
679 908 782 968 quia
803 908 1079 952 suavissimus
1091 907 1326 951 verborum
1349 907 1605 950 emendator
1621 921 1682 963 cs3

290 979 365 1023 sed
396 979 494 1023 dico
525 978 788 1023 calumniam
824 979 1099 1038 tripertitam.
1136 981 1224 1023 Nec
1263 977 1361 1022 dico
1400 993 1478 1022 nos
1509 978 1547 1021 ei
1583 987 1682 1022 tan-

291 1064 423 1108 quam
450 1068 470 1091 «
495 1049 675 1093 tridenti
698 1050 785 1093 telo
806 1068 825 1091 »
852 1065 903 1092 ex
920 1050 1000 1093 liae
1030 1049 1432 1094 Maximianensium
1460 1064 1588 1093 causa
1607 1048 1686 1092 de·

290 1120 394 1165 bere
415 1120 640 1179 resistere,
673 1120 749 1164 sed
777 1121 876 1165 dico
905 1121 1121 1180 tripertita
1144 1119 1413 1164 defensione.
1446 1122 1534 1165 Nec
1556 1121 1652 1164 dico
1673 1138 1681 1164 ε

295 1210 316 1234 «
341 1192 385 1236 in
420 1207 571 1236 eorum
599 1191 746 1236 fronte
776 1192 998 1251 configite,
1026 1201 1100 1237 aut
1121 1192 1167 1235 in
1185 1206 1259 1236 ora
1280 1200 1526 1249 coarctate3
1560 1211 1575 1232 >2
1609 1190 1685 1235 sed

291 1261 413 1316 dico,
440 1277 592 1306 eorum
611 1261 926 1321 impudentiam
946 1262 1170 1316 cohibete,
1196 1276 1529 1321 sermonemque
1547 1262 1683 1320 repri-

291 1333 411 1376 mite.
436 1333 662 1393 Numquid
679 1333 887 1393 quoniam
909 1332 1040 1377 verba
1063 1341 1232 1377 mutata
1254 1341 1380 1387 sunt,
1405 1342 1448 1377 et
1471 1347 1521 1376 ex
1543 1341 1683 1376 trans-

291 1401 388 1446 latis
403 1402 516 1448 facta
533 1411 635 1447 sunt
660 1404 856 1463 propria,
878 1401 977 1447 ideo
1002 1403 1406 1447 Maximianensium
1435 1418 1560 1446 causa
1583 1417 1684 1446 mu-

292 1481 381 1518 tata
398 1482 477 1528 est,
503 1474 628 1533 cujus
652 1472 913 1533 compendio
941 1473 1001 1518 sic
1029 1473 1321 1532 superamini,
1356 1482 1406 1517 ut
1431 1473 1539 1517 nihil
1565 1473 1688 1517 vobis

301 1552 451 1599 restet,
476 1545 510 1588 si
531 1543 767 1605 aliquando
789 1543 960 1604 sapiatis
974 1579 984 1599 ,
1006 1545 1087 1588 nisi
1110 1545 1230 1589 finita
1248 1545 1460 1603 pervicaci
1480 1543 1688 1589 animosi-

299 1622 385 1658 tate
407 1615 584 1673 pacari?

352 1687 578 1728 LXXXII.
606 1686 649 1730 Si
678 1685 732 1728 dc
763 1686 1071 1731 communione
1103 1686 1258 1744 agitur,
1292 1702 1382 1732 non
1408 1695 1687 1746 peccatorum

296 1755 560 1810 alicnorum,
589 1757 666 1799 sed
691 1756 937 1801 divinorum
964 1767 1334 1802 sacramentorum
1351 1793 1361 1813 ,
1380 1759 1683 1803 communica—

297 1835 392 1870 tum
411 1836 474 1871 est
491 1841 591 1870 cum
609 1826 841 1881 damnatis,
859 1836 902 1871 et
914 1827 1081 1871 dictum
1096 1838 1160 1872 est
1178 1829 1232 1872 de
1252 1829 1343 1873 aliis
1357 1829 1570 1887 sacrilegis
1584 1865 1595 1884 ,
1613 1830 1689 1889 qui

298 1911 399 1940 cum
428 1896 635 1942 damnato
657 1896 924 1941 Maximiano
957 1898 1360 1954 communicabant,
1385 1900 1507 1959 quod
1526 1915 1597 1944 eos
1620 1915 1688 1944 sa-

298 1966 449 2025 crilegi
477 1966 639 2011 surculi
669 1982 758 2011 non
779 1966 976 2026 polluere
998 1967 1226 2027 plantaria.
1256 1969 1299 2014 Si
1320 1970 1375 2014 de
1393 1971 1689 2030 persecutione

301 2039 472 2096 agitur,
505 2037 733 2083 damnatos
764 2039 980 2097 persecuti
1011 2039 1132 2095 estis,
1169 2041 1384 2085 animosos
1419 2042 1686 2101 persecutio-

304 2107 435 2152 nibus
472 2108 727 2153 correxistis.
766 2109 808 2153 Si
847 2108 902 2153 dc
935 2110 1152 2169 baptismo
1194 2112 1336 2170 agitur
1355 2147 1366 2167 ,
1402 2113 1447 2156 in
1482 2113 1688 2173 sacrilego

305 2178 534 2223 schismate
547 2179 699 2222 datum
722 2178 985 2238 baptismum
1008 2181 1265 2239 suscepistis.
1291 2181 1407 2235 Quid
1431 2183 1575 2227 adhuc
1591 2184 1686 2227 ina-

302 2246 442 2303 niter,
467 2263 522 2292 ne
549 2249 706 2293 veritas
733 2259 1044 2307 cognoscatur,
1070 2265 1276 2310 errorque
1302 2252 1512 2309 fugiatur,
1537 2252 1685 2298 divina

302 2332 392 2362 non
422 2317 643 2363 intellecta
666 2319 913 2363 testimonia
935 2320 1252 2378 proferuntur?
1277 2340 1297 2363 «
1326 2323 1543 2382 Scriptum
1582 2333 1645 2368 est
1673 2342 1683 2368 z

306 2405 326 2429 «
358 2389 400 2433 Si
422 2389 518 2448 quis
541 2399 668 2449 putat
701 2405 745 2434 se
768 2392 1088 2436 contentiosum
1115 2407 1225 2448 esse,
1255 2407 1333 2437 nos
1357 2393 1488 2438 talem
1509 2409 1688 2439 consue·
1755 2426 1759 2429 -

303 2477 324 2500 >›
354 2459 550 2503 tudinem
574 2476 663 2506 non
687 2462 933 2506 habemus¹.
966 2480 986 2503 υ
1015 2464 1099 2508 Sed
1127 2479 1207 2508 nec
1222 2465 1479 2520 Restitutus,
1495 2466 1687 2525 quicum

301 2528 442 2573 Salvio
463 2531 800 2577 Membresitano
824 2541 1002 2591 propter
1032 2532 1209 2578 cellulas
1237 2543 1280 2578 et
1302 2533 1484 2592 agellos,
1511 2544 1563 2579 ut
1585 2550 1686 2579 eum

351 2617 357 2632 ¹
387 2624 395 2644 ι
419 2616 489 2645 (ζον.
512 2625 568 2652 xii,
594 2613 644 2645 16.
