1825 3264
322 247 402 286 344
743 259 776 284 s.
813 256 1042 286 Atousrim
1076 259 1256 285 ssprscom

320 338 432 377 rum,
457 338 587 382 quam
611 337 691 366 nec
708 321 881 367 alienati
900 323 1205 376 alienaverant,
1227 337 1307 367 nec
1323 325 1507 382 perversi
1525 339 1701 383 perver-

320 401 479 444 terant,
505 393 823 451 approbamus:
848 409 948 452 quae
969 402 1235 438 sacramenta
1258 394 1387 437 etiam
1410 403 1481 447 tu,
1506 395 1702 454 quamvis

319 477 411 507 non
430 461 526 506 talis
546 462 700 521 quales
716 477 794 507 nos
815 478 978 516 sumus,
1005 478 1094 507 non
1113 464 1292 521 potuisti
1306 471 1453 507 tamen
1476 463 1556 507 nisi
1577 464 1695 518 talia,

317 547 398 576 nec
425 533 484 576 sic
519 532 619 577 talia
640 533 761 592 quasi
780 532 861 577 alia
883 531 1053 586 similia,
1087 533 1162 576 sed
1193 533 1372 577 omnino
1410 533 1563 577 eadem
1592 548 1701 579 con-

318 602 445 646 fiteri.

352 659 355 662 ,
377 673 456 715 XI.
477 671 668 716 Obsecro
683 681 748 726 te,
769 670 840 715 dic
857 670 986 725 mihi,
1008 671 1231 730 quomodo
1249 671 1347 715 talis
1364 679 1427 715 est
1448 670 1587 731 qualis
1601 669 1700 727 fuit,

317 742 392 801 qui
415 751 646 786 veneratur
669 741 904 786 Ecclesiam
939 757 1069 801 quam
1103 741 1433 802 blasphemabat
1448 777 1458 796 ,
1484 742 1560 802 qui
1583 752 1703 787 tenet

316 812 529 856 unitatem
553 827 684 872 quam
706 827 794 856 non
817 811 1012 863 tenebat,
1043 812 1118 871 qui
1136 812 1269 856 habet
1290 812 1546 856 charitatem
1570 828 1700 872 quam

317 897 406 925 non
428 881 635 936 habebat,
660 882 735 941 qui
757 881 913 940 accipit
929 896 1078 940 pacem
1092 897 1224 940 quam
1245 882 1497 941 respuebat,
1522 883 1599 942 qui
1622 898 1701 942 ap-

317 951 474 1009 probat
496 960 812 996 sacramentum
835 951 955 1010 quod
979 951 1261 995 exsufflabat?
1291 955 1361 996 An
1384 967 1486 996 vero
1519 952 1579 995 ita
1602 961 1704 996 sunt

316 1021 463 1066 omnia
484 1020 600 1065 falsis
624 1037 722 1065 vera
739 1030 1064 1080 praeposterata,
1085 1029 1135 1064 ut
1156 1036 1244 1065 non
1263 1020 1465 1066 dicantur
1481 1023 1635 1066 mutati
1656 1023 1703 1066 in

317 1091 476 1150 quibus
508 1107 557 1135 ea
589 1107 687 1151 quae
723 1091 888 1135 diversa
926 1089 1100 1134 fuerant
1132 1091 1313 1136 veritate
1338 1092 1632 1151 corriguntur,
1661 1102 1705 1138 et

318 1161 474 1205 mutati
497 1161 696 1205 dicantur
727 1162 771 1204 in
799 1161 958 1221 quibus
985 1176 1032 1205 ea
1051 1177 1150 1221 quae
1170 1161 1324 1206 similia
1352 1179 1439 1207 una
1465 1164 1705 1223 eademque

317 1230 492 1275 fuerant
511 1232 705 1275 vanitate
726 1232 964 1275 iterantur?
987 1232 1085 1276 Noli
1111 1247 1214 1291 ergo
1235 1232 1417 1277 ulterius
1445 1234 1491 1277 in
1519 1234 1599 1278 hac
1631 1249 1700 1290 re,

316 1316 405 1346 non
429 1310 601 1346 tantum
625 1302 879 1356 carnaliter,
905 1317 1058 1346 verum
1073 1303 1201 1347 etiam
1223 1303 1447 1362 pueriliter
1464 1320 1628 1364 sapere,
1654 1314 1705 1349 ut

316 1372 421 1414 tales
453 1372 601 1430 quales
623 1381 744 1416 erant
769 1381 931 1416 vestros
966 1389 988 1416 a
1012 1373 1136 1416 nobis
1173 1374 1330 1433 suscipi
1357 1375 1594 1430 existimes;
1626 1376 1703 1435 qui

317 1442 598 1486 conversione
617 1442 852 1486 voluntatis
872 1442 926 1485 ab
949 1458 1092 1486 errore
1114 1443 1168 1487 ad
1189 1444 1430 1498 veritatem,
1455 1460 1478 1487 a
1494 1444 1704 1490 divisione

317 1510 372 1554 ad
387 1512 617 1566 unitatem,
638 1527 659 1555 a
674 1512 939 1555 dissensione
960 1511 1013 1555 ad
1034 1527 1199 1570 pacem,
1219 1514 1274 1556 ab
1290 1513 1521 1558 inimicitiis
1539 1514 1594 1558 ad
1606 1516 1705 1559 cha-

315 1581 502 1634 ritatem,
521 1581 577 1624 ab
593 1582 785 1625 humana
802 1583 1140 1640 praesumptione
1158 1584 1212 1626 ad
1234 1583 1479 1627 divinarum
1504 1585 1702 1644 Scriptu-

317 1665 462 1693 rarum
486 1651 807 1704 auctoritatem,
835 1667 924 1695 non
942 1661 1041 1695 ante
1061 1653 1276 1711 incipiunt
1302 1670 1391 1698 esse
1411 1655 1547 1699 nostri
1569 1670 1701 1715 quam

317 1735 405 1763 esse
427 1719 672 1764 destiterint
698 1721 844 1764 vestri.
883 1723 987 1764 Haec
1011 1723 1235 1766 conversio
1265 1723 1500 1768 voluntatis
1526 1734 1704 1784 repente

316 1790 517 1843 mutavit,
539 1806 628 1834 non
651 1789 789 1835 solum
817 1791 859 1834 in
880 1790 1041 1835 telonio
1058 1802 1329 1850 peccatorem
1347 1796 1377 1846 ¹,
1403 1809 1553 1837 verum
1573 1795 1701 1838 etiam

317 1860 361 1902 in
385 1875 514 1904 cruce
544 1860 757 1905 latronem
770 1864 802 1915 ²,
827 1861 916 1905 Nisi
939 1871 1062 1919 putas
1085 1862 1204 1921 quod
1222 1863 1418 1907 Christus
1440 1863 1485 1907 in
1504 1864 1702 1923 paradiso

315 1944 461 1972 seeum
490 1944 579 1973 esse
609 1929 814 1974 voluisset
831 1940 1061 1974 cruentum
1086 1930 1431 1992 sceleratumque
1454 1933 1673 1977 hominem
1688 1969 1699 1989 ,

315 1999 349 2042 si
370 2014 457 2043 non
480 1999 620 2043 cordis
644 1999 715 2044 illa
738 2000 961 2044 conversio
993 2001 1203 2046 continuo
1220 2001 1379 2046 taceret
1402 2002 1696 2059 innocentem,

316 2079 364 2113 ut
384 2084 434 2113 eo
456 2069 542 2123 die,
568 2085 617 2113 ex
635 2085 686 2114 eo
711 2069 831 2125 loeo,
854 2086 906 2114 ex
926 2086 977 2115 eo
1005 2070 1124 2129 ligno
1158 2073 1355 2117 transiret
1380 2073 1435 2117 ad
1457 2075 1701 2118 immortale

315 2139 415 2183 fidei
451 2142 697 2199 praemium,
735 2143 779 2185 in
807 2158 896 2200 quo
925 2152 1150 2200 exceperat
1181 2144 1331 2187 mortis
1355 2159 1434 2203 pro
1471 2145 1700 2205 iniquitate

313 2209 593 2267 supplicium.
623 2211 719 2255 Sive
752 2212 864 2254 enim
899 2211 952 2254 ad
975 2212 1138 2254 malum
1173 2213 1262 2255 sive
1296 2214 1350 2256 ad
1380 2214 1543 2257 bonum
1569 2230 1701 2272 parvo

314 2289 536 2322 momento
560 2280 728 2323 animus
750 2288 1059 2334 commutatur,
1092 2280 1168 2324 sed
1195 2297 1279 2325 non
1308 2280 1405 2326 ideo
1425 2297 1607 2341 parvum
1638 2294 1700 2326 est

313 2348 435 2407 quod
460 2359 663 2393 meretur.
693 2353 742 2394 In
765 2350 864 2409 ipsis
886 2350 1183 2409 corporalibus
1206 2361 1248 2395 et
1271 2352 1582 2411 temporalibus
1605 2369 1700 2412 poe-

311 2418 375 2459 nis
392 2427 434 2461 et
452 2418 670 2464 beneficiis
687 2418 765 2464 diu
779 2421 987 2464 nutritam
1004 2421 1248 2479 quamlibet
1264 2431 1436 2465 aetatem
1456 2438 1568 2466 unus
1585 2423 1696 2467 ictus

312 2486 542 2542 interimit,
567 2498 609 2532 et
632 2490 808 2548 triginta
834 2499 878 2534 et
899 2499 997 2536 octo
1027 2506 1241 2536 annorum
1270 2490 1572 2548 aegritudinem
1598 2507 1695 2538 mox

364 2575 370 2590 ¹
393 2570 510 2602 Matth.
527 2583 569 2609 ix,
583 2585 615 2613 9.
635 2590 674 2596 -
690 2581 702 2596 2
727 2576 803 2607 Luc.
825 2574 991 2615 xx11‹‚43.
