1825 3264
345 277 426 316 348
784 284 815 312 s.
854 283 1082 313 Aucusrrm
1118 285 1293 312 Emscori

344 352 482 396 modis
505 364 749 410 possumus,
768 348 983 408 agendum
1008 364 1097 393 esse
1113 350 1374 392 censuimus.
1396 351 1484 394 Nec
1515 367 1535 390 «
1555 357 1721 403 nostro,

342 423 453 466 sicut
472 421 622 465 scribis
641 456 652 475 ,
680 420 813 464 verbo
830 429 874 464 te
895 421 958 464 uti
993 420 1232 474 arbitreris,
1265 419 1387 478 quasi
1407 437 1427 461 «
1453 420 1537 464 hoc
1559 417 1722 462 malum

343 493 434 536 sine
456 491 581 535 venia
615 500 658 534 et
686 491 776 534 sine
810 490 979 534 medico
1001 505 1089 534 esse
1110 489 1334 546 dicamu83
1362 507 1382 530 »
1403 489 1523 549 quod
1549 489 1726 534 omnino

344 577 431 606 non
455 560 637 606 dicimus
663 581 673 616 3
698 561 799 620 quia
821 569 864 604 et
885 561 1051 603 veniam
1086 569 1308 604 merentur
1341 575 1450 619 quos
1475 561 1604 619 hujus
1626 559 1728 604 mali

345 633 614 692 poenituerit,
634 641 676 675 et
689 632 963 690 omnipotens
985 640 1048 674 est
1069 630 1263 675 medicus
1277 631 1353 691 qui
1370 646 1446 690 per
1469 631 1729 689 Prophetam

342 703 447 747 dicit
477 722 485 747 :
525 722 543 743 «
587 702 629 748 Si
653 716 885 746 conversus
912 700 1045 745 fueris
1070 710 1111 745 et
1141 701 1402 760 ingemueris
1420 736 1430 756 ,
1449 709 1555 745 tunc
1587 701 1730 745 salvus

346 793 365 814 »
384 774 464 817 eris
479 777 506 816 ¹.
528 793 545 814 »
563 777 833 832 Quapropter
851 772 930 816 siin
946 771 1134 831 aliquem
1148 771 1258 816 forte
1271 772 1460 816 incidisti
1477 807 1487 826 ,
1503 771 1572 816 vel
1588 772 1730 816 minus

342 845 386 887 in
404 843 470 887 his
489 844 618 887 rebus
635 844 913 896 instructum,
933 842 999 885 vel
1015 843 1157 886 minus
1175 841 1280 901 quid
1297 842 1730 901 loqueretur-,intuen-

343 923 429 957 tem
447 949 458 967 ,
484 915 680 973 quamvis
718 929 807 958 esse
841 913 1160 957 communionis
1191 910 1416 957 catholicae
1442 912 1665 956 videretur
1686 912 1732 954 in

343 985 426 1028 hoc
466 985 543 1028 tibi
577 985 766 1036 diceret,
816 985 906 1042 ipse
938 983 1081 1041 potius
1119 982 1248 1041 hujus
1282 981 1588 1026 inconsiderati
1612 982 1731 1024 verbi

343 1055 513 1097 veniam
556 1063 772 1097 mereatur
797 1073 805 1097 ε
848 1053 957 1096 sicut
986 1061 1033 1095 tu
1063 1052 1139 1111 qui
1170 1067 1270 1095 cum
1295 1052 1348 1096 sis
1378 1060 1465 1095 tam
1496 1051 1733 1095 liberaliter

343 1124 538 1167 eruditus
565 1159 575 1179 ,
618 1134 661 1168 et
695 1125 739 1168 in
779 1132 868 1167 arte
902 1123 1137 1166 verborum
1182 1138 1269 1166 non
1307 1121 1580 1166 mediocriter
1616 1122 1734 1166 doc-

343 1203 437 1248 tus,
465 1196 606 1238 minus
637 1203 780 1238 tamen
813 1194 919 1254 quid
953 1193 1143 1253 loquaris
1183 1192 1436 1247 attendens,
1469 1193 1735 1252 expiandum

342 1280 486 1308 censes
521 1264 639 1324 quod
663 1265 920 1324 inexpiabile
949 1265 1105 1308 dixeris
1130 1286 1140 1320 3
1172 1274 1214 1308 et
1245 1263 1364 1324 quod
1390 1273 1453 1307 est
1483 1273 1734 1308 monstruo-

342 1337 452 1390 sius,
487 1335 587 1380 ideo
621 1335 906 1394 expiandum,
944 1337 1044 1395 quia
1078 1335 1351 1394 inexpiabile.
1374 1337 1468 1379 Non
1498 1344 1561 1378 est
1590 1343 1736 1378 autem

343 1406 606 1450 catholicum
640 1421 710 1449 eos
742 1407 931 1461 hortari,
968 1416 1017 1450 ut
1050 1421 1193 1450 errore
1225 1415 1419 1449 correcto
1456 1404 1562 1448 salvi
1595 1405 1700 1449 fiant
1721 1440 1731 1458 ,

343 1493 451 1537 quos
479 1476 795 1535 inexpiabiliter
828 1487 959 1537 atque
985 1477 1282 1522 insanabiliter
1311 1491 1594 1521 assereremus
1616 1491 1734 1520 erra-

344 1562 402 1589 re.
443 1547 526 1591 Sed
556 1547 654 1590 ideo
684 1546 806 1590 vobis
841 1563 930 1591 non
965 1547 1169 1591 videntur
1193 1546 1414 1600 mundari,
1442 1561 1540 1590 cum
1572 1544 1627 1590 ad
1659 1561 1736 1590 nos

345 1633 367 1659 a
396 1616 518 1660 vobis
549 1626 796 1671 transeunt,
833 1617 934 1676 quia
966 1632 1054 1660 non
1086 1616 1233 1660 denuo
1269 1616 1544 1675 baptizantur
1572 1634 1581 1660 :
1614 1615 1736 1674 quasi

344 1685 435 1730 solo
455 1686 683 1744 baptismo,
711 1701 840 1745 quem
860 1687 995 1745 repeti
1019 1702 1106 1730 non
1125 1695 1313 1745 oportet,
1339 1701 1440 1730 cum
1464 1686 1580 1729 idem
1604 1694 1735 1745 atque

346 1772 459 1800 unus
482 1765 575 1810 est,
611 1757 808 1800 homines
841 1757 894 1800 al)
918 1772 1060 1800 errore
1093 1757 1377 1800 mundentur.
1404 1755 1677 1800 Mundantur
1693 1763 1736 1799 et

345 1828 480 1871 verbo
506 1828 694 1871 veritatis
728 1827 782 1871 ab
815 1827 890 1871 illo
921 1828 996 1887 qui
1032 1828 1089 1871 ait
1120 1847 1127 1872 :
1169 1848 1187 1868 α
1227 1830 1321 1871 Jam
1351 1842 1425 1871 vos
1452 1825 1606 1870 mundi
1637 1827 1735 1871 estis

350 1917 369 1939 »
396 1908 571 1957 propter
588 1899 769 1942 verbum
793 1898 913 1958 quod
936 1897 1107 1943 locutus
1125 1914 1220 1942 sum
1245 1899 1442 1942 vobis².»
1460 1897 1736 1941 Mundantur

347 1978 390 2012 ct
422 1969 631 2013 sacrificio
664 1970 837 2013 contriti
861 1968 1001 2013 cordis
1029 1969 1082 2013 ab
1113 1968 1190 2013 illo
1220 1969 1274 2012 de
1304 1984 1393 2029 quo
1425 1968 1590 2012 dictum
1628 1977 1690 2012 est
1723 1987 1732 2013 z

352 2057 371 2080 «
413 2039 678 2083 Sacrificium
705 2042 792 2083 Deo
819 2040 1001 2098 Spiritus
1022 2038 1343 2083 contribulatus
1360 2073 1371 2092 ,
1397 2049 1472 2082 eor·
1493 2037 1731 2082 contritum

351 2126 370 2148 »
406 2118 448 2152 et
471 2109 745 2152 humiliatum
766 2113 876 2153 Dens
895 2125 982 2152 non
1005 2109 1235 2168 speriiit³.»
1251 2108 1522 2153 Mundantur
1545 2117 1588 2151 et
1618 2107 1733 2151 elee-

348 2180 538 2236 mosynis
550 2181 604 2223 ab
617 2179 691 2224 illo
711 2181 786 2239 qui
810 2181 887 2224 ait:
904 2184 1042 2223 «Date
1060 2180 1396 2236 eleemosynam,
1415 2189 1457 2223 et
1475 2194 1574 2223 ecce
1591 2180 1735 2224 omnia

352 2268 370 2289 n
407 2249 570 2293 munda
594 2259 695 2293 sunt
717 2250 839 2293 vobis
864 2252 894 2292 ⁴.
925 2268 944 2290 »
971 2249 1240 2294 Mundantur
1260 2250 1350 2307 ipsa
1373 2265 1472 2309 quae
1494 2249 1733 2308 superemi-

351 2329 424 2362 net
453 2320 656 2363 omnibus
684 2320 891 2363 charitate
915 2320 968 2362 ab
991 2319 1066 2363 illo
1089 2320 1164 2378 qui
1196 2334 1269 2377 per
1296 2319 1538 2378 apostolum
1559 2322 1736 2363 Petrum

350 2389 456 2432 dixit
486 2408 494 2433 ε
537 2409 556 2430 «
585 2390 781 2433 Charitas
815 2390 1008 2448 cooperit
1044 2388 1369 2432 multitudinem
1407 2398 1685 2447 peccatorum
1723 2407 1732 2433 z

355 2476 374 2498 »
413 2474 512 2517 quae
534 2474 620 2503 una
643 2460 676 2504 si
695 2458 823 2516 adsit,
847 2460 991 2504 omnia
1014 2458 1086 2503 illa
1103 2468 1217 2503 recte
1237 2459 1349 2502 fiunt
1373 2479 1383 2516 3
1405 2459 1439 2503 si
1461 2467 1604 2503 autem
1627 2457 1738 2502 desit

400 2553 408 2569 ¹
436 2549 549 2580 Ezecli.
571 2559 669 2588 xviii,
704 2558 757 2581 αι.
776 2567 816 2572 -
839 2557 850 2572 ²
882 2552 972 2581 Joan.
996 2560 1060 2589 xv,
1091 2547 1205 2581 3.—3
1234 2549 1376 2590 Psal.1.,
1404 2559 1454 2589 ¹9-
1480 2547 1550 2577 -4
1580 2550 1656 2580 Luc.
1688 2559 1735 2588 xi,

354 2602 406 2642 41,
