1825 3264
348 229 428 267 1623
781 237 814 264 ε.
851 234 1080 263 Aucus-nm
1115 236 1295 264 Emscom

344 302 480 364 (quod
513 302 546 345 si
576 315 666 345 non
699 300 790 360 ipse
821 300 1045 355 confinxit,
1078 310 1194 345 certe
1224 300 1445 346 malevolis
1466 301 1733 360 fingentibus

345 372 556 418 malevole
580 370 783 428 credidit)
803 405 813 426 ,
839 386 968 432 quam
994 371 1130 415 multa
1150 371 1232 415 alia
1253 370 1358 415 falsa
1388 380 1730 431 consequenter,

346 460 435 488 non
449 452 690 502 utcumque
712 441 854 486 dicere
874 477 885 497 ,
907 442 980 486 sed
1003 443 1132 486 etiam
1155 442 1341 485 scribere
1363 442 1472 486 mira
1493 443 1735 487 temeritate

346 530 437 560 non
459 514 605 558 timuit
625 532 634 558 :
655 528 755 557 cum
778 527 857 572 ego
879 513 1176 558 Mediolanum
1197 522 1297 557 ante
1313 515 1557 558 Bautonem
1573 528 1735 559 consu-

346 586 433 629 lem
455 584 666 639 venerim,
691 584 817 644 eique
840 583 1007 628 consuli
1033 583 1241 628 Kalendis
1261 585 1475 629 Januariis
1496 583 1674 629 laudem
1690 584 1737 629 in

347 665 470 701 tanto
504 663 724 700 conventu
762 663 1089 715 conspectuque
1125 655 1370 711 hominum,
1406 671 1487 715 pro
1513 670 1610 700 mea
1631 664 1738 700 tunc

347 727 562 772 rhetorica
595 724 861 786 professione
898 725 1182 780 recitaverim,
1224 734 1267 770 et
1299 741 1350 769 ex
1388 725 1462 770 illa
1493 726 1739 786 peregrina-

350 800 469 844 tione
485 800 574 858 jam
597 807 694 858 post
716 798 892 843 Maximi
911 798 1086 855 tyranni
1108 807 1292 843 mortem
1315 797 1507 843 Africam
1532 798 1741 858 repetive-
1808 837 1809 846 ,

350 871 429 915 rim
454 891 464 927 3
483 870 745 914 Manichaeos
767 878 912 913 autem
930 870 1168 914 Messianus
1187 869 1425 928 proconsul
1442 869 1628 913 audierit
1643 877 1741 929 post

349 940 623 986 consulatum
654 941 879 995 Bautonis,
905 940 1015 984 sicut
1039 939 1129 984 dies
1153 941 1384 997 Ges-torum
1407 941 1461 984 ab
1483 939 1611 984 odem
1629 940 1742 984 Pcti-
1806 933 1809 979 Ῐ

350 1012 467 1057 liano
499 1012 682 1055 insertus
710 1009 913 1055 ostendit.
947 1014 1052 1062 Quae
1081 1011 1114 1054 si
1149 1010 1451 1054 dubitantibus
1492 1009 1562 1053 vel
1590 1019 1741 1055 contra

349 1082 630 1128 credentibus
657 1082 843 1140 probare
871 1095 1043 1125 necesse
1062 1090 1171 1124 esset
1191 1115 1201 1134 ‚
1226 1079 1388 1124 multos
1412 1094 1581 1139 possem
1605 1078 1743 1125 claros

347 1154 391 1196 in
411 1151 571 1196 saeculo
589 1152 700 1195 viros
717 1160 845 1195 testes
862 1150 1223 1210 locupletissimos
1246 1150 1454 1195 adhibere
1473 1150 1607 1195 totius
1626 1150 1743 1196 illius

347 1223 556 1282 temporis
578 1221 679 1266 vitae
699 1236 824 1265 meae.

327 1347 330 1350 Α
404 1295 569 1337 XXXI.
599 1292 682 1336 Sed
704 1292 813 1351 quid
840 1292 920 1335 ista
943 1291 1236 1351 requirimus?
1257 1290 1365 1351 quid
1387 1300 1430 1336 et
1458 1291 1650 1350 patimur
1671 1307 1744 1335 su-

351 1364 539 1422 perfluas
560 1377 722 1415 moras,
749 1371 792 1404 et
811 1361 1024 1405 facimus?
1053 1360 1281 1421 Numquid
1303 1363 1405 1406 hinc
1426 1361 1646 1406 inventuri
1669 1377 1744 1406 su-

352 1448 447 1476 mus
463 1467 474 1487 ,
499 1432 618 1475 unde
639 1432 693 1475 sit
724 1432 971 1491 accipientis
994 1431 1213 1476 abluenda
1236 1431 1528 1487 conscientia,
1553 1433 1629 1492 qui
1649 1447 1745 1477 ma-

351 1502 543 1546 culosam
579 1501 721 1545 dantis
749 1503 951 1560 ignorat,
988 1501 1209 1562 fidemque
1243 1502 1362 1546 unde
1399 1502 1630 1561 percipiat,
1668 1503 1745 1562 qui

351 1574 544 1617 nesciens
567 1573 811 1632 baptizatur
833 1589 855 1617 a
878 1573 1046 1632 perfido
1071 1592 1079 1616 z
1105 1572 1225 1634 quod
1260 1573 1342 1617 sibi
1373 1573 1611 1618 Petilianus
1644 1588 1744 1618 cum

352 1660 401 1687 ex
415 1643 609 1702 Epistola
626 1658 722 1687 mea
745 1653 953 1703 tanquam
979 1643 1032 1687 ad
1056 1643 1409 1703 respondendum
1429 1645 1741 1704 proposuisset,

352 1712 570 1773 quidquid
606 1712 746 1758 voluit
780 1712 899 1757 aliud
932 1713 1105 1759 locutus
1128 1723 1192 1758 est
1212 1749 1223 1769 ‚
1254 1729 1387 1773 quam
1409 1714 1453 1758 id
1475 1715 1596 1775 quod
1620 1729 1746 1759 causa

352 1784 592 1843 poscebat?
630 1784 808 1836 Quoties
832 1783 941 1828 dixit
974 1803 983 1828 :
1018 1804 1037 1826 «
1066 1786 1108 1829 Si
1135 1786 1355 1844 ignorares
1395 1804 1404 1830 :
1440 1803 1461 1826 »
1507 1785 1630 1846 quasi
1667 1798 1745 1842 ego

354 1855 557 1909 dixerim,
583 1854 703 1914 quod
725 1870 954 1915 nunquam
978 1855 1090 1910 dixi,
1121 1856 1207 1899 mei
1233 1856 1510 1915 baptizatoris
1529 1871 1599 1900 me
1620 1856 1747 1915 igno-

352 1940 462 1969 rasse
484 1926 808 1970 conscientiam.
833 1928 890 1970 Et
912 1925 1031 1970 aliud
1049 1926 1158 1970 nihil
1180 1928 1313 1986 egisse
1336 1927 1450 1971 visus
1473 1936 1536 1971 est
1557 1942 1631 1971 ore
1654 1941 1746 1970 ma-
1801 1927 1814 1984 ᾖ

352 1995 509 2050 ledico,
536 2011 667 2056 quam
691 2005 742 2040 ut
759 2011 827 2040 me
849 1995 962 2040 mala
980 2012 1132 2041 eorum
1155 1997 1272 2056 apud
1287 2012 1396 2057 quos
1420 1997 1677 2056 baptizatus,
1703 2005 1746 2040 et

352 2082 539 2125 quorum
569 2068 879 2112 communione
897 2068 1082 2112 sociatus
1100 2083 1196 2112 sum
1212 2104 1222 2123 ‚
1259 2084 1348 2113 non
1370 2069 1588 2127 ignorasse
1603 2102 1614 2122 ,
1639 2082 1746 2112 con-

352 2137 523 2180 vincere
545 2138 766 2182 videretur
791 2158 800 2183 ;
832 2139 931 2182 satis
953 2140 1106 2198 utique
1138 2139 1381 2197 intelligens
1407 2140 1510 2199 quia
1541 2139 1746 2198 ignoran-
1779 2146 1783 2150 '

354 2208 409 2251 tia
432 2223 500 2250 me
522 2223 611 2251 non
639 2208 800 2253 faceret
828 2224 966 2253 reum.
1004 2212 1117 2254 Ecce
1143 2224 1244 2267 ergo
1267 2210 1299 2253 si
1333 2210 1577 2268 ignorarem
1598 2244 1608 2262 ‚
1634 2210 1746 2253 sicut

348 2278 475 2322 toties
501 2279 728 2337 repetivit,
769 2279 921 2338 procul
943 2279 1080 2324 dubio
1108 2281 1163 2324 ab
1187 2281 1245 2324 eis
1278 2280 1484 2325 omnibus
1516 2278 1639 2324 malis
1675 2280 1745 2323 in-

353 2364 513 2392 nocens
547 2364 698 2393 esscm.
750 2348 875 2394 Unde
918 2365 1019 2408 ergo
1053 2349 1283 2405 abluerer,
1323 2351 1399 2409 qui
1434 2350 1744 2394 conscientiam

353 2435 441 2462 non
469 2429 614 2464 sancte
648 2420 789 2464 dantis
810 2421 1013 2479 ignorans
1035 2421 1289 2465 criminibus
1315 2422 1406 2480 ejus
1429 2419 1630 2479 impediri
1663 2420 1746 2463 mi-

353 2489 470 2531 nime
492 2492 700 2547 possem?
739 2490 862 2534 Unde
900 2491 1166 2550 perciperem
1188 2490 1323 2535 fidem
1344 2526 1354 2545 ‚
1392 2490 1469 2550 qui
1501 2491 1692 2534 nesciens
1722 2505 1745 2534 a

357 2558 523 2616 perfido
557 2559 826 2618 baptizarer?
848 2562 946 2608 Non
967 2561 1080 2610 enim
1102 2560 1261 2606 frustra
1283 2595 1294 2615 ‚
1339 2578 1359 2603 «
1387 2560 1428 2606 Si
1446 2560 1663 2619 ignorares
1680 2594 1692 2613 ‚
1719 2575 1740 2600 »

1807 89 1825 158 1:ss
1807 0 1825 53 22:21

1797 2487 1825 2633 {²1

1796 2626 1801 2665 l
1819 2639 1825 2649 η
