1825 3264
282 292 444 319 CONTRA
476 291 740 318 anscomrM
775 289 1061 327 DONATrsTAM,
1099 291 1179 316 Lm.
1218 291 1282 316 111.
1390 277 1474 317 393

90 360 164 419 qui
195 359 284 418 ejus
303 357 518 416 baptismo
541 356 832 400 sanctificatur
850 391 861 409 ,
885 356 1117 415 cujuslibet
1139 355 1323 399 ministri
1345 369 1476 414 opere

89 428 346 488 baptizetur.
372 427 461 472 Nisi
483 426 594 471 forte
615 426 670 471 ad
696 425 923 471 consilium
962 436 1086 470 tuum
1112 442 1364 470 recursurus
1394 435 1473 480 est,

87 498 265 559 quando
282 498 514 542 incurrerit
534 498 579 541 in
603 497 785 541 ministri
815 497 1122 541 conscientiam
1148 497 1412 542 maculosam
1436 505 1479 540 et

88 568 303 614 occultam
320 603 331 622 ,
353 577 402 612 ut
423 568 461 611 ei
483 566 537 611 de
557 583 642 627 qua
666 576 867 612 nascatur
900 567 1096 611 arborem
1122 567 1323 612 ostendas
1339 602 1349 621 ,
1371 566 1479 611 falso

86 642 246 685 bonam
269 641 369 684 mali
393 640 580 684 hominis
605 639 765 684 famam
789 659 798 684 ;
822 640 946 699 cujus
967 638 1155 683 radicem
1178 640 1213 684 si
1235 639 1475 699 quaesieris,

85 712 276 757 invenies
306 711 494 755 fallentis
511 712 712 755 astutiam
740 732 750 768 3
777 710 832 755 de
853 726 938 770 qua
962 711 995 754 si
1019 719 1160 769 potest
1176 710 1291 754 nasci
1308 709 1477 754 fructus

85 784 248 837 bonus,
273 782 394 841 quod
412 782 549 836 absit,
571 783 778 826 mentitus
797 792 861 826 est
879 782 1180 842 Christus,qui
1203 781 1310 826 dixit
1332 783 1478 826 :«Non

87 871 107 895 »
134 862 277 912 potest
300 853 430 898 arbor
462 853 575 897 mala
603 852 772 897 fructus
802 854 941 897 bonos
972 853 1113 896 facere
1149 855 1179 894 ¹.
1216 870 1235 893 »
1273 853 1355 896 Sed
1378 852 1479 911 quia

83 938 234 968 verum
259 923 368 968 dixit
389 924 604 979 Christus,
625 923 784 967 habeat
806 924 938 967 homo
961 922 1102 966 bonus
1131 931 1340 982 tanquam
1366 923 1479 966 bona

84 995 214 1039 arbor
235 995 400 1039 bonum
425 994 642 1049 fructum,
680 1010 788 1054 opus
812 995 976 1039 bonum
1005 1015 1016 1051 3
1043 994 1155 1038 sicut
1178 994 1311 1037 homo
1341 993 1480 1037 malus

82 1075 292 1125 tanquam
319 1064 432 1109 mala
455 1066 582 1110 arbor
599 1065 764 1110 malum
794 1064 988 1110 fructum
1009 1100 1020 1119 ,
1042 1079 1151 1123 opus
1173 1064 1337 1108 malum
1368 1083 1376 1108 :
1404 1065 1480 1124 qui

82 1146 228 1181 autem
259 1138 532 1196 baptizatur,
573 1153 662 1182 non
694 1136 748 1180 de
784 1138 1040 1197 cujusquam
1071 1136 1286 1190 hominis,
1322 1135 1397 1179 sed
1425 1134 1480 1179 de

84 1208 246 1266 Spiritu
264 1208 423 1253 Christi
442 1217 659 1261 nascatur,
680 1208 714 1251 si
735 1207 830 1252 vult
845 1223 934 1251 esse
958 1207 1126 1251 fructus
1145 1207 1219 1266 qui
1243 1216 1376 1250 vento
1391 1221 1480 1250 non

82 1287 388 1338 corrumpatur
404 1313 414 1333 ‚
436 1288 479 1322 et
502 1278 631 1323 arbor
649 1295 748 1339 quae
770 1295 859 1323 non
881 1278 1138 1322 eradicetur.
1161 1280 1268 1331 Quae
1299 1293 1398 1321 curn
1424 1279 1480 1321 tai

83 1350 196 1403 sint,
234 1364 335 1393 cum
365 1358 413 1392 tu
443 1348 600 1392 dixeris
638 1369 646 1393 :
677 1368 695 1390 «
728 1351 844 1407 Ergo
874 1350 1070 1408 sequitur
1097 1358 1146 1392 ut
1174 1348 1317 1393 omnia
1340 1364 1478 1407 quaea

84 1429 234 1464 sancto
257 1418 468 1464 Petiliano
488 1422 503 1476 (
526 1434 601 1463 seu
627 1419 859 1479 cujuslibet
883 1434 1023 1462 sermo
1045 1428 1108 1462 est
1131 1421 1146 1475 )
1168 1419 1323 1476 scripta
1350 1427 1477 1472 sunt,
1502 1477 1505 1480 Δ

82 1499 198 1534 recte
221 1490 335 1534 dicta
359 1490 619 1535 concludam
647 1507 657 1533 .·
684 1509 701 1530 »
721 1499 828 1549 puto
851 1490 952 1550 quia
976 1504 1057 1548 ego
1079 1490 1223 1548 potius
1246 1487 1318 1532 illa
1336 1489 1479 1533 omnia

82 1575 171 1605 non
194 1571 310 1605 recte
331 1560 446 1605 dicta
469 1560 702 1605 concludo.

142 1633 237 1674 XV.
281 1634 378 1675 Jam
401 1646 519 1675 nunc
549 1631 773 1674 videamus
791 1630 911 1690 quod
934 1629 1093 1673 deinde
1117 1630 1160 1673 in
1183 1629 1375 1689 Epistola
1406 1639 1479 1672 tua

82 1702 365 1756 contexuisti,
391 1701 616 1762 quomodo
638 1712 680 1746 te
701 1703 850 1760 Optati
875 1716 1047 1746 causam
1071 1711 1114 1745 et
1135 1701 1479 1745 Maximianista—

82 1787 195 1826 rum,
221 1772 329 1831 quin
352 1772 440 1816 imo
455 1807 466 1827 ,
491 1781 540 1816 ut
553 1773 628 1816 abs
649 1781 690 1816 tc
708 1771 879 1817 doctior
895 1773 1018 1826 fiam,
1044 1771 1447 1816 Maximianensium
1467 1804 1476 1823 ,

81 1841 210 1886 vestri
233 1841 495 1886 docuerunt.
514 1844 571 1886 Et
589 1842 642 1886 de
660 1843 822 1901 Optato
836 1843 1033 1902 quidem,
1048 1842 1102 1885 de
1115 1857 1203 1901 quo
1228 1841 1336 1884 nihil
1353 1855 1479 1884 cons—

86 1913 277 1970 criptum
308 1912 432 1956 valeo
461 1913 640 1956 recitare
663 1947 674 1966 ,
707 1911 936 1971 quodlibet
964 1913 1148 1964 sentias,
1187 1910 1313 1954 facile
1352 1911 1475 1953 cedo.

84 1984 227 2026 Unum
248 1982 357 2025 illud
379 1985 465 2026 scio
488 2001 497 2026 ε
523 1983 556 2025 si
579 1998 677 2026 vera
701 1993 800 2026 sunt
829 1998 929 2041 quae
952 1982 1006 2025 de
1029 1981 1104 2025 illo
1120 2016 1130 2036 ,
1155 1990 1203 2024 ut
1226 1996 1313 2024 non
1337 1981 1478 2024 dicam

83 2052 411 2106 ostendebatur,
424 2062 540 2097 certe
556 2062 702 2096 tamen
723 2052 998 2105 dicebantur,
1012 2067 1091 2095 nec
1104 2052 1194 2110 ipse
1209 2060 1299 2094 crat
1318 2050 1475 2103 honus,

82 2138 162 2167 nec
197 2123 355 2168 famam
381 2125 572 2168 habebat
597 2125 756 2168 bonam
782 2145 792 2180 ς
821 2123 936 2167 undc
970 2124 1239 2183 quicumque
1277 2137 1353 2181 per
1377 2136 1474 2164 eum

84 2194 291 2253 baptizati
331 2205 457 2249 sunt,
497 2211 576 2239 nec
606 2195 868 2239 conscicntia
902 2197 994 2255 ejus
1025 2194 1263 2238 secundum
1299 2192 1480 2236 Petilia-

83 2279 216 2318 num,
245 2280 323 2308 nec
354 2265 468 2309 fama
503 2267 594 2325 ejus
617 2265 857 2310 secundum
889 2274 929 2309 te
950 2300 960 2319 ,
994 2265 1112 2308 ablui
1141 2273 1380 2323 potuerunt
1410 2282 1417 2306 :
1445 2263 1476 2306 si

84 2344 231 2378 autem
265 2334 369 2379 falsa
394 2335 505 2379 mala
534 2337 653 2396 ejus,
687 2337 798 2381 sicut
833 2352 944 2396 saepe
974 2336 1153 2390 assolet,
1187 2335 1331 2378 invida
1363 2335 1478 2378 fama

77 2406 258 2464 jactavit
292 2406 431 2462 ,vide
463 2423 594 2466 quam
635 2418 750 2451 recte
786 2423 874 2451 non
908 2407 1034 2451 facile
1073 2408 1328 2458 credamus,
1358 2405 1477 2464 quod

84 2490 312 2534 nunquam
350 2477 475 2520 nobis
510 2477 564 2521 de
600 2477 882 2521 traditoribus
915 2492 1024 2536 quos
1054 2476 1261 2520 accusatis
1295 2476 1478 2534 probare¹

85 2545 320 2618 potuistis‘:
342 2547 445 2605 quia
476 2546 583 2593 solet
613 2549 742 2591 etiam
772 2547 826 2591 de
851 2547 973 2591 bonis
1003 2547 1115 2591 mala
1150 2546 1262 2591 fama
1287 2546 1473 2589 mentiri.

135 2625 141 2640 ¹
166 2619 277 2652 Matth.
303 2631 359 2657 vn,
386 2622 432 2653 18.
