1825 3264
354 230 438 267 356
774 234 808 261 s.
846 233 894 261 At
904 235 1075 262 cesum
1110 235 1288 261 EPlscom

350 304 447 349 dico
461 302 605 347 videre
621 300 813 355 noluisti,
839 300 940 360 quia
965 315 1136 360 prorsus
1158 315 1246 344 non
1268 301 1444 358 attigisti
1466 304 1473 327 ¹
1493 301 1590 357 ,sed
1613 310 1734 347 tanto

348 374 556 419 attentius
584 372 840 431 acutiusque
868 370 1042 426 vidisti,
1074 380 1238 430 quanto
1267 371 1400 430 magis
1433 373 1643 430 attingere
1676 372 1734 417 ti-

350 444 509 488 muisti.
534 443 575 487 Si
597 442 713 486 enim
735 442 818 487 hoc
835 441 992 496 dicitis,
1013 442 1133 502 quod
1155 457 1256 485 cum
1278 452 1447 486 sanctus
1469 442 1600 487 homo
1623 443 1733 502 bap-

346 515 448 558 tizat
467 548 478 569 ,
504 523 652 558 sancta
675 514 766 573 ejus
794 513 1056 556 conscientia
1093 511 1224 555 diluit
1247 511 1494 570 accipientis
1511 513 1734 557 conscien-

346 585 450 629 tiam
468 605 479 642 3
499 599 599 629 cum
622 598 725 628 vero
745 583 1009 628 conscientia
1030 582 1172 625 dantis
1195 580 1382 626 latenter
1401 582 1626 627 immunda
1644 593 1730 639 est,

344 664 450 700 tunc
474 658 586 699 Deus
610 653 855 713 Angelusve
881 652 1020 696 abluit
1042 672 1050 696 :
1071 661 1219 696 cavete
1242 667 1296 696 ne
1319 653 1394 712 qui
1409 653 1530 697 vobis
1549 654 1642 698 haec
1664 652 1734 697 di-

344 726 592 771 dicentibus
613 724 816 779 credunt,
835 723 1029 768 occultos
1050 724 1185 768 malos
1204 733 1357 782 optent
1375 725 1569 769 invenire
1591 741 1614 768 a
1637 725 1735 784 qui-

343 798 424 842 bus
442 798 734 856 baptizentur,
750 804 801 839 ut
817 795 956 839 multo
973 795 1160 839 sanctius
1182 795 1236 838 ab
1260 796 1352 854 ipso
1371 798 1459 839 Deo
1475 794 1544 838 vel
1565 794 1734 853 Angelo

340 870 431 928 ejus
466 868 717 912 abluantur.
745 870 867 911 Hanc
902 865 1214 910 absurditatem
1243 866 1308 909 vel
1346 865 1630 909 deridendam
1666 865 1733 910 vel

342 938 643 982 detestandam
664 953 764 982 cum
791 936 933 981 verbis
960 936 1308 995 praecedentibus
1337 935 1534 980 Petiliani
1567 936 1734 995 perspi-

342 1024 459 1053 ceres
489 1017 805 1067 consequenter
834 1017 877 1050 et
904 1024 927 1050 a
956 1022 1025 1050 me
1052 1007 1097 1049 in
1126 1005 1319 1064 Epistola
1347 1020 1442 1049 mea
1471 1021 1734 1051 commemo-

341 1088 495 1133 ratam,
515 1090 642 1123 caute
672 1088 721 1122 tu
747 1077 924 1138 quidem
948 1078 1071 1137 quasi
1094 1077 1201 1120 nihil
1222 1077 1378 1121 horum
1405 1076 1588 1121 dixerim
1605 1113 1616 1132 ,
1642 1093 1732 1122 rem

341 1158 507 1194 tantam
541 1149 752 1193 silendam
776 1149 937 1207 putasti
962 1168 973 1205 3
997 1148 1072 1191 sed
1105 1146 1339 1206 confugisti
1371 1147 1425 1191 ad
1455 1149 1597 1193 nescio
1625 1147 1732 1208 quid

340 1218 585 1274 absurdius,
604 1228 653 1263 ut
667 1234 766 1263 cum
782 1217 999 1262 maculosa
1018 1218 1277 1262 conscientia
1291 1219 1433 1263 dantis
1448 1218 1621 1263 occulta
1639 1227 1728 1273 est,

339 1299 383 1334 et
403 1289 501 1334 ideo
523 1305 612 1334 non
651 1298 788 1348 ¹ootest
820 1288 1066 1348 accipientis
1100 1288 1279 1333 abluere
1299 1324 1310 1343 ,
1348 1298 1454 1334 tunc
1484 1288 1590 1333 salsa
1615 1289 1732 1333 tama

337 1360 430 1418 ejus
457 1360 671 1418 accipiens
701 1359 906 1403 abluatur
927 1393 938 1413 ,
964 1367 1006 1402 et
1029 1359 1075 1402 in
1097 1373 1148 1403 eo
1182 1361 1407 1404 veritatem
1432 1358 1595 1404 salsitas
1623 1374 1729 1419 ope-

340 1438 474 1472 retur.

397 1502 566 1543 XXIII.
608 1501 733 1545 Nunc
754 1500 784 1554 i,
810 1509 853 1543 ct
888 1514 1039 1543 accusa
1068 1499 1334 1544 calumniose
1358 1518 1378 1542 «
1403 1499 1650 1545 dialecticos
1666 1535 1677 1555 ,
1707 1518 1726 1541 »

338 1571 460 1629 quod
493 1589 512 1612 «
534 1569 745 1628 fugienda
767 1570 953 1614 versutia
981 1570 1190 1615 sermonis
1215 1571 1426 1624 efficiant,
1447 1580 1497 1616 ut
1518 1572 1551 1615 si
1573 1569 1731 1614 falsum

339 1651 417 1696 cst,
434 1658 585 1686 verum
607 1643 687 1697 sit3
711 1642 745 1685 si
768 1657 919 1685 verum
935 1651 1013 1695 est,
1040 1641 1194 1686 falsum
1214 1643 1312 1686 sit.»
1330 1645 1442 1686 Ecce
1466 1642 1550 1686 tale
1565 1641 1730 1702 aliquid

339 1712 429 1771 ipse
461 1713 504 1755 in
538 1720 805 1756 sacramenta
840 1713 1085 1755 christianae
1123 1713 1459 1771 regenerationis
1496 1713 1692 1757 immittis
1714 1747 1725 1767 ‚

336 1783 425 1827 imo
447 1784 568 1842 pejus
587 1783 807 1842 magisque
823 1782 1094 1842 fugiendum.
1110 1783 1178 1826 llli
1192 1784 1306 1827 enim
1323 1783 1467 1827 nonin
1479 1798 1555 1827 sua
1573 1782 1727 1827 fraude

338 1870 418 1898 nec
440 1854 485 1897 in
508 1869 652 1898 rerum
673 1854 855 1898 veritate
876 1889 887 1908 ,
911 1854 985 1897 sed
1007 1853 1051 1897 in
1076 1854 1359 1913 perplexitate
1387 1854 1620 1898 locutionis
1644 1855 1729 1898 hu-

336 1940 477 1969 manae
499 1925 698 1985 quaedam
725 1926 855 1969 verba
885 1926 1039 1970 dicunt
1068 1935 1172 1970 tunc
1209 1925 1342 1970 videri
1367 1941 1465 1970 vera
1494 1941 1593 1969 cum
1621 1925 1727 1969 falsa

336 2006 454 2051 sunt,
472 2007 577 2040 tunc
589 1995 692 2040 falsa
711 2011 812 2040 cum
828 2011 930 2040 vera
943 2005 1067 2053 sunt3
1083 2012 1183 2056 quae
1201 2012 1299 2040 cum
1319 1997 1364 2039 in
1387 1995 1725 2055 disputationem

337 2066 567 2110 inciderint
582 2101 593 2121 ,
619 2066 761 2110 animo
784 2066 968 2110 discerni
998 2087 1009 2123 3
1033 2067 1199 2111 etiamsi
1220 2065 1395 2110 dissolvi
1416 2081 1613 2110 sermone
1636 2081 1726 2109 non

337 2146 533 2196 possunt.
567 2140 632 2181 Tu
652 2152 756 2181 vero
777 2152 863 2181 non
887 2137 1069 2180 verbum
1089 2136 1335 2197 quodlibet,
1361 2151 1440 2179 nec
1462 2151 1551 2179 rem
1571 2150 1726 2195 quam-

336 2206 459 2261 libet,
486 2205 562 2250 sed
580 2207 717 2265 ipsam
739 2222 826 2266 qua
848 2207 894 2250 in
914 2216 1121 2250 aeternam
1143 2207 1273 2250 vitam
1298 2205 1723 2260 renascimur,mun-

336 2276 559 2322 dationem
579 2277 855 2321 conscientiae
869 2292 1013 2321 veram
1030 2277 1121 2320 fieri
1142 2292 1263 2335 posse
1276 2277 1381 2320 dicis
1402 2277 1446 2319 in
1458 2276 1633 2320 bomine
1649 2292 1724 2335 per

336 2346 495 2392 famam
513 2346 663 2391 falsam
681 2347 832 2391 alienae
842 2347 1131 2391 conscientiae.
1150 2349 1202 2391 Et
1223 2362 1277 2390 nc
1293 2346 1371 2390 tibi
1387 2347 1469 2389 hoc
1489 2346 1719 2401 tribuatur,

336 2420 438 2477 quia
461 2419 729 2463 dialecticam
753 2418 938 2462 didicisti
959 2454 968 2472 ,
994 2428 1234 2462 vestrorum
1259 2418 1363 2461 dicis
1383 2418 1495 2461 banc
1519 2433 1607 2461 esse
1628 2433 1722 2461 sen-

340 2490 531 2543 tentiam,
557 2489 716 2548 quibus
734 2504 820 2532 non
841 2499 888 2533 ut
912 2488 1177 2543 dialecticus,
1196 2488 1267 2532 scd
1289 2488 1414 2547 plane
1432 2499 1479 2532 ut
1494 2489 1719 2532 haereticus

387 2577 392 2591 ¹
421 2572 498 2603 Vide
515 2577 626 2604 contra
643 2572 784 2605 Petitim.
807 2573 862 2604 lib.
883 2585 903 2612 ι,
923 2583 994 2614 cap.
1015 2574 1048 2603 (j.
