1825 3264
284 329 447 358 CONTRA
478 330 740 358 anSCONJtJM
775 329 1061 369 DONATts'rAM,
1098 332 1178 358 Lin.
1219 330 1274 357 iv.
1402 320 1478 359 501

105 393 286 439 traditor
309 395 565 454 appellatur.
588 395 925 440 Communicant
951 395 1074 440 altari
1103 395 1378 440 damnatores
1400 398 1484 440 Pri-

103 466 235 509 miani
250 481 348 511 cum
368 466 628 511 Maximiano
649 467 839 512 veritatis
862 466 1059 512 adultero
1077 502 1088 522 ,
1115 466 1316 511 Ecclesiae
1339 468 1486 512 matris

103 536 292 592 inimico,
315 538 482 591 Dathae,
504 538 647 582 Chore
671 538 709 591 ³,
735 546 778 582 et
801 537 965 582 Abiron
986 537 1181 582 ministro
1198 572 1209 591 ,
1230 547 1273 582 et
1290 553 1367 597 per
1387 547 1486 583 octo

101 621 269 652 menses
285 608 538 652 innocentes
552 607 857 668 impollutique
870 610 1124 667 persistunt.
1148 608 1336 654 Proinde
1360 611 1392 652 si
1413 610 1490 669 qui

103 691 152 720 cx
185 677 250 722 his
275 693 391 723 nono
414 678 712 722 Kalendarum
731 679 924 723 Januarii
948 694 992 723 se
1014 688 1166 723 vestrae
1197 679 1495 724 communioni

104 747 409 803 reddiderunt,
430 748 485 793 de
506 750 803 794 innocentium
820 750 918 794 estis
941 750 1082 794 reditu
1101 750 1320 809 gratulati,
1346 765 1498 794 eorum

102 818 402 878 scilicet,quos
416 818 608 876 sacrilegi
630 820 792 864 surculi
807 835 896 864 non
920 819 1118 879 polluere
1139 820 1494 880 plantariaQuid

100 904 174 934 vos
197 899 537 949 promeruerunt
566 899 631 934 tot
666 890 757 934 dies
785 899 884 935 octo
906 891 1119 934 mensium
1141 925 1151 944 ,
1187 907 1206 933 a
1239 890 1309 934 die
1339 900 1494 935 octavo

99 959 396 1005 Kalendarum
419 961 630 1006 Maiarum
654 977 791 1021 usque
813 961 868 1005 ad
891 960 1006 1006 diem
1030 971 1234 1006 octavum
1269 959 1492 1004 Kalenda-

99 1047 196 1076 rum
218 1033 428 1088 Januarii,
445 1049 555 1093 quos
572 1033 630 1077 ita
649 1033 964 1087 sanctificastis,
983 1042 1032 1077 ut
1049 1048 1126 1091 per
1140 1047 1211 1076 eos
1224 1032 1494 1091 quicumque

99 1103 397 1148 communioni
421 1102 615 1162 sacrilegi
637 1112 768 1162 atque
796 1103 991 1146 damnati
1019 1101 1267 1147 Maximiani
1294 1102 1491 1146 cohaere-

99 1182 226 1226 rent,
262 1188 350 1218 non
383 1173 684 1233 polluerentur
703 1208 714 1228 ,
746 1188 826 1218 nee
857 1174 1134 1217 efficerentur
1163 1181 1368 1216 nocentes
1399 1174 1417 1214 *ἲ
1442 1174 1499 1217 Et

99 1243 206 1304 quid
223 1259 299 1289 vos
326 1244 513 1289 offendit
540 1253 627 1289 tam
657 1252 829 1289 sanctus
862 1244 954 1288 dies
981 1243 1135 1288 natalis
1168 1244 1301 1302 ipsius
1327 1243 1499 1287 Domini

98 1315 250 1370 nostri,
276 1324 325 1359 ut
340 1315 456 1360 solus
480 1314 672 1359 adventu
689 1324 732 1359 et
755 1315 939 1360 transitu
954 1330 1033 1359 suo
1046 1313 1263 1374 pollueret
1286 1314 1490 1357 innocen-

99 1394 183 1442 tes,
214 1394 344 1446 atque
367 1387 412 1429 in
435 1386 493 1429 eis
515 1385 591 1445 qui
613 1386 658 1429 in
683 1384 758 1430 illo
780 1386 1008 1430 schismate
1029 1385 1385 1444 baptizaverunt,
1415 1398 1492 1442 per

97 1471 246 1500 omnes
268 1456 365 1501 illos
402 1457 492 1500 dies
525 1465 697 1501 san-ctus
718 1466 913 1500 maneret
946 1456 1186 1515 baptismus
1225 1454 1408 1508 Christi,
1447 1462 1489 1496 et

95 1526 347 1572 immundus
369 1527 491 1571 fieret
509 1542 585 1586 per
608 1527 798 1571 natalem
821 1527 982 1571 Christi
1003 1528 1020 1567 ἱ)

152 1600 285 1642 XLV.
323 1597 439 1652 Quid
461 1614 550 1643 non
565 1599 724 1642 audeat
739 1599 933 1642 humana
955 1596 1186 1650 temeritas,
1209 1610 1309 1639 cum
1331 1596 1378 1638 in
1396 1607 1495 1638 sen-

98 1669 276 1712 tentiam
313 1668 493 1713 nefandi
526 1669 823 1729 praecipitatur
858 1668 1035 1722 erroris,
1077 1680 1208 1725 quem
1243 1663 1491 1723 relinquere

94 1748 272 1797 propter
290 1740 526 1783 vanitatem
552 1739 705 1798 pudet,
738 1748 782 1783 et
809 1737 1045 1781 defendere
1073 1746 1224 1780 contra
1263 1734 1491 1778 veritatem

94 1823 183 1853 non
211 1809 378 1869 pudet?
412 1809 496 1854 Sed
535 1809 644 1869 quid
672 1809 774 1852 hinc
797 1808 921 1867 plura
938 1842 948 1862 ,
975 1807 1052 1850 ubi
1080 1805 1266 1865 quilibet
1295 1804 1492 1848 obstina-

94 1879 302 1934 tissimus,
337 1881 413 1940 qui
441 1889 592 1924 contra
623 1893 772 1923 omnes
797 1892 923 1922 voces
946 1876 1122 1920 rationis
1152 1873 1384 1927 obduruit,
1412 1888 1490 1916 ne-

92 1965 207 1994 cesse
229 1959 292 1994 est
315 1950 517 2004 fateatur,
538 1949 592 1993 de
611 1949 771 2008 quibus
789 1948 965 2002 dicitur,
991 1966 1010 1988 «
1035 1946 1076 1991 Si
1100 1961 1144 1989 se
1159 1945 1366 1990 Ecclesiae
1389 1944 1489 1988 red-

93 2019 317 2075 didissent,
356 2030 398 2064 et
435 2028 534 2064 ante
577 2019 692 2064 diem
731 2020 1023 2078 praestitutum
1055 2017 1239 2060 restituti
1271 2024 1438 2071 essent,
1467 2033 1487 2055 »

92 2107 192 2151 quae
218 2092 349 2135 verba
379 2092 469 2149 ipse
492 2090 671 2150 posuisti
705 2109 712 2133 ;
740 2105 811 2133 eos
833 2089 1024 2148 denique
1047 2087 1101 2131 de
1123 2087 1285 2146 quibus
1309 2085 1485 2139 dicitur,

96 2181 116 2204 «
141 2161 208 2206 Ad
237 2171 417 2206 matrem
441 2161 678 2206 Ecclesiam
702 2160 841 2204 redire
863 2159 1150 2218 permisimus.
1186 2160 1247 2200 De
1277 2157 1481 2200 innocen-

90 2232 199 2277 tium
233 2231 375 2276 reditu
411 2232 695 2291 gratulamur.
734 2235 793 2274 Ac
829 2245 882 2273 ne
919 2238 1152 2288 angustum
1199 2226 1485 2270 redeuntibus

94 2311 264 2361 tempus
285 2318 404 2361 spem
425 2302 573 2346 salutis
591 2310 765 2345 arctatae
783 2300 868 2344 diei
886 2315 1081 2359 pressura
1099 2296 1332 2351 subducat,
1352 2311 1491 2355 usque

91 2372 137 2415 in
159 2371 284 2416 illum
301 2372 418 2416 diem
440 2372 672 2430 agnitionis
694 2369 926 2430 pandimus
945 2372 1142 2429 januam,
1171 2376 1219 2411 ut
1236 2367 1391 2425 integri
1410 2366 1486 2410 ho-

91 2443 206 2486 noris
228 2457 277 2486 ac
304 2441 407 2486 fidei
430 2442 607 2501 regressi
629 2441 818 2485 habeant
847 2440 1161 2495 fundamenta,
1199 2452 1330 2497 quam
1363 2436 1486 2496 quis-

90 2526 223 2571 quam
259 2513 294 2556 si
323 2511 492 2570 ingredi
523 2511 769 2571 nequiverit
800 2511 920 2569 pigra
948 2509 1145 2568 segnitia,
1178 2507 1284 2552 sciat
1318 2506 1398 2551 sibi
1429 2506 1485 2550 ad

90 2597 240 2628 omnes
261 2582 449 2628 veniales
469 2582 610 2628 aditus
632 2583 748 2627 viam
765 2596 856 2627 esse
877 2581 1154 2626 subductam.
1175 2581 1232 2624 Et
1253 2586 1350 2637 post
1371 2591 1485 2636 prae-

141 2674 149 2688 ¹
169 2668 263 2700 Num.
285 2676 349 2708 xvi,
376 2677 402 2698 ι.
