1825 3264
342 263 424 299 372
775 275 807 297 s.
843 268 1074 298 AUGUSTINI
1107 270 1287 297 EPlscol‘l

339 335 492 380 litteris
510 334 608 389 tuis,
633 333 795 392 quibus
812 334 872 378 eis
891 333 1103 393 placuisse
1129 343 1414 389 monstrares,
1440 334 1722 394 baptizandos

338 419 410 448 eos
439 417 527 446 esse
549 404 591 445 in
617 401 809 447 Ecclesia
836 404 1070 457 catholica,
1109 405 1186 463 qui
1213 403 1378 448 fuerint
1405 405 1450 447 in
1477 405 1627 449 haeresi
1652 405 1721 449 vel

336 472 563 517 schismate
584 473 806 532 baptizati.
826 476 920 533 Ego
935 474 1065 533 hujus
1080 472 1273 532 epistolae
1285 474 1541 518 auctoritate
1555 491 1643 519 non
1659 485 1721 519 te·

337 558 442 588 neor
461 564 472 601 3
497 543 599 603 quia
621 542 784 588 litteras
806 544 1013 604 Cypriani
1035 559 1124 588 non
1147 553 1196 587 ut
1217 545 1444 588 canonicas
1465 545 1621 599 habeo,
1646 545 1722 590 sed

336 629 406 658 eas
421 629 473 657 ex
487 614 705 658 canonicis
724 614 968 668 considero,
990 623 1032 658 et
1045 614 1165 674 quod
1182 614 1227 657 in
1242 614 1301 657 eis
1318 614 1564 658 divinarum
1584 616 1723 675 Scrip-
1788 659 1791 671 ,

336 693 536 728 turarum
570 685 817 729 auctoritati
850 686 1076 743 congruit,
1115 699 1213 729 eum
1242 684 1373 728 laude
1405 690 1496 741 eJ'us
1528 687 1719 745 accipioz,
1788 673 1792 687 ’

335 756 458 815 quod
479 765 626 800 autem
653 772 743 800 non
761 757 979 815 congruit,
1004 771 1104 800 cum
1127 770 1232 815 pace
1253 757 1344 815 ejus
1366 771 1537 815 respuo.
1563 761 1625 801 Ac
1647 772 1723 816 per

334 826 450 881 hoc,
497 827 531 870 si
558 842 607 870 ea
633 842 731 886 quae
762 826 1106 871 commemorasti
1142 827 1196 869 ab
1239 825 1313 870 illo
1359 827 1415 870 ad
1452 827 1720 872 Juba'i'anum

336 898 521 956 scripta,
574 897 629 940 de
671 897 818 957 aliquo
867 897 981 940 libro
1021 895 1329 956 Apostolorum
1373 897 1442 941 vel
1489 897 1721 955 Propheta-

335 983 431 1012 rum
485 969 696 1012 canonico
739 969 938 1012 recitares
959 1003 969 1023 ,
1012 969 1117 1027 quid
1163 968 1341 1011 omnino
1383 968 1724 1012 contradicerem

334 1055 425 1083 non
458 1040 680 1082 haberem.
709 1042 836 1083 Nunc
863 1054 966 1083 vero
1000 1040 1207 1098 quoniam
1243 1039 1502 1083 canonicum
1540 1054 1628 1083 non
1661 1048 1724 1083 est

332 1109 453 1169 quod
477 1110 644 1165 recitas,
671 1125 718 1152 ea
737 1109 940 1153 libertate
963 1110 1018 1153 ad
1040 1124 1173 1168 quam
1195 1124 1273 1154 nos
1291 1111 1461 1154 vocavit
1485 1110 1694 1154 Dominus
1708 1145 1719 1165 ,

332 1181 422 1239 ejus
445 1181 525 1224 viri
553 1182 676 1240 cujus
703 1180 878 1224 laudem
912 1182 1080 1240 assequi
1113 1196 1201 1225 non
1227 1181 1392 1236 valeo¹,
1427 1180 1723 1240 cujus-multis

333 1250 486 1296 litteris
507 1267 603 1295 mea
625 1253 782 1311 scripta
804 1267 894 1296 non
918 1267 1145 1311 comparo,
1168 1254 1291 1311 cujus
1312 1253 1535 1312 ingenium
1559 1252 1694 1311 diligo
1708 1286 1720 1307 ,

334 1324 460 1381 cujus
484 1337 558 1366 ore
581 1322 790 1376 delector,
817 1324 941 1381 cujus
970 1322 1224 1366 charitatem
1242 1324 1392 1376 miror,
1412 1324 1536 1382 cujus
1557 1332 1724 1381 marty-

334 1394 447 1436 rium
475 1408 675 1449 veneror,
702 1395 785 1438 hoc
813 1392 932 1453 quod
955 1393 1078 1437 aliter
1101 1394 1265 1452 sapuit,
1301 1409 1390 1438 non
1414 1395 1592 1453 accipio.
1625 1397 1720 1439 Non

334 1465 515 1522 accipio,
541 1464 737 1523 inquam,
768 1464 888 1523 quod
910 1464 965 1507 de
988 1463 1256 1522 baptizandis
1286 1465 1497 1509 haereticis
1520 1474 1565 1508 et
1585 1465 1722 1509 schis-

333 1536 501 1580 maticis
535 1536 686 1579 beatus
718 1537 960 1594 Cyprianus
983 1535 1142 1590 sensit,
1171 1535 1273 1596 quia
1307 1536 1389 1580 hoc
1421 1535 1611 1580 Ecclesia
1633 1551 1723 1580 non

335 1607 505 1664 accipit,
533 1621 611 1663 pro
638 1622 725 1665 qua
752 1608 905 1649 beatus
927 1606 1172 1664 Cyprianus
1193 1606 1445 1664 sanguinem
1479 1605 1610 1651 fudit.
1638 1605 1722 1651 Sed

334 1677 437 1735 quia
460 1675 600 1720 dicitis
623 1692 722 1719 eum
747 1692 826 1735 pro
851 1678 932 1720 hac
954 1678 1166 1720 sententia
1184 1676 1335 1734 legalia
1361 1677 1624 1722 documenta
1646 1678 1722 1721 fir-

334 1764 485 1802 masse,
525 1763 777 1807 quanquam
799 1763 890 1792 non
908 1747 978 1790 ille
1000 1748 1264 1792 documenta
1281 1748 1433 1806 legalia
1456 1750 1627 1793 firmare
1644 1763 1723 1808 po-

334 1821 433 1873 tuit,
459 1820 534 1863 sed
556 1821 614 1863 eis
636 1821 780 1878 potius
805 1834 1095 1879 quaecumque
1113 1828 1228 1863 recte
1249 1820 1381 1863 sensit
1397 1820 1488 1879 ipse
1505 1821 1692 1864 firmavit
1711 1839 1719 1864 :

334 1890 533 1951 relinque
559 1906 662 1948 ergo
685 1890 843 1949 scripta
872 1891 1096 1949 Cypriani,
1132 1899 1174 1934 et
1205 1905 1253 1933 ea
1289 1890 1380 1949 ipsa
1404 1889 1557 1950 legalia
1586 1890 1724 1935 docu-

335 1970 483 2004 menta
518 1961 680 2020 quibus
711 1976 811 2004 eum
833 1960 939 2004 dicis
967 1975 1094 2004 usum
1119 1975 1208 2004 esse
1230 1975 1538 2005 commemora.
1568 1961 1611 2006 Si
1630 1977 1719 2006 non

337 2047 385 2075 ea
403 2030 756 2076 demonstravero
771 2039 956 2074 vestram
977 2045 1149 2074 causam
1167 2029 1275 2074 nihil
1305 2032 1531 2090 adjuvare,
1560 2032 1714 2076 vicisti.

336 2103 611 2160 Quapropter
629 2103 688 2145 ita
709 2102 792 2145 hoc
814 2101 1019 2160 Cypriani
1051 2115 1140 2145 non
1168 2101 1348 2160 accipio,
1385 2102 1581 2161 quamvis
1605 2101 1720 2146 infe-
1784 2094 1802 2130 *ὅ

335 2172 423 2215 rior
445 2172 843 2230 incomparabiliter
867 2172 1110 2229 Cypriane,
1136 2172 1246 2215 sicut
1269 2171 1378 2215 illud
1400 2172 1582 2230 apostoli
1609 2172 1723 2216 Petri

336 2240 458 2300 quod
478 2250 627 2300 gentes
649 2242 872 2301 judai'zare
904 2242 1114 2299 cogebat,
1146 2256 1226 2284 nee
1256 2241 1436 2299 accipio,
1469 2256 1549 2285 nec
1578 2241 1719 2295 facio,

337 2312 534 2371 quamvis
553 2311 731 2356 inferior
753 2310 1148 2370 incomparabiliter
1176 2314 1301 2355 Petro
1317 2314 1345 2353 ¹.
1374 2314 1459 2356 Vos
1482 2321 1625 2356 autem
1646 2313 1723 2373 qui

338 2383 495 2442 scripta
529 2383 736 2442 Cypriani
772 2382 897 2426 nobis
935 2391 1142 2440 tanquam
1191 2382 1463 2427 firmamenta
1505 2385 1724 2428 canonicae

342 2453 608 2497 auctoritatis
634 2453 870 2512 opponitis,
896 2450 1114 2511 quidquid
1145 2451 1200 2494 de
1227 2453 1448 2510 Cypriano
1478 2463 1628 2498 contra
1649 2468 1724 2498 vos

342 2522 535 2579 proferre
557 2524 843 2581 potuerimus,
870 2536 1040 2566 necesse
1063 2531 1128 2564 est
1148 2521 1326 2577 cedatis,
1349 2533 1391 2566 et
1409 2524 1574 2582 justum
1596 2533 1658 2568 est
1674 2533 1723 2567 ut

389 2606 397 2622 ¹
419 2602 472 2631 uni
511 2604 612 2636 r,1.3.
636 2618 668 2623 —-
689 2603 811 2633 ²1.}.:.
835 2602 872 2641 13,
