1825 3264
330 230 489 257 CONTRA
525 229 724 255 Lt'l'TEuAs
757 229 990 266 Perimam,
1028 231 1109 256 ιιΒ.
1148 230 1192 254 ιι.
1407 216 1449 251 17

1093 270 1097 283 .

73 309 287 339 venenum
312 293 648 346 maledictionis,
674 293 783 336 sicut
809 293 1018 351 scriptum
1043 302 1105 336 est
1130 311 1139 336 ε
1175 311 1194 332 «
1227 294 1453 335 Venenum

75 363 273 424 aspidum
290 364 371 408 sub
385 363 510 407 labiis
531 377 680 406 eorum
706 364 734 403 ¹.
758 380 776 402 »
799 365 855 406 Et
869 363 970 421 quia
992 363 1074 406 hoc
1089 363 1242 421 passim
1266 377 1289 404 a
1312 360 1456 420 quoli-

74 434 209 479 hetin
226 432 466 494 quemlibet
481 432 567 476 dici
592 440 752 491 potest,
778 432 899 490 quasi
917 441 1208 490 quaereretur,
1231 445 1419 490 quorum
1442 433 1459 472 ’ἓ

73 504 281 550 continuo
294 503 498 562 subjecit:
519 504 751 555 «Quorum
776 516 821 546 os
843 500 1147 544 maledictione
1175 510 1218 543 et
1247 501 1454 544 amaritu-

76 593 97 617 »
126 574 229 618 dine
245 573 424 633 plenum
442 582 519 616 est.
540 591 558 613 ι)
575 573 687 617 Cum
700 586 802 629 ergo
815 570 915 614 talia
935 570 1075 614 dicitis
1097 570 1141 613 in
1163 569 1359 613 homines
1382 585 1458 628 per

73 655 213 690 totum
234 645 447 689 mundum
467 643 680 702 dispersos
696 678 707 696 ‚
728 652 770 686 et
788 658 896 702 quos
914 642 1092 686 omnino
1110 640 1331 698 ignoratis,
1350 656 1456 698 quo-

72 730 168 759 rum
190 714 318 758 etiam
343 712 468 757 multi
489 728 568 757 nec
583 711 803 757 Caeciliani
818 747 829 766 ,
854 727 933 756 nec
958 711 1113 755 Donati
1130 725 1290 754 nomen
1313 708 1456 752 audie-

73 794 178 828 runt
205 805 212 828 :
245 800 324 828 nec
357 784 514 828 auditis
545 784 591 826 in
619 782 788 827 silentio
820 780 1129 840 respondentes
1160 782 1281 824 :Non
1304 779 1356 822 ad
1381 794 1457 822 nos

72 855 260 914 pertinet
274 853 490 914 quidquid
503 853 660 907 dicitis,
685 869 772 897 non
795 852 998 906 vidimus,
1027 867 1115 895 non
1133 850 1328 905 fecimus,
1351 851 1459 910 quid

70 925 311 985 loquamini
330 924 502 983 penitus
519 924 769 982 ignoramus
795 943 804 967 :
827 938 901 967 vos
923 923 999 982 qui
1025 920 1132 964 nihil
1154 920 1272 965 aliud
1294 920 1423 964 vultis
1445 956 1454 975 ,

71 1011 202 1056 quam
239 995 381 1039 dicere
418 995 536 1054 quod
575 994 760 1053 probare
780 994 959 1038 omnino
998 1009 1085 1037 non
1113 993 1313 1052 potestis,
1353 992 1461 1052 quid

71 1064 189 1108 aliud
228 1079 361 1123 quam
383 1080 428 1108 os
450 1073 643 1108 vestrum
670 1063 974 1107 maledictione
998 1075 1041 1106 et
1063 1061 1351 1106 amaritudine
1373 1060 1459 1120 ple-

71 1150 177 1178 num
195 1143 259 1178 cst
272 1137 289 1176 ⁶?
303 1136 399 1177 Jam
419 1132 561 1177 videte
580 1143 729 1177 utrum
751 1149 826 1178 vos
849 1133 1016 1191 possitis
1029 1133 1256 1177 ostendere
1269 1148 1358 1176 non
1371 1146 1461 1175 esse

72 1205 264 1263 viperas,
291 1203 371 1246 nisi
389 1203 664 1246 ostenderitis
688 1218 835 1246 omnes
846 1203 1111 1247 Christianos
1134 1202 1330 1246 omnium
1354 1217 1461 1259 gen-

72 1274 182 1318 tium
207 1273 435 1318 traditores
457 1288 573 1327 esse,
597 1282 641 1316 et
663 1273 923 1326 homicidas,
951 1281 994 1316 et
1022 1287 1109 1315 non
1141 1287 1229 1315 esse
1253 1271 1461 1314 Christia-

71 1360 164 1390 nos.
200 1347 294 1388 Imo
327 1359 427 1388 vero
462 1343 593 1387 etiam
639 1344 672 1387 si
711 1344 889 1402 potestis
923 1341 1194 1400 singulorum
1232 1340 1458 1384 hominum

75 1429 152 1474 per
167 1423 308 1459 totum
325 1414 477 1457 orbem
495 1412 754 1457 diffusorum
771 1413 880 1456 vitas
903 1421 946 1455 et
968 1410 1080 1455 facta
1103 1425 1227 1454 nosse
1249 1419 1292 1452 et
1315 1418 1461 1453 osten-

71 1485 198 1537 dere,
225 1494 368 1528 tamen
392 1493 627 1543 antequam
648 1482 693 1527 id
715 1482 881 1527 faciatis
897 1517 907 1537 ,
933 1497 1033 1526 curn
1055 1481 1312 1524 temerea'sta
1325 1481 1460 1538 jacta-

73 1555 146 1608 tis,
171 1569 217 1599 os
241 1565 433 1598 vestrum
459 1554 681 1612 vipereum
704 1562 791 1606 est,
815 1568 861 1597 os
883 1562 1075 1596 vestrum
1095 1549 1400 1594 maledictione
1417 1558 1460 1591 et

73 1623 358 1669 amaritudine
380 1623 557 1682 plenum
584 1633 661 1667 est.
682 1623 1003 1682 Ostenditejam
1019 1657 1029 1670 ‚
1052 1623 1084 1664 si
1109 1621 1308 1679 potestis,
1327 1634 1456 1678 quem

71 1695 328 1754 prophetam
346 1728 357 1748 ‚
383 1709 513 1753 quem
534 1694 771 1752 sapientem
789 1727 798 1746 ‚
825 1707 958 1752 quem
971 1692 1155 1736 scribam
1172 1688 1457 1733 occiderimus

72 1774 115 1808 et
142 1764 482 1808 crucifixerimus
503 1773 545 1806 et
567 1762 927 1821 flagellaverimus
953 1762 996 1804 in
1031 1760 1261 1818 synagogis
1285 1758 1453 1801 nostris.

71 1834 294 1878 Attendite
312 1842 476 1892 quanto
501 1833 650 1877 labore
667 1833 863 1891 impenso
879 1866 890 1885 ‚
916 1830 1037 1874 nullo
1060 1829 1190 1874 niodo
1212 1828 1423 1887 probastis
1444 1862 1453 1880 ,

72 1904 192 1964 quod
216 1908 406 1948 Donatus
429 1913 472 1947 et
491 1903 713 1948 Marculus
734 1902 958 1962 prophetae
983 1901 1162 1954 fuerint,
1189 1909 1263 1942 ant
1287 1899 1455 1956 sapien-

73 1983 159 2028 tes,
183 1983 258 2018 aut
279 1973 454 2026 scribae,
472 1973 574 2032 quia
601 1989 689 2017 non
714 1972 895 2016 fuerunt
922 1974 954 2014 ².
983 1971 1112 2024 Quod
1142 1970 1220 2013 etsi
1251 1969 1426 2026 possetis
1443 2001 1452 2018 ‚

71 2044 176 2104 quid
200 2043 364 2087 faciatis
393 2052 443 2086 ut
473 2041 708 2086 ostendatis
739 2058 762 2085 a
792 2041 917 2084 nobis
939 2041 1101 2084 occisos
1118 2073 1128 2093 ,
1150 2053 1259 2098 quos
1282 2052 1361 2080 nec
1381 2051 1458 2079 nos

72 2114 151 2172 ipsi
170 2113 395 2156 novimus?
412 2121 577 2170 quanto
593 2113 733 2155 minus
754 2111 869 2154 orbis
891 2119 1101 2152 terrarum
1118 2143 1129 2161 ,
1150 2108 1220 2151 cui
1241 2120 1457 2150 venenoso

74 2198 147 2227 ore
171 2181 454 2226 maledicitis?
472 2184 558 2225 Aut
576 2180 693 2223 unde
716 2180 893 2238 potestis
916 2178 1141 2222 ostendere
1164 2177 1356 2220 animum
1383 2189 1459 2217 nos

72 2252 233 2296 hahere
255 2249 523 2295 consimilem
543 2249 893 2293 interfectoribus
908 2263 1075 2300 eorum,
1093 2261 1201 2306 quos
1217 2260 1295 2288 nec
1308 2244 1456 2287 saltem

74 2323 129 2367 ab
144 2321 362 2382 aliquibus
376 2319 626 2364 interfectos
645 2319 820 2378 potestis
836 2317 1090 2361 ostendere?
1115 2314 1338 2359 Attendite
1366 2315 1458 2356 lime

74 2394 243 2445 omnia,
273 2390 416 2434 videte
452 2400 599 2434 utrum
623 2387 790 2447 aliquid
818 2389 998 2440 horum,
1025 2385 1093 2430 vel
1116 2385 1171 2428 de
1199 2385 1303 2428 orbe
1322 2392 1459 2426 terra-

77 2477 171 2507 rum
205 2460 274 2506 vel
304 2460 399 2504 orbi
427 2469 638 2503 terrarum
668 2460 852 2517 probare
878 2456 1046 2515 possitis
1075 2475 1083 2498 2
1109 2455 1179 2497 cui
1204 2464 1343 2496 tamen
1360 2452 1460 2510 quia

125 2553 131 2568 ¹
152 2544 230 2578 Psal.
250 2555 316 2583 xm,
334 2544 363 2575 3.
382 2559 422 2565 ——
438 2540 450 2564 3
470 2542 548 2575 Vide
562 2542 657 2583 inira,
676 2552 706 2572 n.
734 2540 788 2582 3⁸50,
808 2544 840 2572 et
857 2544 968 2572 contra
989 2541 1128 2570 Crescon
1159 2537 1215 2568 lib.
1236 2548 1283 2573 ni,
1309 2547 1326 2566 n
1365 2534 1401 2575 ῖιῙ,

266 2608 452 2638 cxxxix.
1228 2591 1252 2628 2
