1825 3264
327 199 410 236 190
752 203 784 232 s.
821 203 1051 232 auersum
1084 205 1264 233 Emscom

322 282 412 330 est3
437 272 537 331 quia
569 270 602 314 si
625 270 756 314 homo
779 279 886 314 tunc
912 279 976 314 est
1010 268 1178 314 fructus
1210 268 1397 313 hominis
1432 268 1710 328 baptizatoris

322 344 403 397 sui,
428 339 604 402 quando
627 355 651 384 a
679 341 909 386 manifesto
931 341 1048 385 bono
1070 340 1337 399 baptizatur,
1359 354 1459 384 cum
1475 354 1580 384 vero
1599 338 1712 399 bap-

323 413 476 458 tizatur
495 412 550 456 ab
572 410 744 457 occulto
765 412 942 457 homine
961 411 1076 455 malo
1094 447 1106 466 ‚
1131 420 1237 456 tunc
1255 427 1344 456 non
1362 411 1494 470 ipsius
1517 409 1686 456 fructus
1699 445 1711 467 ,

322 483 398 527 sed
421 482 582 528 Christi
604 491 697 538 est,
726 483 912 528 sanctius
927 482 1219 543 justificantur
1249 482 1325 542 qui
1354 481 1631 541 baptizantur
1659 481 1717 526 ab
1778 502 1786 514 =

322 553 501 598 occultis
513 553 651 609 malis,
677 569 807 615 quam
831 553 908 614 qui
927 554 1203 612 baptizantur
1223 569 1247 597 a
1269 551 1506 597 manifestis
1527 551 1667 597 bonis.

381 626 471 668 LV.
498 624 628 678 Quod
653 639 752 669 cum
780 624 887 668 mibi
914 624 1110 669 tribuens
1133 623 1370 668 Petilianus
1401 632 1610 684 tanquam
1634 623 1717 667 hoc

322 708 400 753 ego
422 694 650 749 senserim,
675 695 775 739 satis
802 695 848 738 in
870 709 940 738 me
962 695 1147 752 graviter
1169 709 1217 738 ac
1238 694 1520 738 vehementer
1544 692 1716 738 invehi-

322 774 412 821 tur,
437 766 527 826 ipse
550 766 703 826 utique
728 765 1012 819 demonstrat,
1038 781 1088 809 ea
1103 766 1194 825 ipsa
1210 764 1716 824 gravissimainvectione

323 851 402 880 sua
422 871 432 891 ‚
458 846 673 896 quantum
695 835 816 881 nefas
839 838 894 881 sit
917 837 996 881 ista
1018 837 1176 880 sentire
1200 855 1207 880 :
1239 851 1288 880 ac
1305 851 1381 895 per
1399 835 1483 879 hoc
1501 833 1718 894 quidquid

321 915 500 966 propter
522 907 634 951 hanc
654 907 912 951 sententiam
932 907 977 950 in
999 922 1068 950 me
1086 906 1240 950 dixisse
1253 905 1391 950 videri
1410 904 1575 962 voluit,
1606 904 1654 948 in
1673 918 1718 948 se

321 976 465 1036 ipsum
486 976 637 1022 dixisse
654 978 896 1032 invenitur,
919 978 992 1037 qui
1015 977 1118 1021 talia
1140 977 1299 1021 sentire
1328 977 1616 1021 convincitur.
1650 974 1718 1018 Ibi
1786 1003 1791 1010 ι

323 1048 437 1091 enim
456 1049 661 1102 ostendit,
682 1057 846 1108 quanta
867 1047 911 1092 vi
930 1048 1121 1092 veritatis
1142 1056 1368 1106 superatus
1389 1048 1458 1102 sit,
1482 1046 1563 1090 ubi
1584 1045 1720 1090 alium

322 1119 489 1163 exitum
504 1134 593 1164 non
609 1120 798 1174 invenit,
818 1120 899 1163 nisi
914 1129 963 1164 ut
981 1135 1052 1163 me
1070 1119 1249 1163 sensisse
1267 1120 1472 1178 fingeret,
1492 1117 1612 1179 quod
1628 1118 1719 1177 ipse
1782 1144 1787 1150 ·

322 1190 467 1234 sentit.
494 1189 877 1243 Quemadmodum
895 1191 928 1234 si
947 1189 1009 1233 illi
1029 1205 1138 1250 quos
1155 1189 1389 1249 Apostolus
1413 1189 1584 1249 arguit,
1616 1187 1719 1248 quia

322 1259 528 1304 dicebant
558 1276 648 1305 non
675 1276 764 1305 esse
792 1262 1151 1305 resurrectionem
1180 1270 1455 1306 mortuorum
1472 1295 1483 1316 ,
1515 1257 1721 1304 eumdem

323 1330 582 1389 Apostolum
598 1346 799 1375 accusare
807 1330 987 1387 vellent,
1002 1332 1210 1392 quoniam
1228 1332 1357 1376 dixit:
1376 1333 1560 1391 «Neque
1575 1330 1717 1375 Chris·

326 1418 345 1441 »
372 1409 442 1445 tus
466 1402 696 1446 resurrexit
714 1404 724 1426 ¹
743 1437 755 1457 ,
777 1420 796 1443 ))
824 1411 867 1446 et
886 1407 1062 1446 inanem
1091 1417 1180 1447 esse
1201 1402 1557 1462 praedicationem
1580 1403 1719 1460 Apos-

322 1470 513 1516 tolorum
537 1508 546 1527 ‚
588 1473 765 1517 inanem
803 1474 932 1517 etiam
970 1472 1102 1517 fidem
1144 1473 1418 1518 credentium
1443 1508 1455 1529 ‚
1501 1472 1718 1532 falsosque

323 1541 506 1587 inveniri
530 1552 657 1588 testes
687 1542 890 1588 adversus
914 1547 1076 1599 Deum,
1103 1544 1179 1604 qui
1200 1544 1405 1589 dixissent
1432 1543 1553 1605 quod
1580 1543 1717 1588 susci-

323 1614 478 1658 taverit
493 1615 731 1659 Christum.
759 1617 853 1659 Hoc
875 1615 981 1658 mihi
1004 1615 1242 1660 Petilianus
1267 1615 1409 1660 facere
1431 1615 1594 1671 voluit,
1620 1614 1719 1659 des-

322 1699 476 1743 perans
498 1684 582 1743 legi
602 1700 723 1742 posse
740 1701 839 1745 quae
861 1686 1032 1745 scripsi,
1056 1685 1217 1745 quibus
1240 1685 1501 1746 respondere
1523 1701 1612 1730 non
1634 1700 1721 1745 po-
1784 1705 1791 1741 ξ

323 1755 430 1809 tuit,
457 1763 499 1798 et
525 1755 670 1814 putari
692 1770 736 1798 se
761 1754 1035 1814 respondisse
1057 1770 1320 1816 magnopere
1338 1756 1603 1816 concupivit.
1634 1754 1723 1800 Sed

323 1825 697 1885 quemadmodum
715 1862 726 1882 ‚
752 1827 785 1870 si
808 1828 1038 1888 quisquam
1059 1826 1171 1871 illud
1194 1826 1367 1872 fecisset
1383 1827 1592 1887 Apostolo
1608 1861 1620 1881 ,
1647 1841 1718 1870 re-

323 1895 455 1940 citato
477 1897 677 1941 universo
700 1898 793 1957 ipso
815 1896 912 1942 loco
930 1913 982 1942 ex
1000 1899 1092 1958 ejus
1115 1897 1327 1957 Epistola,
1352 1897 1620 1958 redditisque
1641 1912 1717 1941 su-

322 1967 565 2026 perioribus
597 1968 738 2012 verbis
774 1984 825 2012 ex
859 1969 1021 2029 quibus
1051 1969 1130 2013 ista
1170 1969 1362 2028 pendere
1388 1969 1583 2029 quisquis
1613 1968 1722 2027 legit
1776 2009 1783 2013 ,

321 2036 552 2096 intelligit,
580 2039 719 2082 omnis
755 2037 829 2082 illa
857 2039 1123 2083 calumniosa
1145 2039 1427 2098 reprehensio
1456 2039 1500 2083 in
1529 2036 1722 2083 frontem

322 2109 734 2165 reprehendentium
756 2108 1025 2154 relaberetur
1048 2129 1056 2154 ε
1079 2111 1137 2154 sie
1155 2108 1336 2154 redditis
1355 2126 1407 2154 ex
1418 2108 1612 2170 Epistola
1622 2123 1717 2155 mea
1783 2159 1785 2164 ,

320 2178 631 2237 superioribus,
656 2179 764 2223 dum
786 2196 854 2223 me
879 2181 1116 2225 Petilianus
1139 2190 1333 2236 accusat,
1355 2182 1401 2225 in
1421 2182 1514 2241 ejus
1533 2180 1688 2226 faciem
1702 2214 1714 2236 ‚
1771 2174 1777 2190 ⁴

322 2247 439 2291 unde
480 2247 553 2292 illa
588 2265 808 2294 removere
842 2260 1024 2295 conatus
1062 2259 1141 2305 est,
1180 2251 1340 2310 majore
1371 2251 1542 2310 impetu
1570 2259 1710 2296 retor-
1765 2230 1784 2293 i

322 2327 529 2379 quentnr.
1760 2299 1785 2340 ’ς’

379 2392 492 2433 LVI.
520 2390 752 2449 Apostolus
774 2391 888 2434 enim
919 2389 1182 2449 redarguens
1210 2407 1281 2436 eos
1303 2392 1379 2451 qui
1406 2392 1626 2451 negabant
1646 2407 1719 2436 re-
1766 2379 1776 2388 ⁴

322 2461 632 2506 surrectionem
670 2470 974 2518 mortuorum,
1005 2463 1086 2507 ista
1116 2462 1386 2510 absurditate
1419 2464 1595 2524 corrigit
1615 2478 1716 2525 quae
1762 2465 1778 2484 ³

373 2551 379 2566 ¹
407 2555 419 2576 1
442 2547 514 2578 Cor.
535 2557 591 2587 xv,
613 2546 662 2578 13.
