1825 3264
322 218 484 249 con‘rnA
518 220 717 248 tna-tntis
749 221 983 261 Paruum,
1019 223 1101 251 Lm.
1138 223 1204 250 111.
1377 211 1459 250 165

78 286 293 332 volumus.
319 288 432 330 Ecce
448 285 607 330 suflicit
624 285 743 345 quod
765 286 896 345 paulo
919 297 1014 346 post
1036 289 1093 333 ita
1115 288 1304 347 positum
1318 297 1397 343 est,
1415 298 1459 333 et

78 358 134 403 ab
166 359 260 416 ipso
294 372 344 401 ex
378 357 483 401 meis
517 357 670 401 litteris
709 357 1015 416 interpositum
1038 361 1050 385 ¹
1086 379 1094 404 :
1133 378 1153 402 α
1183 358 1307 403 Unde
1328 359 1459 418 igitur

20 483 21 486 Ἰ
77 426 321 472 abluendus
336 436 400 472 est
421 427 497 487 qui
518 428 671 487 accipit
693 427 980 486 baptismum,
1006 443 1105 473 cum
1128 429 1270 474 dantis
1291 428 1460 489 polluta

18 555 19 561 ἵ
76 498 338 543 conscientia
359 507 446 554 est,
472 507 514 543 et
534 499 616 543 hoc
638 497 711 542 ille
732 498 808 558 qui
837 506 901 542 est
923 508 1177 558 accepturus
1203 500 1404 558 ignorat?
1434 517 1455 541 »

75 570 240 627 Nempe
257 569 326 613 hic
349 584 438 613 non
459 577 544 613 est:
569 587 588 609 α
612 567 728 621 Quid
744 568 795 623 si,
814 577 858 612 et
875 567 1067 613 fortasse.
1089 587 1108 610 η
1129 569 1461 629 Respondeatur

76 653 192 697 ergo.
216 638 441 684 Attendite
458 675 469 695 ,
494 654 549 683 ne
571 639 683 684 forte
698 639 743 683 in
757 653 808 684 eo
825 638 946 699 quod
965 640 1176 700 sequitur,
1200 640 1254 684 ad
1272 640 1354 684 hoc
1373 656 1459 685 res-

73 709 265 768 pondeat
290 729 299 755 :
329 728 349 752 «
382 709 466 756 Sed
507 725 587 769 ego
625 719 698 765 te,
738 711 897 770 inquit,
924 709 1200 755 cavillantem
1238 709 1292 754 ad
1326 708 1459 754 fidem

73 779 276 824 credendi
294 781 560 840 constringo,
583 795 638 824 ne
659 779 840 824 ulterius
863 781 1067 840 evageris.
1089 781 1207 834 Quid
1225 796 1461 839 argumen-

74 852 126 897 tis
154 851 347 896 stultitiae
379 853 533 896 avertis
561 853 778 897 erroribus
806 853 968 897 vitam?
987 852 1100 905 Quid
1129 851 1230 897 fidei
1249 853 1461 897 rationem

7 944 14 960 ·
72 921 127 966 de
152 922 282 966 rebus
307 923 676 968 irrationabilibus
700 925 875 968 turbas?
894 926 986 969 Hoc
1005 939 1094 968 uno
1111 923 1246 968 verbo
1270 932 1312 968 te
1334 932 1461 968 teneo

72 1002 115 1038 et
149 994 375 1039 convinco.
413 1013 432 1036 »
476 996 577 1039 Haec
620 994 854 1039 Petilianus
883 995 1006 1049 dixit,
1038 1009 1128 1039 non
1159 1009 1256 1054 ego.
1296 997 1381 1038 Ista
1408 1009 1460 1038 ex

5 1094 14 1101 -
72 1063 250 1122 epistola
284 1064 482 1109 Petiliani
507 1075 635 1122 sunt3
666 1064 741 1109 sed
763 1066 835 1109 cui
868 1066 1000 1110 verba
1013 1067 1104 1125 jam
1132 1065 1222 1109 duo
1245 1064 1334 1120 illa,
1359 1080 1458 1124 quae

3 1159 10 1184 ,ι
70 1148 140 1178 mc
173 1133 398 1178 abstulisse
432 1135 676 1189 insimulat,
707 1134 878 1190 addidi,
907 1145 950 1179 et
976 1134 1259 1180 nihilominus
1286 1135 1457 1179 ostendi

71 1204 359 1264 inquisitionis
383 1220 491 1250 meae
507 1241 518 1261 ,
549 1206 620 1250 cui
649 1220 734 1249 non
758 1204 1017 1264 respondet,
1049 1206 1190 1250 multo
1219 1205 1393 1250 brevius
1415 1214 1459 1251 et

69 1275 296 1320 enodatius
338 1277 465 1320 fixam
501 1285 614 1321 stare
649 1276 922 1320 sententiam.
964 1278 1092 1321 Certe
1124 1277 1218 1321 haec
1257 1275 1330 1320 illa
1371 1275 1460 1320 duo

67 1355 193 1401 sunt,
223 1365 241 1387 «
267 1355 414 1390 sancte
437 1354 481 1390 et
505 1346 665 1404 sciens·,
682 1364 700 1387 η
723 1355 773 1390 ut
791 1360 880 1390 non
894 1346 948 1389 sit
967 1345 1171 1390 videlicet
1192 1365 1211 1388 α
1231 1347 1459 1390 conscien-

68 1416 126 1462 tia
149 1417 316 1473 dantis,
346 1435 365 1458 »
391 1416 465 1461 sed
492 1435 510 1458 «
536 1417 796 1462 conscientia
813 1425 960 1461 sancte
982 1414 1125 1460 dantis
1144 1437 1154 1472 3
1179 1434 1198 1457 »
1220 1425 1262 1460 et
1283 1431 1371 1460 non
1387 1417 1458 1472 sit,

0 1532 5 1540 ,
71 1507 91 1530 «
115 1490 191 1548 qui
217 1488 347 1532 fidem
372 1504 395 1532 a
423 1488 590 1547 perfido
612 1488 858 1547 sumpserit,
889 1509 905 1528 »
931 1486 1003 1532 sed
1030 1506 1050 1530 «
1075 1485 1151 1547 qui
1169 1486 1302 1531 fidem
1323 1488 1460 1531 sciens

3 1558 8 1590 ἕ
67 1575 90 1604 a
120 1559 288 1618 perfido
308 1555 552 1618 sumpserit.
582 1577 601 1601 »
625 1561 734 1612 Quae
757 1558 936 1619 quidem
958 1558 1091 1602 verba
1116 1573 1205 1602 non
1227 1558 1458 1602 subtraxe-

65 1645 174 1684 ram,
208 1629 347 1674 sedin
373 1630 521 1674 codice
552 1629 628 1689 qui
660 1629 770 1672 mihi
796 1629 924 1673 datus
954 1636 1045 1672 erat
1073 1643 1162 1672 non
1185 1629 1452 1672 inveneram.

67 1701 183 1745 Fieri
208 1709 354 1745 autem
386 1710 552 1760 potest,
576 1709 626 1744 ut
648 1699 880 1744 mendosus
906 1698 1039 1743 fuerit
1064 1718 1073 1744 2
1097 1714 1241 1758 neque
1264 1699 1380 1743 enim
1413 1708 1458 1744 et

0 1778 2 1823 ἱ
65 1778 148 1823 hoc
160 1778 415 1823 incredibile
429 1787 509 1833 est,
527 1787 577 1822 ut
590 1778 720 1822 etiam
735 1778 837 1822 hinc
849 1777 956 1821 mihi
970 1774 1230 1822 Academica
1246 1777 1456 1821 excitetur

0 1865 1 1873 ¹
66 1849 249 1904 invidia,
281 1859 324 1894 et
342 1849 427 1894 tale
457 1858 669 1894 asseratur
700 1863 789 1893 esse
823 1847 944 1908 quod
963 1848 1076 1903 dixi,
1106 1848 1301 1892 codicem
1328 1845 1457 1891 fuisse

0 1932 2 1951 ³
64 1920 323 1964 mendosum
343 1955 355 1975 ,
380 1919 509 1979 quale
530 1920 563 1963 si
583 1919 770 1964 dicerem
793 1918 912 1962 nives
934 1918 1091 1977 nigras.
1124 1920 1180 1961 Ut
1203 1917 1310 1977 quid
1340 1915 1458 1960 enim

63 1991 101 2034 ei
120 1991 312 2050 rependo
335 1991 607 2035 temerariam
629 1989 921 2048 suspicionem
937 2023 948 2043 ,
971 1998 1021 2032 ut
1041 1988 1206 2042 dicam,
1223 1989 1344 2047 quod
1365 1988 1456 2045 ipse

62 2070 160 2119 post
189 2060 432 2115 addiderit,
459 2062 535 2120 qui
557 2075 627 2104 mc
653 2056 912 2103 subtraxisse
931 2058 1144 2102 confinxit
1168 2077 1176 2101 :
1198 2072 1298 2102 cum
1323 2058 1455 2116 possit

62 2132 188 2176 istam
216 2131 515 2176 mendositatis
542 2141 691 2176 notam
720 2130 812 2174 sine
844 2145 940 2174 mea
972 2127 1182 2173 maledica
1209 2129 1453 2173 temeritate

61 2201 197 2247 codex
223 2203 298 2262 qui
321 2217 410 2246 non
432 2202 630 2246 irascitur
650 2201 900 2245 sustinere?

120 2275 304 2318 XXVII.
327 2276 382 2318 Et
399 2271 510 2317 illud
526 2271 704 2332 quidem
727 2273 932 2331 primum,
958 2269 1002 2314 id
1019 2278 1098 2325 est,
1125 2288 1145 2311 «
1169 2277 1316 2314 sancte
1337 2268 1449 2312 dan-

62 2347 131 2399 tis,
155 2364 174 2386 »
209 2346 388 2389 omnino
415 2360 506 2389 non
531 2343 712 2404 impedit
739 2343 1064 2404 inquisitionem
1086 2356 1244 2395 meam,
1267 2355 1354 2400 qua
1376 2339 1449 2384 ille

62 2416 344 2459 vehementer
370 2425 550 2473 urgetur
567 2449 578 2469 ,
603 2423 752 2458 utrum
782 2414 840 2458 ita
869 2413 1039 2458 dicam:
1068 2431 1087 2453 «
1116 2413 1158 2455 Si
1186 2409 1449 2455 conscientia

63 2486 207 2531 dantis
251 2485 491 2529 attenditur
524 2504 533 2529 ε
563 2500 617 2529 an
654 2499 757 2529 vero
796 2485 890 2529 ita:
923 2484 966 2528 Si
1008 2481 1270 2528 conscientia
1306 2488 1453 2524 sancte

109 2563 119 2579 ¹
140 2561 219 2593 Vide
233 2571 341 2603 supra,
361 2560 412 2591 tib,
435 2570 457 2597 ι,
479 2569 550 2602 cap.
571 2569 601 2590 ¹2.
