1825 3264
330 226 414 267 234
768 237 801 262 s.
838 233 1070 261 AUGUSTINI
1101 233 1283 266 izmscom

333 322 353 345 »
379 316 510 363 quam
530 315 605 345 vas
631 298 754 358 figuli
777 308 971 343 conteres
989 313 1075 342 eos.
1099 316 1120 339 ν»
1147 298 1312 343 Eadem
1334 298 1496 359 quippe
1522 297 1647 342 firma
1671 306 1716 342 et

332 370 558 418 inflexibili
576 369 743 430 justitia
767 369 870 414 boni
893 378 1118 427 reguntur,
1143 368 1244 413 mali
1265 377 1568 414 conteruntur.

388 441 622 496 XXI.Quis
644 450 734 486 tam
756 439 907 485 devius
921 449 963 484 et
981 439 1194 484 absurdus
1208 448 1272 483 est
1288 455 1312 484 a
1328 438 1485 484 divinis
1502 439 1714 499 Eloquiis,
1781 464 1785 484 ,ι

330 515 406 575 qui
433 529 523 558 non
559 513 702 572 ipsum
737 511 1024 571 Evangelium
1057 520 1366 570 recognoscat,
1391 525 1492 556 cum
1518 519 1719 555 cantatur

330 585 403 630 ille
433 584 628 630 Psalmus
658 584 734 628 ubi
767 584 977 642 scriptum
1000 592 1063 627 est
1087 602 1095 627 :
1127 602 1146 625 «
1173 583 1398 628 Foderunt
1421 597 1574 626 manus
1602 597 1719 626 meas

334 665 410 699 »et
442 655 602 714 pedes,
642 653 1029 698 dinumeraverunt
1062 654 1209 697 omnia
1241 669 1334 698 ossa
1364 668 1474 696 mea.
1509 654 1596 712 Ipsi
1617 667 1720 697 vero

335 725 749 770 »consideraverunt
766 733 809 768 et
829 733 1147 783 conspexerunt
1168 739 1254 780 me,
1274 723 1514 769 diviserunt
1535 723 1617 768 sibi
1627 737 1723 768 ves-

334 815 355 838 »
367 798 549 841 timenta
563 811 675 850 mea,
691 804 734 840 et
750 810 878 854 super
901 795 1206 839 vestimentum
1229 810 1375 839 meum
1398 794 1610 838 miserunt
1628 808 1722 838 sor·
1784 809 1785 812 ¹

334 886 354 910 »
368 870 480 912 tem¹
496 870 514 912 Ρ
530 867 741 921 »Quando
760 868 888 910 etiam
912 881 1011 910 cum
1031 867 1112 911 hoc
1133 866 1300 911 factum
1323 865 1599 924 Evangelista
1621 880 1724 909 nar·

333 947 446 982 raret
465 972 476 993 ,
520 939 650 997 hujus
690 937 924 981 testimonii
962 951 1127 981 memor
1154 936 1253 980 fuit.
1291 936 1408 998 Quid
1430 945 1572 980 autem
1594 935 1726 994 huJus
1785 988 1789 994 .

333 1009 472 1052 crucis
498 1008 664 1066 pretio,
699 1006 806 1065 quid
833 1015 968 1049 tantae
998 1005 1265 1049 celsitudinis
1295 1014 1413 1049 tanta
1443 1005 1688 1049 humilitate
1711 1039 1723 1060 ,
1779 1007 1789 1061 ἶ

334 1078 440 1136 quid
475 1077 551 1121 illo
585 1076 939 1120 innocentissimo
961 1085 1004 1119 et
1031 1076 1179 1120 divino
1200 1076 1408 1133 sanguine
1429 1083 1726 1134 comparatum
1784 1074 1787 1078 ’

335 1158 416 1203 est,
441 1149 521 1192 nisi
543 1148 664 1207 quod
691 1146 778 1191 illic
800 1147 844 1190 in
867 1146 1236 1207 consequentibus
1257 1146 1417 1191 dicitur
1440 1162 1448 1188 :
1479 1165 1499 1189 «
1523 1148 1728 1192 Comme-

336 1237 356 1259 »
369 1219 675 1272 morabuntur,
691 1227 734 1261 et
755 1227 1067 1262 convertentur
1083 1217 1138 1262 ad
1151 1218 1386 1263 Dominum
1410 1217 1600 1262 universi
1621 1218 1729 1261 fines
1786 1221 1791 1271 ζ’

336 1306 356 1330 >)
371 1298 494 1333 terrae
515 1310 525 1346 3
565 1298 609 1333 et
626 1288 872 1333 adorabunt
894 1289 939 1332 in
961 1298 1199 1349 conspectu
1227 1290 1317 1349 ejus
1344 1289 1558 1334 universae
1581 1289 1730 1347 patriae
1789 1288 1791 1302 ²

338 1361 566 1419 »gentium
584 1381 594 1417 3
610 1360 815 1420 quoniam
832 1360 1004 1404 Domini
1018 1369 1080 1404 est
1099 1375 1301 1419 regnum,
1317 1369 1361 1405 et
1377 1361 1467 1420 ipse
1484 1359 1730 1404 dominabi-

339 1439 443 1474 »tur
466 1430 722 1489 gentium?»
743 1433 897 1475 Nonne
907 1431 1140 1490 Apostolus
1168 1431 1223 1474 de
1250 1430 1608 1490 praedicatoribus
1628 1430 1732 1474 novi

337 1502 584 1546 testamenti
606 1502 774 1546 dictum
796 1503 995 1561 exposuit
1015 1501 1136 1562 quod
1154 1503 1365 1562 scriptum
1388 1511 1454 1547 est
1474 1520 1483 1548 :
1513 1520 1534 1545 «
1560 1505 1613 1546 In
1634 1516 1731 1546 om·
1791 1524 1793 1526 v

339 1587 474 1616 »nem
496 1581 656 1616 terram
685 1573 815 1617 exivit
844 1587 974 1617 sonus
996 1588 1149 1617 eorum
1164 1608 1174 1628 ‚
1200 1582 1243 1617 et
1270 1573 1315 1617 in
1344 1573 1450 1618 fines
1469 1573 1586 1618 orbis
1607 1581 1733 1617 terrae
1783 1574 1793 1626 ‘j

339 1644 505 1687 »verba
528 1645 834 1687 eorum2?»De
852 1658 941 1703 quo
967 1643 1053 1687 alio
1075 1644 1156 1687 nisi
1171 1642 1225 1687 de
1248 1643 1422 1688 Christo
1447 1641 1728 1702 intelligitur:
1781 1654 1785 1657 ’

339 1716 488 1758 »Deus
511 1714 693 1758 deorum
719 1715 927 1758 Dominus
955 1713 1128 1758 locutus
1146 1723 1233 1768 est,
1259 1723 1302 1758 et
1323 1716 1494 1759 vocavit
1515 1723 1675 1758 terram
1708 1729 1732 1758 a

340 1784 471 1828 »solis
505 1794 604 1828 ortu
635 1800 773 1844 usque
806 1784 861 1828 ad
895 1799 1094 1829 occasum
1129 1804 1138 1829 :
1172 1799 1223 1828 ex
1244 1784 1347 1830 Sion
1369 1784 1530 1843 species
1567 1784 1734 1829 decoris

341 1857 464 1915 »ejus
483 1889 491 1898 .
515 1873 533 1896 »
554 1857 711 1915 Cujus,
737 1855 818 1900 nisi
839 1856 1000 1900 Christi
1020 1871 1104 1900 vox
1121 1865 1184 1900 cst
1204 1874 1212 1899 :
1241 1874 1260 1897 «
1283 1856 1474 1900 Dormivi
1493 1855 1733 1900 conturba-

341 1943 360 1966 »
374 1935 443 1969 tus
457 1928 488 1969 3.
509 1944 529 1967 »
546 1929 601 1970 Et
630 1927 749 1970 unde
768 1927 1071 1981 conturbatus,
1088 1926 1284 1986 sequitur
1299 1935 1341 1970 et
1364 1925 1492 1970 dicit:
1512 1944 1532 1968 «
1546 1925 1645 1970 Filii
1659 1926 1735 1971 ho-

342 1997 542 2040 »minum
566 1996 717 2042 dentes
740 2012 891 2042 eorum
923 2013 1041 2042 arma
1069 2007 1112 2041 et
1134 1997 1301 2056 sagittae
1316 2032 1326 2051 ,
1347 2005 1390 2040 et
1408 1996 1557 2056 lingua
1580 2010 1733 2041 eorum

343 2068 589 2111 »machaera
609 2077 734 2112 acuta
754 2088 762 2113 2
781 2087 800 2109 »
824 2083 1012 2128 quorum
1042 2068 1122 2112 nisi
1142 2083 1293 2112 eorum
1312 2068 1390 2127 qui'
1403 2067 1703 2112 clamaverunt
1722 2085 1731 2111 :

343 2154 360 2175 «
375 2137 613 2195 Crucifige‚
635 2138 837 2196 crucifige
858 2139 872 2162 4
891 2140 908 2179 ‘3
932 2155 951 2178 υ
980 2140 1036 2181 Ut
1057 2137 1165 2197 quid
1187 2138 1269 2181 hoc
1298 2146 1439 2181 totum
1455 2171 1467 2191 ‚
1497 2137 1568 2180 cui
1591 2136 1733 2190 hono,

341 2207 411 2251 cui
434 2206 589 2251 lucro?
617 2207 732 2251 Audi
761 2207 867 2266 quid
897 2217 1136 2267 sequatur:
1167 2226 1187 2249 «
1208 2207 1409 2251 Exaltare
1440 2221 1569 2265 super
1604 2205 1737 2251 coelos
1782 2207 1787 2211 ’

342 2279 490 2321 »Deus
505 2312 516 2331 ‚
533 2287 577 2321 et
593 2292 721 2336 super
743 2292 917 2321 omnem
940 2288 1099 2321 terram
1117 2277 1251 2335 gloria
1268 2286 1341 2321 tua
1357 2279 1388 2320 ⁵.
1418 2295 1439 2318 »
1466 2279 1580 2321 Ecce
1602 2276 1738 2320 habes

342 2348 562 2392 Christum
581 2348 626 2391 in
640 2349 835 2407 passione
851 2347 1075 2401 dormisse,
1100 2357 1144 2392 ct
1166 2347 1484 2392 resurrectione
1500 2361 1630 2406 super
1644 2361 1736 2390 coe-
1782 2394 1790 2403 Δ

341 2416 405 2460 los
427 2417 680 2462 ascendisse.
711 2421 765 2462 Et
787 2417 906 2461 unde
931 2417 1066 2476 gloria
1089 2418 1180 2476 ejus
1200 2431 1331 2476 super
1352 2431 1529 2461 omnem
1550 2425 1708 2479 terram
1722 2449 1734 2471 ,
1789 2408 1797 2434 ⁴

392 2523 400 2539 ¹
422 2518 501 2549 Psah
521 2529 594 2557 xxi,
616 2530 651 2560 17
667 2529 674 2560 ;
691 2519 810 2551 Matth.
839 2529 939 2561 xxvii,
959 2519 1021 2560 353
1042 2521 1132 2551 Joan.
1153 2529 1220 2557 xix,
1239 2517 1293 2561 24.
1310 2535 1350 2541 --
1368 2525 1380 2541 ²
1404 2521 1494 2550 Rom.
1515 2528 1550 2558 x,
1577 2526 1596 2550 2
1614 2527 1624 2556 ;
1652 2516 1734 2549 Psal.

346 2582 436 2612 xvm,
452 2572 492 2608 5;
519 2574 564 2604 Id.
591 2584 676 2615 xmx,
703 2586 728 2606 1.
747 2573 813 2598 —-3
832 2575 878 2606 Id.
900 2586 966 2616 LVI,
983 2574 1014 2607 5.
1032 2573 1100 2603 -4
1124 2576 1202 2607 Luc.
1223 2585 1295 2615 xxi,
1313 2572 1448 2606 23.-⁵
1466 2572 1549 2607 Psal.
1568 2583 1636 2614 LVI,
1656 2571 1690 2604 6.

1771 305 1785 402 *3

1776 541 1787 569 ἰ

1780 613 1787 634 ⁸·

1783 746 1788 788 τ’

1773 2277 1797 2289 Α·

1775 2299 1797 2315 ιν

1777 2554 1799 2606 'v
