1825 3264
328 261 383 299 76
778 274 810 299 s.
847 271 1077 299 Aueusruu
1111 273 1291 301 nprscom

327 353 415 382 non
438 336 536 381 ideo
559 337 906 396 concupiscimus
934 336 1095 392 aliena,
1121 339 1224 397 quia
1247 336 1362 381 illius
1387 334 1569 395 imperio
1591 335 1715 394 cujus
1756 346 1766 354 ·

327 417 429 452 sunt
445 409 607 463 omnia,
633 407 747 452 facta
769 417 871 452 sunt
890 418 1035 452 nostra
1057 429 1068 466 3
1098 418 1141 451 et
1158 410 1274 467 juste
1298 415 1443 451 nostra
1465 414 1567 448 sunt
1593 423 1602 448 :
1641 419 1715 448 vos

327 480 442 522 enim
475 479 541 522 his
563 479 803 523 utebamini
838 480 892 524 ad
915 480 1212 539 praecisionem
1234 513 1245 533 ,
1282 493 1359 522 nos
1393 475 1448 520 ad
1483 476 1711 519 unitatem.

327 544 598 608 Alioquin'et
619 549 760 608 primo
784 548 947 609 populo
970 551 1041 593 Dei
1067 557 1242 609 possent
1263 547 1327 591 illi
1350 546 1540 606 objicere
1562 544 1714 590 alienae

326 621 383 664 rei
408 621 820 679 concupiscentiam,
838 621 914 681 qui
939 620 1083 665 diviua
1105 628 1316 680 potestate
1333 619 1388 662 ab
1406 632 1558 662 eorum
1587 615 1712 670 facie,

325 692 427 752 quia
443 707 491 736 ea
505 701 618 736 terra
641 691 753 736 male
771 693 1024 748 utebantur,
1046 692 1212 752 expulsi
1233 700 1335 736 sunt
1353 710 1361 735 :
1386 699 1429 733 et
1450 689 1532 748 ipsi
1554 687 1714 742 Judaei,

325 778 345 806 a
376 762 536 822 quibus
563 763 758 807 ablatum
780 772 844 807 est
867 779 1068 822 regnum,
1096 762 1339 807 secundum
1362 760 1493 804 verba
1524 759 1715 813 Domini,
1764 804 1767 806 ,

325 843 367 877 et
404 833 556 878 datum
588 844 651 878 est
693 835 810 893 genti
847 834 1020 879 facienti
1045 836 1255 896 justitiam
1271 869 1280 887 ‚
1318 840 1497 893 possunt
1531 831 1720 890 objicere

326 903 477 947 alienae
507 905 567 948 rei
591 905 989 964 concupiscentiam
1016 908 1027 931 ¹
1056 927 1066 963 3
1092 906 1194 965 quia
1217 903 1411 949 Ecclesia
1437 901 1596 947 Christi
1619 915 1720 960 pos-

325 974 450 1030 sidet,
478 976 555 1020 ubi
576 985 870 1035 persecutores
893 977 1054 1021 Christi
1076 976 1335 1035 regnabant.
1361 977 1419 1018 Et
1437 982 1534 1033 post
1553 972 1715 1024 omnia,

326 1061 425 1090 cum
448 1048 570 1090 vobis
592 1047 690 1106 ipsis
721 1046 887 1092 dictum
914 1047 1046 1091 fuerit
1067 1068 1074 1092 :
1099 1052 1182 1091 Res
1206 1046 1366 1091 alienas
1392 1045 1715 1103 concupiscitis,

325 1117 427 1176 quia
450 1117 787 1161 Maximianistas
810 1116 864 1161 de
890 1117 1082 1176 basilicis
1103 1118 1306 1177 ejecistis,
1328 1114 1435 1176 quid
1458 1112 1719 1174 respondea-

330 1196 396 1240 tis,
423 1202 511 1230 non
531 1196 750 1231 invenitis.

383 1259 601 1301 CXXXV.
626 1261 886 1301 Pmmfflns
903 1258 1008 1301 dixit
1027 1278 1034 1302 2
1060 1260 1191 1311 «Qua
1209 1258 1337 1316 igitur
1354 1258 1451 1314 lege
1475 1271 1550 1300 vos
1567 1254 1719 1300 Chris-

326 1328 463 1370 tianos
485 1327 726 1380 ostenditis,
749 1343 850 1371 cum
871 1327 955 1387 legi
971 1329 1187 1373 contraria
1210 1329 1382 1373 faciatis
1400 1329 1417 1370 P
1437 1348 1452 1367 »

383 1398 625 1440 CXXXVI.
666 1401 941 1442 Auen-snmus
984 1399 1205 1458 respondit
1233 1418 1240 1443 :
1277 1398 1468 1457 Litigare
1506 1397 1570 1440 vis
1587 1431 1597 1450 ,
1627 1410 1714 1439 non
1775 1456 1787 1466 ,

326 1466 565 1526 disputare.
1786 1461 1792 1470 ’

385 1538 650 1581 CXXXVII.
679 1540 940 1582 PETILIANUS
969 1537 1073 1582 dixit
1107 1558 1116 1583 z
1146 1559 1164 1580 «
1202 1539 1312 1583 Dicit
1334 1546 1478 1582 autem
1506 1536 1718 1580 Dominus

326 1609 520 1653 Christus
543 1628 550 1653 :
581 1629 599 1650 «
625 1610 712 1662 Qui
732 1608 887 1654 fecerit
908 1620 951 1653 et
979 1611 1037 1654 sic
1059 1609 1274 1664 docuerit,
1308 1609 1518 1653 maximus
1541 1606 1718 1651 vocabi-

331 1697 349 1718 »
385 1689 457 1723 tur
476 1682 520 1723 in
541 1695 674 1738 regno
693 1679 953 1724 coelorum‘2.
985 1700 1003 1721 »
1034 1681 1101 1726 Sic
1124 1691 1278 1731 autem,
1294 1696 1369 1725 vos
1391 1680 1569 1724 miseros
1591 1678 1718 1722 dam-

327 1759 401 1793 uat
423 1769 431 1794 ;
450 1752 534 1803 Qui
558 1750 778 1795 resolverit
801 1766 939 1794 unum
957 1766 1007 1794 ex
1025 1751 1090 1795 his
1116 1751 1345 1805 mandatis,
1372 1750 1579 1794 minimus
1600 1763 1721 1793 voca-

331 1819 446 1863 bitur
464 1819 509 1862 in
528 1835 662 1878 regno
684 1820 913 1865 coelorum.
945 1840 964 1862 »

386 1891 675 1934 CXXXVIII.
713 1895 988 1934 Anat-susus
1023 1891 1247 1950 respondit
1276 1911 1284 1936 :
1324 1891 1407 1935 Ubi
1446 1889 1562 1934 forte
1598 1889 1722 1934 aliter

327 1959 434 2004 dicis
450 1961 694 2005 testimonia
708 1962 1043 2020 Scripturarum,
1057 1977 1188 2021 quam
1203 1977 1293 2006 sese
1304 1961 1484 2016 habent,
1500 1970 1543 2005 et
1558 1959 1614 2005 ad
1632 1974 1721 2004 rem

328 2047 427 2090 quae
451 2033 563 2075 inter
585 2047 663 2076 nos
686 2033 845 2090 agitur,
868 2048 957 2076 non
981 2033 1186 2092 pertinet,
1212 2047 1300 2077 non
1331 2032 1457 2076 nimis
1479 2046 1586 2076 curo
1612 2049 1622 2075 :
1648 2030 1723 2074 ubi

329 2112 474 2146 autem
491 2104 738 2162 impediunt
755 2104 875 2162 quod
891 2113 1142 2161 tractamus,
1162 2105 1243 2148 nisi
1266 2104 1475 2148 veraciter
1495 2101 1723 2162 proferan-

328 2183 415 2228 tur,
442 2189 532 2217 non
552 2184 594 2217 te
615 2175 802 2218 arbitror
819 2190 1074 2219 succensere
1097 2175 1272 2230 debere,
1293 2175 1326 2218 si
1348 2171 1724 2234 quemadmodum

327 2244 535 2303 scriptum
555 2245 610 2288 sit
626 2254 668 2288 te
691 2260 1001 2290 commemoro.
1015 2248 1126 2289 Ecce
1145 2246 1230 2290 hoc
1243 2244 1364 2305 quod
1381 2244 1512 2289 modo
1525 2244 1721 2304 posuisti,

327 2330 416 2358 non
437 2315 496 2358 ita
513 2315 721 2373 scriptum
743 2325 807 2359 est
834 2335 842 2359 ε
870 2315 945 2359 sed
966 2316 1024 2359 ita
1048 2316 1192 2374 potius
1212 2332 1220 2356 :
1243 2335 1262 2357 «
1286 2316 1371 2368 Qui
1394 2314 1568 2360 solverit
1586 2327 1723 2357 unum

331 2385 422 2428 »de
445 2385 659 2429 mandatis
680 2386 767 2430 istis
789 2385 1050 2440 minimis,et
1073 2386 1271 2430 docuerit
1287 2386 1580 2440 sic,minimus
1593 2400 1724 2429 voca-

330 2453 482 2497 »bitur
507 2456 552 2498 in
585 2471 719 2514 regno
750 2455 978 2500 coelorum.
1014 2457 1098 2510 Qui
1130 2466 1276 2502 autem
1309 2456 1460 2500 fecerit
1487 2465 1530 2500 et
1550 2455 1610 2499 sic
1643 2456 1723 2499 do-

333 2524 518 2579 nouerit,
532 2540 712 2583 magnus
724 2526 953 2571 vocabitur
969 2527 1012 2571 in
1029 2541 1164 2585 regno
1176 2526 1434 2573 coelorum.»
1448 2529 1501 2570 Et
1516 2527 1726 2570 continuo

386 2615 392 2630 ¹
419 2609 531 2641 Matth.
554 2621 618 2650 xxi,
637 2611 691 2651 43.
708 2628 748 2633 -
767 2612 843 2643 ²1⁸1.
866 2622 898 2650 v,
923 2623 971 2652 ¹9·
