1825 3264
266 233 429 264 com-M
461 232 663 262 numus
694 234 928 271 PET!L1AN1‚
963 234 1045 260 Lm.
1082 233 1148 259 111.
1332 221 1412 258 207

33 298 260 346 traditores
293 299 518 360 appelletis
541 313 613 344 eos
640 313 750 360 quos
785 297 1068 342 traditoribus
1100 295 1422 342 communionis

34 371 207 416 tramite
227 371 477 416 successisse
498 369 568 415 vel
590 370 751 430 fingitis
774 369 843 414 vel
860 370 1038 428 putatis.
1064 369 1149 422 Qui
1172 383 1275 427 ergo
1290 367 1422 427 ipsius

35 457 176 487 causae
197 450 351 486 vestrae
382 441 654 495 necessitate,
680 441 808 485 etiam
841 438 1222 484 Rusiccadiensem
1248 437 1317 483 vel
1338 440 1424 484 Ca-

37 511 274 558 lamensem
296 511 364 558 vel
382 511 612 573 cujuslibet
630 511 805 556 alterius
822 510 1005 556 civitatis
1023 509 1211 570 aliquem
1231 510 1286 553 de
1303 518 1425 567 parte

16 573 19 578 ⁴
37 591 178 628 vestra
197 584 228 639 ¹,
254 583 392 628 Gestis
411 582 746 642 municipalibus
767 581 1117 626 demonstratum
1133 581 1320 624 dicerem
1339 590 1426 624 tra-

37 651 249 709 ditorem,
273 654 395 698 omni
429 653 560 698 modo
594 668 693 698 eum
727 651 964 697 defendere
1003 661 1247 710 cogeretur,
1272 650 1328 695 de
1348 666 1427 695 suo

35 725 350 784 praedecessore
372 725 596 769 conticuit.
625 723 775 779 Unde,
814 723 895 768 nisi
916 723 1018 783 quia
1049 723 1120 767 hic
1143 738 1231 766 non
1263 721 1430 767 invenit

33 810 168 855 quam
189 795 416 854 caliginem
441 796 714 850 offunderet,
739 795 858 840 unde
886 794 1037 839 saltem
1061 794 1259 838 homines
1282 802 1429 837 mente

35 866 300 913 tardissimos
336 877 380 912 et
411 867 825 912 somnolentissimos
850 866 1021 911 falleret
1042 868 1058 907 ?
1079 865 1195 919 Quid
1219 866 1335 909 enim
1359 865 1428 908 di-

36 946 181 992 ceret,
210 937 291 982 nisi
317 936 423 982 falsa
454 937 508 982 de
545 938 735 995 Sylvano
765 937 845 982 ista
868 936 1052 997 jactari?
1077 935 1160 981 Sed
1199 936 1431 980 recitamus

37 1008 163 1052 Gesta
182 1042 192 1062 ‚
218 1017 262 1053 et
279 1009 458 1069 quando
481 1009 645 1053 factum
668 1009 748 1063 sit,
774 1018 817 1053 et
839 1008 1017 1068 quando
1038 1008 1167 1052 etiam
1190 1005 1431 1065 Zenophilo

35 1078 252 1123 consulari
281 1078 516 1138 allegatum
556 1080 624 1124 sit.
659 1080 828 1134 Quibus
849 1079 1073 1140 quomodo
1094 1078 1174 1123 ille
1199 1080 1429 1132 resisteret,

39 1158 186 1208 septus
223 1149 420 1208 undique
459 1150 624 1210 optima
660 1167 789 1196 causa
811 1150 1080 1205 Catholicae,
1116 1159 1256 1193 vestra
1288 1158 1433 1192 autem

38 1220 247 1279 pessima?
278 1220 402 1265 Unde
436 1222 516 1266 ista
557 1223 690 1266 verba
722 1237 1019 1267 commemoro
1052 1237 1099 1265 ex
1129 1220 1202 1264 illa
1239 1218 1433 1279 Epistola

38 1305 134 1335 mea
154 1326 164 1346 ,
190 1293 261 1336 cui
284 1307 360 1351 per
383 1293 495 1336 hanc
517 1308 650 1351 quam
674 1308 792 1338 nunc
828 1292 996 1348 refello,
1023 1291 1161 1337 videri
1183 1291 1322 1336 voluit
1344 1306 1435 1334 res-

38 1361 244 1420 pondisse
270 1381 279 1406 :
306 1363 459 1422 utique
481 1372 531 1406 ut
557 1362 739 1407 videatis
755 1398 765 1417 ‚
798 1378 930 1422 quam
953 1363 1115 1407 invicte
1138 1361 1328 1421 positum
1352 1361 1434 1414 sit,

41 1440 194 1478 contra
215 1432 337 1493 quod
369 1432 443 1477 ille
471 1432 582 1477 nihil
602 1434 740 1478 tutius
764 1434 959 1478 iuvenire
981 1433 1127 1493 potuit
1147 1447 1279 1492 quam
1303 1431 1436 1475 silen-

44 1502 172 1547 tium.

101 1577 236 1627 Lxx.
275 1577 389 1620 Cum
414 1576 531 1619 enim
553 1591 605 1620 ex
627 1574 865 1635 Evangelio
889 1575 1010 1620 velut
1035 1583 1187 1619 contra
1211 1588 1292 1618 nos
1325 1573 1440 1616 testi·

44 1647 243 1691 monium
263 1647 490 1706 posuisset,
512 1647 588 1691 ubi
607 1647 815 1691 Dominus
843 1647 931 1692 ait:
956 1666 977 1690 «
1002 1647 1190 1690 Venient
1212 1644 1268 1688 ad
1297 1659 1372 1688 vos
1394 1645 1440 1686 in

46 1734 67 1758 »
91 1717 251 1762 vestitu
271 1718 418 1762 ovium
435 1752 447 1771 ,
466 1718 726 1762 intrinsecus
749 1727 893 1762 autem
917 1727 1021 1762 sunt
1034 1717 1128 1776 lupi
1148 1732 1323 1776 rapaces
1342 1735 1352 1772 3
1382 1729 1433 1759 ex

47 1803 70 1828 »
93 1785 313 1832 fructibus
334 1802 484 1833 eorum
510 1789 782 1847 cognoscetis
804 1803 876 1833 eos
892 1791 909 1813 ²
937 1807 945 1832 :
975 1806 995 1829 n
1020 1802 1101 1845 ego
1130 1785 1333 1845 respondi
1354 1820 1365 1839 ,
1397 1794 1441 1828 et

47 1855 135 1901 dixi
158 1875 167 1902 ε
196 1876 216 1899 «
241 1860 356 1916 Ergo
377 1857 548 1903 fructus
563 1859 888 1903 consideremus
910 1878 919 1902 :
943 1876 962 1899 n
990 1867 1083 1902 tum
1109 1857 1320 1902 continuo
1343 1855 1441 1899 sub-

40 1926 150 1987 jeci‚
190 1937 235 1972 et
269 1927 448 1989 adjunxi
476 1948 486 1975 :
514 1949 534 1972 «
559 1929 759 1988 Objicitis
801 1928 1106 1978 traditionem,
1152 1928 1266 1971 hanc
1307 1927 1443 1984 ipsam

45 1996 188 2042 multo
213 1999 483 2058 probabilius
517 2015 594 2043 nos
620 1999 746 2044 vobis
774 1999 1018 2058 objicimus.
1043 2001 1099 2042 Et
1123 2013 1177 2041 ne
1208 2012 1284 2055 per
1304 1995 1443 2039 multa

47 2083 295 2122 curramus,
321 2070 367 2112 in
405 2069 556 2112 eadem
590 2069 958 2114 Constantiniensi
991 2067 1165 2112 civitate
1203 2066 1441 2123 Sylvanum

50 2140 299 2198 episcopum
332 2140 514 2199 majores
550 2141 680 2184 vestri
707 2140 749 2183 in
774 2140 867 2199 ipso
889 2139 1064 2184 exordio
1104 2138 1171 2182 sui
1207 2136 1448 2182 schismatis

49 2211 375 2256 ordinaverunt.
404 2214 488 2255 Iste
510 2226 610 2255 cum
641 2211 785 2255 adhuc
821 2220 930 2255 esset
963 2210 1281 2264 subdiaconus,
1307 2208 1448 2252 mani-

49 2281 303 2326 festissimus
318 2281 502 2327 traditor
522 2282 860 2342 municipalibus
883 2282 1026 2327 Gestis
1049 2297 1275 2341 expressus
1296 2289 1374 2324 est.
1403 2279 1447 2324 Si

52 2362 97 2398 et
134 2368 211 2399 vos
240 2352 444 2398 adversus
486 2355 666 2414 majores
698 2363 867 2398 nostros
889 2353 1034 2414 aliqua
1054 2352 1320 2397 documenta
1340 2365 1447 2409 pro-

49 2423 203 2478 fertis,
238 2438 364 2482 aequa
398 2422 592 2468 conditio
624 2424 886 2483 postulatur,
925 2432 975 2468 ut
1007 2432 1193 2481 utraque
1232 2436 1333 2464 vera
1370 2430 1446 2464 aut

51 2504 239 2555 utraque
259 2492 366 2538 falsa
383 2494 625 2539 credamus.
654 2494 698 2539 Si
728 2503 914 2554 utraque
945 2508 1048 2537 vera
1082 2501 1210 2547 sunt,
1235 2506 1312 2536 vos
1347 2490 1448 2535 estis

104 2585 114 2602 ¹
137 2578 284 2614 Videtib.
300 2586 336 2611 ιιι
355 2581 467 2611 contra
480 2579 634 2612 crescon.
655 2587 728 2620 cap.
747 2585 856 2620 27.·-
871 2583 885 2601 ²
901 2575 1024 2610 Matth·
1045 2585 1102 2616 vu,
1132 2585 1161 2608 ι.
