1825 3264
313 227 396 267 324
743 236 776 261 s.
813 232 1045 260 Atctsnm
1078 231 1257 258 EPISCOPl

309 305 427 349 idem
462 300 828 345 medicamentum
862 299 939 343 hos
974 306 1126 349 curat,
1150 296 1246 341 illos
1279 296 1478 340 debilitat
1505 315 1514 340 ι
1543 296 1694 340 eadem

308 388 426 418 arma
448 371 552 415 alios
584 369 792 413 muniunt
807 403 817 423 ,
850 367 953 412 alios
975 365 1221 425 impediunt
1247 385 1255 410 :
1281 366 1434 411 eadem
1452 366 1582 410 vestis
1604 364 1696 409 aliis

308 451 564 502 tegumento
588 451 678 495 est,
704 439 794 485 aliis
817 439 1158 498 implicamento.
1183 438 1252 482 Sic
1273 446 1317 481 et
1343 437 1583 496 baptismus
1605 435 1697 481 aliis

305 513 421 559 valet
441 512 496 556 ad
513 526 712 569 regnum,
738 510 830 555 aliis
854 509 908 553 ad
921 508 1154 569 judicium.

363 585 529 628 XXIX.
558 582 638 626 Hic
652 575 779 626 video
801 579 909 640 quid
931 588 973 623 te
994 579 1123 638 possit
1145 592 1334 623 movere.
1362 580 1560 622 Fortasse
1582 577 1697 620 enim

302 653 424 706 dicis,
446 651 567 712 quod
584 653 630 695 in
654 652 718 696 his
741 651 946 696 omnibus
974 648 1082 692 nihil
1103 648 1360 692 sacramenti
1378 662 1698 692 commemora-

302 723 439 768 verim
467 741 475 767 :
507 722 746 781 baptismus
780 729 927 765 autem
955 728 1156 764 sanctum
1179 727 1499 763 sacramentum
1532 727 1626 771 est,
1657 725 1701 760 et

300 794 401 838 ideo
422 809 510 838 non
529 809 619 838 esse
640 807 927 852 consequens,
953 800 1002 835 ut
1025 791 1060 834 si
1083 790 1137 834 de
1168 806 1273 834 auro
1291 824 1301 844 ‚
1327 789 1381 833 de
1405 789 1525 842 luce,
1544 787 1599 832 de
1620 787 1700 831 ali-

303 864 490 918 mentis,
519 863 823 917 armamentis,
865 861 1133 905 indumentis
1169 860 1343 919 probari
1375 860 1540 918 potuit,
1581 856 1703 917 quod

303 933 394 978 aliis
430 933 692 976 habentibus
716 942 815 991 apta
854 931 960 985 sint,
987 930 1080 974 aliis
1102 930 1469 983 inconvenientia,
1505 929 1702 988 quamvis

303 1005 390 1048 sint
405 1004 518 1047 bona
535 1012 578 1046 et
595 1003 651 1046 ad
670 1001 775 1046 utile
798 1000 964 1060 aliquid
988 1000 1423 1056 instituta,continuo
1439 1000 1570 1043 etiam
1594 999 1704 1058 bap-

301 1075 454 1118 tismus
473 1073 564 1116 aliis
578 1073 727 1132 prosit,
745 1072 836 1114 aliis
855 1070 968 1114 obsit
981 1070 1260 1114 habentibus.
1276 1073 1427 1114 Restat
1444 1085 1547 1128 ergo
1559 1068 1703 1114 adhuc

301 1143 539 1202 requirere,
565 1151 714 1186 utrum
737 1141 868 1184 etiam
892 1139 966 1184 illa
986 1140 1102 1183 bona
1124 1155 1223 1200 quae
1242 1139 1297 1183 ad
1323 1143 1483 1198 Legem
1509 1140 1585 1183 Dei
1608 1154 1704 1198 per-

303 1213 462 1268 tinent,
478 1212 624 1256 omnia
642 1212 846 1256 omnibus
862 1210 1125 1254 habentibus
1147 1209 1330 1269 prosint.
1350 1212 1440 1254 llac
1459 1210 1702 1269 quaestione

302 1283 539 1342 proposita,
559 1282 746 1326 intentio
769 1289 913 1325 nostra
931 1290 1010 1334 est,
1037 1281 1158 1340 quod
1181 1295 1261 1324 nec
1282 1281 1373 1338 ipsa
1398 1281 1544 1324 omnia
1567 1280 1703 1323 omni-

302 1353 385 1397 bus
409 1351 672 1396 habentibus
707 1351 888 1410 prosint.
920 1352 1043 1394 Hanc
1068 1350 1356 1393 intentionem
1386 1359 1577 1394 nostram
1606 1348 1704 1393 vide

304 1422 680 1482 quemadmodum
704 1422 941 1480 probemus
963 1436 1014 1464 ex
1031 1421 1384 1465 concessionibus
1406 1421 1572 1464 vestris.
1594 1421 1708 1464 Con-

306 1493 459 1538 ceditis
482 1493 599 1536 enim
628 1493 674 1535 in
695 1491 898 1536 omnibus
919 1490 1190 1535 credendum
1213 1506 1303 1535 esse
1330 1490 1525 1550 apostolo
1552 1489 1702 1534 Paulo.

308 1566 453 1607 Teneo
465 1561 874 1607 unum.Conceditis
889 1562 1020 1606 etiam
1035 1560 1238 1605 eumdem
1249 1561 1510 1620 Apostolum
1523 1560 1704 1604 dixisse:

309 1652 330 1675 «
348 1636 468 1677 Bona
487 1643 550 1677 est
573 1636 659 1676 Lex
680 1636 709 1675 ¹.
739 1651 758 1673 »
784 1633 859 1676 His
877 1632 1049 1676 duobus
1063 1633 1309 1686 conficitur,
1331 1633 1492 1676 bonam
1509 1647 1598 1675 esse
1621 1634 1707 1674 Le-

308 1719 422 1764 gem,
449 1703 524 1747 sed
541 1703 732 1761 legitime
754 1703 993 1747 utentibus.
1018 1705 1061 1747 Si
1086 1717 1187 1761 ergo
1205 1719 1255 1747 ea
1277 1719 1366 1748 non
1386 1703 1578 1761 legitime
1605 1717 1709 1746 usus

306 1776 492 1834 quisque
514 1775 647 1818 fuerit
664 1808 675 1829 ,
700 1789 790 1817 non
805 1775 896 1833 ipsa
912 1775 960 1817 fit
984 1772 1123 1828 mala,
1152 1772 1229 1817 sed
1253 1784 1369 1817 certe
1393 1775 1536 1818 oberit
1560 1773 1704 1818 malis.

371 1847 511 1888 XXX.
545 1845 752 1888 Fortassis
772 1843 903 1899 dices,
922 1844 1141 1888 neminem
1164 1859 1285 1902 posse
1311 1853 1354 1887 et
1382 1844 1427 1886 in
1448 1847 1561 1901 Lege
1592 1859 1707 1896 esse,

309 1925 352 1961 et
365 1919 480 1975 Lege
497 1915 609 1959 male
626 1916 715 1960 uti:
741 1915 824 1959 hoc
847 1915 940 1974 ipso
963 1916 1078 1958 enini
1103 1914 1223 1975 quod
1236 1923 1386 1959 contra
1405 1917 1565 1973 Legem
1585 1914 1708 1968 vivit,

311 2003 402 2032 non
419 2002 508 2031 esse
535 1986 582 2030 in
599 1989 715 2046 Lege
732 1995 1013 2030 monstratur.
1036 1987 1199 2030 Contra
1225 2000 1306 2044 ego
1329 1986 1443 2039 dico,
1470 1984 1562 2028 fieri
1591 1998 1711 2043 posse

311 2067 361 2103 ut
378 2060 562 2118 quisque
576 2059 676 2102 etin
690 2061 802 2116 Lege
818 2059 892 2112 sit,
910 2067 953 2101 et
973 2072 1061 2101 non
1075 2055 1266 2115 legitime
1284 2055 1583 2108 utatur.Quod
1602 2055 1705 2098 item

314 2129 465 2173 vestris
488 2127 835 2173 concessionibus
852 2126 1268 2186 probo.Conceditis
1288 2126 1405 2169 enim
1423 2134 1711 2170 memoratum

319 2198 579 2259 Apostolum
602 2198 900 2242 testimonium
922 2198 1112 2257 posuisse
1129 2197 1184 2240 de
1213 2196 1391 2240 Psalmis
1416 2196 1618 2240 adversus
1640 2210 1712 2240 eos

319 2271 397 2330 qui
416 2269 715 2329 gloriabantur
726 2269 771 2312 in
786 2271 915 2327 Lege,
927 2277 971 2311 et
983 2268 1189 2312 vivebant
1205 2274 1354 2310 contra
1376 2268 1547 2324 Legem.
1559 2285 1579 2307 «
1592 2266 1712 2311 Sicut

327 2360 345 2382 »
366 2341 575 2399 scriptum
595 2349 674 2394 est,
699 2339 859 2398 inquit,
880 2337 981 2397 quia
1002 2352 1092 2381 non
1111 2346 1174 2380 est
1192 2338 1333 2395 justus
1356 2336 1603 2396 quisquam,
1621 2351 1712 2380 non

324 2429 346 2452 »
366 2420 428 2454 est
443 2410 704 2469 intelligens,
723 2425 811 2454 non
833 2418 894 2452 est
915 2409 1139 2468 inquirens
1165 2411 1300 2451 Deum
1321 2427 1332 2464 3
1350 2422 1498 2450 omnes
1516 2406 1710 2450 declina·
1756 2415 1761 2418 '

325 2497 348 2523 »
367 2490 540 2536 verunt,
565 2480 694 2526 simul
717 2478 890 2526 inutiles
912 2478 1014 2524 facti
1035 2488 1153 2534 sunt,
1177 2493 1265 2523 non
1288 2488 1352 2522 est
1368 2478 1445 2538 qui
1468 2478 1598 2522 faciat
1626 2477 1708 2520 bo-

372 2561 415 2601 ξι
438 2563 515 2595 Tim.
536 2573 562 2604 ι,
581 2565 612 2596 ὃ.
