1825 3264
316 273 398 312 530
746 279 781 309 s.
818 279 1050 309 Aucus-nm
1083 281 1264 309 nxscom

311 346 463 392 audire
489 353 759 391 meruerunt.
801 347 938 404 Negas
966 344 1158 390 furorem
1192 341 1604 389 Circumcellionum
1620 374 1632 396 ‚
1651 349 1696 385 et

310 416 681 476 praecipitatorum
702 414 819 460 ultro
841 415 1102 460 cadaverum
1125 412 1269 459 cultus
1285 411 1514 471 sacrilegos
1534 414 1694 471 etjpro-

313 486 437 533 fanos
461 504 472 533 z
497 502 587 532 non
604 496 750 531 tamen
775 502 924 546 negas,
943 506 964 530 «
989 485 1412 545 cumAEgyptiorum
1435 483 1491 528 ad
1512 482 1695 528 modum

308 557 506 618 exemplo
531 559 808 618 pereuntium
842 557 1068 603 funeribus
1099 557 1228 618 plena
1250 565 1392 601 essent
1413 555 1574 610 littora,
1594 554 1692 616 qui-

305 629 389 673 bus
408 629 455 673 in
477 630 569 688 ipsa
587 638 727 674 morte
750 630 887 690 major
907 638 971 673 est
992 644 1146 689 poena,
1171 627 1292 688 quod
1311 642 1392 671 nec
1415 626 1552 686 ipsam
1572 626 1696 670 inve-

302 709 466 743 nerunt
481 699 767 759 sepulturam,
797 717 817 740 »
840 700 903 743 his
915 715 990 744 vos
1006 698 1233 758 insepultis
1255 696 1538 742 cadaveribus
1556 696 1695 740 inhae-

300 770 416 814 sisse.
443 770 511 814 Ibi
532 771 647 815 enim
659 770 1175 831 jacebantPraetextatus
1197 778 1240 814 et
1269 772 1301 814 F
1308 768 1514 814 elicianus
1534 786 1543 813 :
1569 776 1643 812 aut
1662 767 1697 812 si

297 839 416 900 apud
437 856 512 886 vos
533 841 796 897 revixerunt,
823 840 930 901 quid
956 842 1013 886 de
1030 841 1246 901 baptismo
1266 840 1405 898 agitis,
1431 853 1565 900 quem
1586 847 1693 883 tunc

301 911 465 956 mortui
486 910 791 956 tradiderunt?

352 982 601 1026 LXXVIII.
638 981 751 1026 Dicis
777 996 846 1025 me
874 996 963 1025 non
985 995 1171 1025 servasse
1192 995 1346 1039 pacem
1368 995 1417 1024 ac
1446 979 1690 1034 lenitatem,

296 1067 431 1111 quam
455 1051 670 1111 principio
692 1051 936 1096 litterarum
950 1066 1145 1096 mearum
1163 1052 1464 1112 promiseram,
1485 1049 1606 1111 quod
1625 1052 1695 1096 Sa-

302 1131 449 1166 tanam
472 1122 733 1167 Petilianum
763 1122 1086 1183 appellaverim.
1113 1125 1208 1182 Ego
1224 1138 1314 1168 non
1329 1121 1591 1167 Petilianum
1614 1135 1695 1166 nec

301 1207 569 1253 quemquam
584 1193 805 1237 hominem
824 1193 868 1237 in
891 1202 1012 1253 parte
1031 1194 1211 1248 Donati,
1233 1193 1308 1238 sed
1335 1194 1478 1252 ipsum
1504 1206 1694 1237 errorem

302 1263 436 1323 partis
459 1264 640 1319 Donati,
667 1266 837 1309 Satanae
854 1264 1101 1323 comparavi
1120 1283 1129 1309 ε
1160 1280 1212 1309 ex
1227 1267 1352 1325 cujus
1369 1263 1536 1324 laqueis
1552 1262 1696 1308 homi-

301 1349 401 1389 nes,
426 1349 535 1395 quos
559 1333 694 1393 diligo
725 1335 855 1394 cupio
878 1334 1070 1379 liberari.
1107 1337 1214 1381 Nam
1243 1334 1340 1394 lege
1361 1334 1693 1389 consideratius,

299 1404 510 1449 invenies.
538 1407 801 1465 Quanquam
832 1414 876 1449 et
902 1407 936 1449 si
964 1405 1131 1466 aliquid
1162 1406 1312 1450 durius
1334 1404 1451 1460 dixi,
1476 1404 1573 1464 lege
1594 1420 1694 1464 quae

300 1474 397 1533 ipsi,
423 1490 514 1519 non
536 1475 580 1519 in
599 1490 788 1520 errorem
803 1476 1224 1531 Maximianensium,
1250 1475 1327 1520 sed
1349 1475 1393 1519 in
1414 1476 1530 1534 ipsos
1552 1474 1696 1519 homi-

301 1559 377 1588 nes
399 1544 605 1589 dixeritis.
627 1548 659 1589 F
665 1545 898 1590 elicianum
919 1561 1022 1606 ergo
1036 1545 1274 1591 Petilianus
1295 1546 1507 1602 imitetur,
1531 1545 1697 1590 etmihi

301 1631 456 1674 pacem
477 1615 741 1660 desideranti
763 1632 854 1661 non
875 1618 1101 1662 irascatur.

362 1688 564 1729 LXXIX.
594 1687 691 1730 Tibi
721 1697 836 1731 certe
856 1688 948 1746 ipse
975 1704 1064 1733 non
1089 1703 1347 1744 succenseo,
1371 1687 1492 1749 quod
1517 1688 1625 1732 mihi
1645 1702 1696 1732 ex

299 1755 481 1815 obliquo
503 1758 769 1801 Manichaeos
787 1757 1057 1817 objiciendos
1076 1760 1294 1818 putaveris
1314 1769 1491 1818 propter
1505 1774 1696 1804 errorem

301 1825 607 1870 adolescentiae
625 1841 747 1870 meae.
771 1827 895 1871 Unde
910 1843 997 1873 non
1022 1838 1110 1873 tam
1122 1829 1267 1884 doleo,
1291 1820 1515 1874 confidens
1528 1831 1582 1874 de
1603 1845 1698 1887 per-

300 1906 431 1957 petua
456 1897 592 1956 gloria
612 1897 873 1942 Liberatoris
890 1900 992 1954 mei,
1012 1915 1145 1960 quam
1172 1900 1206 1944 si
1229 1900 1372 1959 placet
1392 1900 1624 1956 admoneo,
1648 1910 1698 1946 ut

303 1983 471 2028 quaeras
490 1967 659 2026 ctlegas
677 1984 776 2028 quae
789 1978 832 2013 et
845 1979 1009 2029 quanta
1029 1979 1072 2014 et
1093 1970 1317 2031 quomodo
1337 1971 1543 2017 adversus
1560 1972 1699 2017 Mani-

301 2039 524 2083 chaeorum
554 2038 944 2098 pestilentissimam
973 2041 1168 2084 haeresim
1197 2041 1457 2100 scripserim.
1490 2042 1558 2086 Ibi
1578 2042 1699 2086 vide-

301 2108 367 2153 bis
384 2125 469 2169 qua
487 2109 573 2153 fide
590 2118 741 2155 contra
760 2125 832 2155 eos
854 2111 1130 2156 christianam
1151 2110 1421 2157 defenderim
1439 2113 1666 2157 veritatem
1679 2147 1693 2169 ‚

301 2195 543 2241 eorumque
565 2180 753 2226 fallacias
775 2191 938 2242 quanta
962 2183 1269 2242 perspicuitate
1295 2182 1583 2228 destruxerim
1609 2203 1620 2228 :
1644 2192 1688 2228 et

302 2250 393 2296 noli
415 2267 502 2296 esse
530 2250 733 2297 adversus
757 2268 826 2298 me
847 2252 1109 2308 incredulus,
1129 2269 1230 2298 cum
1247 2253 1517 2298 Felicianum
1537 2254 1694 2299 credas

307 2322 523 2368 Primiano
541 2322 726 2368 fideliter
743 2323 977 2379 inhaesisse,
1002 2324 1077 2384 qui
1095 2339 1173 2384 pro
1190 2324 1453 2369 Maximiano
1477 2333 1597 2369 tanta
1613 2325 1695 2370 cri-

303 2394 420 2438 mina
434 2394 479 2437 in
494 2409 594 2438 eum
608 2395 821 2439 sententia
835 2394 1104 2440 damnatoria
1122 2394 1276 2440 dixerit
1289 2416 1300 2453 3
1319 2405 1470 2440 contra
1488 2395 1691 2440 eumdem

300 2478 402 2509 vero
422 2464 735 2509 Maximianum
761 2475 805 2510 et
839 2466 894 2510 ab
924 2482 976 2510 eo
1008 2466 1261 2512 dissociatus
1300 2465 1467 2526 aliquid
1500 2466 1686 2511 forsitan

302 2534 533 2593 scripserit,
548 2535 594 2579 in
609 2551 741 2596 quem
758 2551 847 2581 non
861 2536 973 2582 sicut
983 2552 1064 2596 ego
1078 2537 1124 2581 in
1137 2535 1233 2582 illos
1245 2536 1516 2592 adolescens,
1531 2536 1689 2592 laicus,

302 2605 641 2652 catechumenus
663 2606 893 2664 inciderat,
917 2606 995 2653 sed
1019 2622 1148 2654 senex
1168 2621 1316 2654 senem
1334 2607 1374 2653 ei
1390 2607 1463 2653 cui
1478 2622 1598 2654 nnnc
1612 2607 1694 2653 ad-
