1825 3264
330 239 410 276 232
760 248 793 270 s.
831 244 1061 271 Aucus‘rim
1095 244 1276 270 EPJSCOPI

329 321 550 371 acceperat
579 309 734 368 legem.
768 309 879 353 Hinc
900 311 990 369 jam
1023 318 1162 367 potest
1199 306 1425 368 dijudicari
1457 307 1578 366 quod
1606 308 1713 352 dici-
1745 318 1751 321 ’
1779 347 1781 350 .

328 397 436 427 mus.
469 384 733 440 Comparent
761 380 830 423 isti
857 377 1182 423 multitudinem
1210 392 1334 422 suam
1356 378 1400 420 in
1434 376 1549 422 Afris
1575 378 1643 422 vel
1668 378 1715 422 in

326 452 470 498 Africa
493 451 771 495 constitutam
786 485 797 505 ,
825 465 922 494 cum
946 448 1228 493 multitudine
1250 446 1503 492 Judaeorum
1521 462 1599 506 per
1620 463 1715 493 om-

326 539 402 568 nes
426 532 558 567 terras
580 536 858 582 quacumque
880 520 1057 579 dispersi
1072 528 1196 574 sunt,
1217 528 1260 562 et
1281 518 1458 563 videant
1477 533 1610 578 quam
1631 520 1717 564 sint
1783 547 1784 550 =

327 595 371 638 in
389 594 564 638 illorum
580 593 902 651 comparatione
927 591 1186 651 paucissimi.
1214 589 1446 644 Quomodo
1470 604 1572 648 ergo
1596 589 1650 632 de
1673 603 1717 632 se

328 665 493 709 dictum
512 664 791 722 assignabunt
809 682 818 708 ;
845 682 864 705 «
885 661 1012 707 Multi
1025 662 1101 705 filii
1117 662 1299 705 desertae
1316 661 1465 720 magis,
1484 674 1615 720 quam
1626 660 1718 718 ejus

332 754 352 777 »
371 751 469 795 quae
505 735 639 778 hahet
677 734 850 778 virum?
879 750 898 773 »
929 735 1092 776 Rursus
1115 740 1368 791 comparent
1387 728 1715 774 multitudinem

329 806 674 850 Christianorum
699 819 775 863 per
805 818 950 847 omnes
978 811 1151 861 gentes,
1178 802 1338 862 quibus
1360 816 1449 845 non
1470 801 1718 845 communi·
1775 815 1777 817 ·

329 884 453 932 cant,
477 883 520 918 et
544 873 721 919 videant
749 889 880 933 quam
902 873 1028 932 pauci
1049 874 1135 916 sint
1156 873 1202 916 in
1225 871 1549 931 comparatione
1570 883 1720 915 omnes
1761 863 1763 865 ’

330 948 354 990 J
359 946 474 990 udaei
491 967 502 1003 3
526 954 569 989 et
591 945 766 988 tandem
783 944 1017 1004 aliquando
1036 943 1284 1002 intelligant
1299 944 1343 986 in
1363 942 1555 986 Ecclesia
1570 941 1722 985 catho-

329 1017 410 1060 lica
431 1026 525 1060 toto
543 1016 648 1059 orbe
672 1015 830 1058 diffusa
846 1049 857 1069 ,
882 1015 1006 1057 istam
1030 1013 1304 1073 prophetiam
1327 1028 1416 1056 esse
1434 1012 1690 1071 completam
1710 1030 1719 1056 ε

333 1106 353 1129 «
379 1086 507 1130 Multi
524 1086 602 1129 filii
619 1086 799 1129 desertae
815 1085 972 1143 magis,
994 1100 1125 1144 quam
1144 1086 1234 1144 ejus
1254 1100 1353 1144 quae
1372 1084 1507 1128 habet
1521 1084 1676 1127 virum.
1698 1099 1718 1123 »
1752 1112 1755 1115 -

333 1158 415 1201 Sed
438 1156 508 1200 cui
530 1156 708 1199 habenti
730 1155 872 1199 virum
896 1156 990 1199 haec
1013 1153 1179 1198 deserta
1199 1153 1375 1214 praelata
1392 1153 1582 1198 fueritin
1605 1152 1723 1197 mul-
1787 1151 1789 1153 ’

330 1227 517 1272 titudine
539 1226 745 1281 filiorum,
772 1227 825 1270 sit
848 1226 1099 1281 obscurum,
1118 1226 1171 1270 sit
1190 1227 1233 1270 in
1252 1226 1482 1284 aenigmate
1506 1244 1514 1269 ι
1535 1226 1647 1270 hanc
1658 1233 1725 1268 ta-
1784 1224 1788 1230 ⁴

330 1314 432 1342 men
444 1313 533 1341 esse
550 1296 786 1341 Ecclesiam
800 1298 974 1352 Christi,
991 1297 1046 1340 de
1065 1313 1151 1356 qua
1168 1296 1335 1341 dictum
1354 1305 1429 1347 est„
1448 1315 1456 1340 :
1473 1295 1633 1340 «Multi
1646 1294 1725 1339 filii

334 1388 354 1409 »
390 1369 571 1412 desertae
598 1369 748 1426 magis,
775 1384 907 1428 quam
938 1370 1026 1428 ejus
1050 1384 1149 1428 quae
1166 1368 1300 1412 habet
1311 1368 1470 1422 virum,
1493 1366 1727 1427 »quisquis

333 1438 613 1492 contradicit,
640 1453 729 1482 non
751 1439 879 1493 mihi,
907 1437 981 1482 sed
1003 1438 1211 1497 Apostolo
1231 1436 1504 1482 contradicit.

390 1512 512 1552 XIX.
521 1510 645 1553 Unde
654 1518 799 1553 autern
815 1509 976 1553 multos
987 1508 1097 1553 filios
1107 1518 1216 1553 esset
1226 1509 1444 1562 habitura,
1460 1521 1726 1567 consequen-

333 1590 399 1624 ter
422 1579 644 1640 adjungit,
670 1589 712 1623 et
735 1580 794 1623 ait
820 1599 828 1624 ε
865 1599 884 1621 «
903 1580 1017 1624 Dixit
1034 1580 1150 1623 enim
1167 1580 1400 1624 Dominus:
1423 1579 1562 1623 Dilata
1580 1578 1724 1622 locum

338 1650 639 1693 »tabernaculi
655 1649 718 1693 tui
730 1659 772 1694 et
787 1650 982 1693 aularum
999 1659 1173 1694 tuarum
1191 1669 1199 1694 :
1218 1650 1318 1709 fige,
1334 1650 1423 1694 noli
1435 1664 1624 1710 parcere,
1636 1648 1726 1692 lon-

338 1734 447 1778 »gos
469 1719 536 1762 fac
555 1718 772 1764 funiculos
790 1729 887 1764 tuos
901 1755 912 1774 ,
933 1729 974 1763 et
993 1720 1114 1779 palos
1138 1729 1235 1764 tuos
1257 1720 1492 1774 confirma,
1515 1719 1658 1764 adhuc
1680 1717 1726 1761 in

342 1788 568 1833 »dextram
592 1799 635 1834 et
662 1790 707 1833 in
731 1791 944 1834 sinistram
968 1790 1151 1835 extende
1174 1810 1182 1835 :
1208 1800 1250 1835 et
1267 1806 1413 1835 semen
1430 1800 1555 1835 tuum
1579 1798 1726 1849 gentes

340 1858 607 1918 »possidebit
624 1895 634 1914 ,
669 1868 710 1903 et
743 1861 935 1904 civitates
958 1860 1146 1905 desertas
1167 1861 1432 1905 inhabitatis.
1460 1863 1522 1905 Ne
1546 1861 1697 1904 timeas
1713 1894 1724 1914 ,

342 1931 576 1989 »quoniam
590 1930 857 1988 praevalebis,
870 1946 1013 1990 neque
1026 1931 1210 1974 verearis
1223 1930 1341 1990 quod
1358 1928 1623 1974 detestabilis
1634 1928 1730 1973 fue-

339 2018 358 2040 »
372 2000 442 2043 ris.
459 1998 771 2044 Confusionem
793 2009 998 2044 aeternam
1023 2000 1309 2055 oblivisceris,
1324 2000 1574 2059 ignominiae
1585 1999 1729 2044 vidui-

343 2071 472 2114 »tatis
492 2079 579 2114 tuae
594 2086 682 2115 non
696 2072 777 2115 eris
796 2087 981 2116 memor:
995 2073 1201 2132 quoniam
1216 2087 1296 2130 ego
1308 2072 1517 2116 Dominus
1529 2070 1604 2130 qui
1617 2069 1728 2115 facio

340 2157 360 2179 »
374 2149 416 2183 te
431 2175 440 2192 ‚
468 2141 677 2184 Dominus
700 2156 859 2185 nomen
881 2141 968 2196 illi,
995 2151 1036 2185 et
1055 2142 1131 2201 qui
1153 2142 1353 2185 liberavit
1377 2151 1418 2185 te
1436 2176 1447 2196 ,
1467 2145 1580 2185 Deus
1598 2140 1729 2185 Israel

341 2208 582 2252 »universae
601 2219 726 2252 terrae
742 2211 969 2254 vocabitur
983 2214 1162 2255 ¹.»Ecce
1185 2226 1274 2270 quo
1296 2226 1434 2270 usque
1444 2212 1561 2270 jussa
1580 2219 1644 2253 est
1660 2225 1729 2253 ex-

339 2278 516 2321 tendere
542 2277 783 2335 funiculos,
809 2280 948 2324 donec
972 2284 1085 2324 Deus
1109 2282 1198 2339 ejus
1219 2280 1348 2325 Israel
1370 2280 1580 2324 universae
1602 2289 1728 2324 terrae
1772 2288 1779 2292 ’

339 2357 530 2392 vocetur.
558 2352 619 2392 De
636 2349 707 2392 illa
727 2351 890 2409 quippe
913 2360 955 2394 et
977 2351 1014 2393 ei
1037 2350 1195 2394 dicitur
1211 2351 1293 2394 alio
1315 2351 1411 2395 loco
1433 2365 1508 2409 per
1525 2350 1725 2394 eumdem
1786 2390 1790 2392 ,

339 2419 599 2476 Prophetam
617 2439 624 2463 :
653 2438 672 2461 «
700 2423 880 2479 Propter
901 2420 1002 2465 Sion
1021 2435 1107 2464 non
1135 2420 1287 2465 tacebo
1303 2455 1314 2475 ,
1342 2429 1384 2464 et
1405 2429 1583 2480 propter
1598 2423 1727 2464 Jeru-

341 2505 361 2528 »
379 2488 509 2532 salem
530 2504 619 2533 non
641 2491 876 2549 quiescam,
893 2491 1032 2536 donec
1054 2491 1209 2550 prodet
1222 2492 1332 2536 sicut
1343 2492 1417 2535 lux
1430 2491 1596 2550 justitia
1614 2505 1723 2545 mea,

391 2578 397 2593 ¹
421 2572 489 2602 lsai.
511 2583 573 2608 mv,
598 2582 628 2603 ⁶2.
