1825 3264
250 233 411 262 com-im
443 236 705 262 eltEsCONIUM
740 234 1028 277 υοΝΑΤΙεΤΔΜ,
1064 240 1145 266 Lm.
1183 241 1230 265 11.
1356 229 1435 267 337

61 298 333 343 delectantur
354 299 499 343 vocari
526 300 786 355 Donatistae,
816 301 925 346 sicut
955 303 1244 362 Evangelistae
1270 321 1280 348 :
1305 312 1441 362 tuque

60 370 205 428 potius
226 370 283 413 eis
304 369 639 430 facisinjuriam,
660 385 759 414 cum
775 372 940 427 scribis,
965 374 1046 417 «in
1066 373 1201 418 latino
1226 388 1439 428 sermone,

62 455 149 484 non
171 440 252 484 nisi
273 439 452 484 latinam
476 439 668 499 regulam
693 441 898 500 probans,
926 444 1185 489 Donatianos
1212 460 1235 489 a
1254 447 1439 499 Donato,

60 511 171 555 sicut
192 510 246 555 ab
268 511 371 555 Ario
388 520 430 555 et
453 514 619 557 Novato
641 512 822 557 Arianos
844 523 888 557 et
908 515 1170 559 Novatianos
1184 549 1194 569 ,
1219 515 1349 560 velles
1367 531 1444 560 vo-

61 581 163 625 cari.
194 602 208 622 »
235 583 343 626 Nam
364 597 443 639 ego
465 597 565 626 cum
587 582 833 638 scriberem,
854 584 946 643 jam
962 600 984 628 a
1007 586 1149 629 nescio
1169 586 1329 645 quibus
1344 601 1445 644 pro-

62 661 266 711 pagatum
290 653 471 697 sonabat
494 654 576 698 hoc
608 669 790 708 nomen,
816 670 960 715 neque
999 655 1043 699 id
1075 666 1244 700 mutare
1270 658 1441 711 curavi,

62 738 162 767 cum
185 732 227 766 et
247 724 328 767 hoc
351 722 405 767 ad
422 723 741 768 distinctionem
760 740 893 783 quam
909 724 1112 769 volebam
1131 727 1230 770 satis
1246 728 1446 772 sufficere

61 793 362 836 existimarem.
393 795 434 838 Si
457 794 572 837 enirn
600 795 907 839 Demosthenes
930 795 1187 840 clarissimus
1205 807 1443 852 oratorum,

61 862 221 921 quibus
243 863 476 907 verborum
501 871 621 907 tanta
644 863 728 907 fuit
757 879 875 918 cura,
903 873 1067 924 quanta
1089 880 1233 909 rerum
1256 868 1446 910 auctori·

62 932 144 977 bus
165 933 336 987 nostris,
363 948 462 977 cum
493 943 637 978 tamen
655 935 693 978 ei
718 934 976 979 nonnullam
997 935 1230 980 locutionis
1257 936 1449 981 insolen-

61 1003 119 1047 tia
140 1003 364 1062 objecisset
381 1004 623 1058 AEschines,
643 1005 818 1063 negavit
839 1005 912 1049 ille
931 1005 976 1049 in
999 1020 1051 1050 eo
1069 1006 1226 1064 positas
1243 1021 1332 1051 esse
1354 1006 1444 1050 for-

62 1082 189 1117 tunas
212 1074 405 1127 Graeciae,
433 1073 586 1117 illo-ne
600 1089 655 1118 an
672 1073 747 1118 illo
769 1075 903 1118 verbo
924 1090 1025 1118 usus
1047 1075 1194 1129 fuerit,
1222 1084 1264 1119 et
1285 1076 1372 1120 huc
1392 1092 1447 1120 an

59 1141 165 1187 illuc
198 1158 374 1187 manum
401 1144 590 1202 porrexit
614 1164 623 1189 z
650 1153 816 1204 quanto
840 1144 982 1188 minus
999 1159 1077 1189 nos
1095 1144 1292 1189 laborare
1310 1145 1446 1189 debe-

62 1229 160 1258 mus
177 1214 231 1258 de
249 1213 408 1273 regulis
426 1213 765 1259 derivandorum
788 1215 1035 1269 nominum,
1062 1215 1240 1274 quando
1257 1216 1345 1260 sive
1365 1218 1448 1260 hoc

15 1301 21 1309 ¹
61 1284 149 1328 sive
166 1283 275 1328 illud
297 1284 512 1338 dicamus,
531 1284 788 1343 intelligitur
810 1285 901 1328 sine
924 1284 1207 1342 ambiguitate
1234 1286 1354 1346 quod
1379 1287 1446 1330 di-

62 1354 196 1399 cimus
212 1389 222 1408 ,
248 1369 436 1413 quorum
455 1355 604 1398 nonin
627 1354 891 1413 expolitione
912 1355 1120 1399 sermonis
1135 1390 1145 1409 ,
1184 1356 1259 1399 sed
1297 1357 1342 1399 in
1370 1356 1449 1400 de-

62 1425 374 1469 monstratione
391 1424 581 1468 veritatis
603 1434 666 1468 est
687 1426 824 1484 major
848 1425 1047 1469 intentio.
1095 1425 1138 1469 Si
1163 1434 1309 1469 autem
1331 1426 1448 1486 quis-

62 1509 194 1553 quam
219 1503 466 1539 nostrorum
490 1495 654 1552 primus
686 1493 804 1537 flexit
838 1494 920 1537 hoc
943 1509 1127 1548 nomen,
1160 1494 1283 1538 nullo
1317 1495 1448 1539 modo

62 1566 168 1609 mihi
195 1565 367 1609 videtur
389 1563 498 1607 illud
533 1563 671 1608 simile
700 1564 908 1617 intuitus,
937 1563 1057 1623 quod
1080 1564 1366 1622 Evangelistae
1395 1566 1449 1609 ab

62 1635 301 1694 Evangelio
338 1644 650 1694 nuncupantur
682 1654 690 1679 :
724 1634 800 1678 sed
836 1635 939 1694 quia
968 1649 1045 1693 per
1082 1637 1298 1679 Donatum
1314 1670 1324 1689 ,
1359 1651 1449 1680 non

63 1715 235 1750 tantum
254 1706 543 1763 Carthaginis,
563 1707 638 1764 qui
662 1706 774 1748 hanc
798 1704 998 1748 haeresim
1023 1705 1208 1748 maxime
1226 1706 1448 1750 roborasse

64 1776 346 1835 perhibetur,
370 1775 445 1820 sed
475 1775 604 1819 etiam
637 1776 841 1835 majorem
868 1777 1085 1818 Donatum
1109 1790 1132 1817 a
1149 1775 1266 1819 Casis
1298 1776 1445 1834 nigris,

64 1847 140 1906 qui
169 1845 302 1890 altare
323 1854 472 1890 contra
496 1845 629 1888 altare
649 1844 693 1887 in
723 1843 873 1887 cadem
898 1844 1071 1887 civitate
1090 1843 1253 1902 primus
1288 1846 1447 1902 erexit,

65 1932 271 1975 magnum
293 1915 544 1960 scandalum
564 1915 728 1959 factum
747 1922 831 1968 est,
853 1915 910 1957 ita
928 1913 1116 1958 fortassis
1134 1930 1156 1957 a
1176 1918 1344 1960 Donato
1364 1919 1449 1960 Do-

65 1989 258 2040 natistas,
277 1997 325 2031 ut
341 1987 396 2029 ab
411 1985 615 2030 scandalo
638 1984 923 2030 scandalistas
947 1984 1084 2028 voluit
1106 1986 1336 2043 appellare.

128 2061 206 2102 111.
246 2059 329 2102 Sed
352 2072 429 2114 ego
454 2073 501 2100 ea
524 2057 567 2100 in
593 2072 651 2109 re,
678 2058 721 2099 in
739 2071 825 2115 qua
845 2055 951 2098 nihil
969 2070 1108 2099 causae
1122 2065 1280 2099 nostrae
1296 2057 1449 2100 minui-

67 2139 162 2183 tur,
199 2144 266 2172 me
293 2126 549 2171 facillimum
586 2126 783 2185 praebeo,
811 2135 853 2169 et
874 2126 1051 2184 quando
1074 2134 1216 2169 tecum
1241 2141 1339 2184 ago,
1359 2128 1446 2185 jam

66 2199 330 2244 Donatianos
359 2212 496 2252 voco,
527 2195 704 2255 quando
723 2205 869 2239 autem
891 2210 991 2239 cum
1016 2194 1132 2249 aliis,
1167 2196 1449 2240 consuetudi-

67 2285 165 2313 nem
189 2269 333 2328 potius
348 2282 521 2327 sequor,
546 2282 644 2325 quae
659 2267 723 2309 his
741 2265 854 2310 sonis
867 2267 966 2325 jure
983 2264 1234 2310 dominatur
1260 2286 1267 2310 ε
1287 2277 1334 2310 tu
1355 2277 1450 2311 tan—

69 2350 162 2385 tum
184 2348 402 2383 memento
424 2353 508 2391 me,
525 2337 596 2382 cui
615 2347 779 2381 tantam
799 2336 988 2380 tribuisti
1010 2336 1322 2394 eloquentiam,
1344 2353 1451 2382 non-

66 2411 173 2454 dum
192 2424 314 2452 nosse
332 2408 505 2451 nomina
529 2406 763 2459 declinare,
781 2415 824 2449 et
842 2406 994 2449 nuntia
1011 2406 1160 2450 vestris
1178 2406 1447 2451 securitatem

0 2502 1 2507 ¹
67 2496 122 2524 ne
140 2481 229 2540 jam
267 2479 446 2521 timeant
469 2485 677 2534 tanquam
716 2474 988 2518 dialecticum
1007 2509 1017 2527 ,
1054 2475 1124 2518 cui
1157 2474 1275 2518 vides
1310 2477 1451 2522 adhuc

69 2548 356 2593 necessarium
379 2561 469 2589 esse
492 2543 838 2603 grammaticum.
861 2543 990 2596 Quod
1005 2544 1039 2587 si
1055 2542 1279 2601 disciplina
1301 2547 1445 2605 dispu-

257 2626 443 2658 cxxxix.
1218 2617 1270 2653 '22
