<?xml version="1.0" encoding="UTF-8"?>
<!DOCTYPE html PUBLIC "-//W3C//DTD XHTML 1.0 Transitional//EN"
    "http://www.w3.org/TR/xhtml1/DTD/xhtml1-transitional.dtd">
<html xmlns="http://www.w3.org/1999/xhtml" xml:lang="en" lang="en">
 <head>
  <title>
</title>
<meta http-equiv="Content-Type" content="text/html;charset=utf-8" />
  <meta name='ocr-system' content='tesseract 3.04.00' />
  <meta name='ocr-capabilities' content='ocr_page ocr_carea ocr_par ocr_line ocrx_word'/>
</head>
<body>
  <div class='ocr_page' id='page_1' title='image "./operaomniaaccura32auguuoft_0361.png"; bbox 0 0 1825 3264; ppageno 0'>
   <div class='ocr_carea' id='block_1_1' title="bbox 222 224 1426 276">
    <p class='ocr_par' dir='ltr' id='par_1_1' title="bbox 222 224 1426 276">
     <span class='ocr_line' id='line_1_1' title="bbox 222 224 1426 276; baseline -0.004 -9"><span class='ocrx_word' id='word_1_1' title='bbox 222 234 386 267; x_wconf 73' lang='lat' dir='ltr'>CONTRA</span> <span class='ocrx_word' id='word_1_2' title='bbox 416 238 680 267; x_wconf 75' lang='lat' dir='ltr'>anscoNIUM</span> <span class='ocrx_word' id='word_1_3' title='bbox 713 235 1006 276; x_wconf 73' lang='lat' dir='ltr'>DONATISTAM‚</span> <span class='ocrx_word' id='word_1_4' title='bbox 1043 238 1128 264; x_wconf 78' lang='lat' dir='ltr'>Lm.</span> <span class='ocrx_word' id='word_1_5' title='bbox 1167 237 1219 263; x_wconf 79' lang='lat'>11.</span> <span class='ocrx_word' id='word_1_6' title='bbox 1344 224 1426 264; x_wconf 86' lang='lat'>351</span> 
     </span>
    </p>
   </div>
   <div class='ocr_carea' id='block_1_2' title="bbox 5 302 1454 2482">
    <p class='ocr_par' dir='ltr' id='par_1_2' title="bbox 32 302 1438 773">
     <span class='ocr_line' id='line_1_2' title="bbox 34 302 1433 363; baseline -0.004 -13"><span class='ocrx_word' id='word_1_7' title='bbox 34 303 200 350; x_wconf 89' lang='lat' dir='ltr'>fontem</span> <span class='ocrx_word' id='word_1_8' title='bbox 239 303 387 348; x_wconf 88' lang='lat' dir='ltr'>nullus</span> <span class='ocrx_word' id='word_1_9' title='bbox 420 312 648 348; x_wconf 82' lang='lat' dir='ltr'>extraneus</span> <span class='ocrx_word' id='word_1_10' title='bbox 668 337 680 358; x_wconf 89' lang='lat'>,</span> <span class='ocrx_word' id='word_1_11' title='bbox 711 303 812 363; x_wconf 85' lang='lat' dir='ltr'>quia</span> <span class='ocrx_word' id='word_1_12' title='bbox 849 303 996 347; x_wconf 90' lang='lat' dir='ltr'>nullus</span> <span class='ocrx_word' id='word_1_13' title='bbox 1029 303 1109 347; x_wconf 91' lang='lat' dir='ltr'>nisi</span> <span class='ocrx_word' id='word_1_14' title='bbox 1150 302 1238 346; x_wconf 89' lang='lat' dir='ltr'>vita</span> <span class='ocrx_word' id='word_1_15' title='bbox 1270 308 1433 346; x_wconf 84' lang='lat' dir='ltr'>aeterna</span> 
     </span>
     <span class='ocr_line' id='line_1_3' title="bbox 32 369 1426 433; baseline -0.004 -15"><span class='ocrx_word' id='word_1_16' title='bbox 32 374 191 433; x_wconf 87' lang='lat' dir='ltr'>dignus</span> <span class='ocrx_word' id='word_1_17' title='bbox 223 372 403 418; x_wconf 90' lang='lat' dir='ltr'>accedit.</span> <span class='ocrx_word' id='word_1_18' title='bbox 438 374 517 418; x_wconf 87' lang='lat' dir='ltr'>Hic</span> <span class='ocrx_word' id='word_1_19' title='bbox 554 382 617 417; x_wconf 90' lang='lat' dir='ltr'>est</span> <span class='ocrx_word' id='word_1_20' title='bbox 649 373 849 432; x_wconf 87' lang='lat' dir='ltr'>proprius</span> <span class='ocrx_word' id='word_1_21' title='bbox 885 372 1090 417; x_wconf 82' lang='lat' dir='ltr'>Ecclesiae</span> <span class='ocrx_word' id='word_1_22' title='bbox 1126 371 1317 426; x_wconf 84' lang='lat' dir='ltr'>Christi,</span> <span class='ocrx_word' id='word_1_23' title='bbox 1356 369 1426 414; x_wconf 91' lang='lat' dir='ltr'>cui</span> 
     </span>
     <span class='ocr_line' id='line_1_4' title="bbox 37 440 1434 504; baseline 0 -15"><span class='ocrx_word' id='word_1_24' title='bbox 37 454 157 489; x_wconf 89' lang='lat' dir='ltr'>tanto</span> <span class='ocrx_word' id='word_1_25' title='bbox 180 453 280 488; x_wconf 90' lang='lat' dir='ltr'>ante</span> <span class='ocrx_word' id='word_1_26' title='bbox 306 445 616 504; x_wconf 86' lang='lat' dir='ltr'>prophetatum</span> <span class='ocrx_word' id='word_1_27' title='bbox 648 453 744 488; x_wconf 88' lang='lat' dir='ltr'>est:</span> <span class='ocrx_word' id='word_1_28' title='bbox 788 462 808 485; x_wconf 92' lang='lat'>«</span> <span class='ocrx_word' id='word_1_29' title='bbox 842 446 956 488; x_wconf 85' lang='lat' dir='ltr'>Fons</span> <span class='ocrx_word' id='word_1_30' title='bbox 989 459 1114 503; x_wconf 81' lang='lat' dir='ltr'>aquae</span> <span class='ocrx_word' id='word_1_31' title='bbox 1145 452 1233 488; x_wconf 88' lang='lat' dir='ltr'>tuae</span> <span class='ocrx_word' id='word_1_32' title='bbox 1264 442 1318 486; x_wconf 90' lang='lat' dir='ltr'>sit</span> <span class='ocrx_word' id='word_1_33' title='bbox 1349 440 1434 489; x_wconf 87' lang='lat' dir='ltr'>tibi</span> 
     </span>
     <span class='ocr_line' id='line_1_5' title="bbox 40 513 1436 575; baseline -0.001 -18"><span class='ocrx_word' id='word_1_34' title='bbox 40 533 60 557; x_wconf 90' lang='lat'>»</span> <span class='ocrx_word' id='word_1_35' title='bbox 90 515 307 575; x_wconf 88' lang='lat' dir='ltr'>proprius,</span> <span class='ocrx_word' id='word_1_36' title='bbox 327 524 371 560; x_wconf 88' lang='lat' dir='ltr'>et</span> <span class='ocrx_word' id='word_1_37' title='bbox 391 530 520 559; x_wconf 86' lang='lat' dir='ltr'>nemo</span> <span class='ocrx_word' id='word_1_38' title='bbox 542 514 707 559; x_wconf 88' lang='lat' dir='ltr'>alienus</span> <span class='ocrx_word' id='word_1_39' title='bbox 739 514 1035 558; x_wconf 89' lang='lat' dir='ltr'>communicet</span> <span class='ocrx_word' id='word_1_40' title='bbox 1056 514 1135 558; x_wconf 89' lang='lat' dir='ltr'>tibi</span> <span class='ocrx_word' id='word_1_41' title='bbox 1157 515 1187 558; x_wconf 88' lang='lat'>¹.</span> <span class='ocrx_word' id='word_1_42' title='bbox 1218 531 1237 554; x_wconf 90' lang='lat'>»</span> <span class='ocrx_word' id='word_1_43' title='bbox 1264 515 1323 557; x_wconf 92' lang='lat' dir='ltr'>De</span> <span class='ocrx_word' id='word_1_44' title='bbox 1355 513 1436 556; x_wconf 88' lang='lat' dir='ltr'>hac</span> 
     </span>
     <span class='ocr_line' id='line_1_6' title="bbox 36 583 1438 631; baseline -0.003 0"><span class='ocrx_word' id='word_1_45' title='bbox 36 586 152 631; x_wconf 89' lang='lat' dir='ltr'>enim</span> <span class='ocrx_word' id='word_1_46' title='bbox 168 585 359 631; x_wconf 84' lang='lat' dir='ltr'>Ecclesia</span> <span class='ocrx_word' id='word_1_47' title='bbox 380 596 423 631; x_wconf 89' lang='lat' dir='ltr'>et</span> <span class='ocrx_word' id='word_1_48' title='bbox 439 586 494 630; x_wconf 86' lang='lat' dir='ltr'>de</span> <span class='ocrx_word' id='word_1_49' title='bbox 517 588 597 631; x_wconf 89' lang='lat' dir='ltr'>isto</span> <span class='ocrx_word' id='word_1_50' title='bbox 618 586 741 631; x_wconf 87' lang='lat' dir='ltr'>fonte</span> <span class='ocrx_word' id='word_1_51' title='bbox 762 584 920 630; x_wconf 90' lang='lat' dir='ltr'>dicitur</span> <span class='ocrx_word' id='word_1_52' title='bbox 945 595 990 630; x_wconf 91' lang='lat' dir='ltr'>et</span> <span class='ocrx_word' id='word_1_53' title='bbox 1012 585 1058 629; x_wconf 87' lang='lat' dir='ltr'>in</span> <span class='ocrx_word' id='word_1_54' title='bbox 1083 584 1268 631; x_wconf 86' lang='lat' dir='ltr'>Cantico</span> <span class='ocrx_word' id='word_1_55' title='bbox 1297 583 1438 628; x_wconf 91' lang='lat' dir='ltr'>canti-</span> 
     </span>
     <span class='ocr_line' id='line_1_7' title="bbox 37 656 1434 716; baseline -0.003 -13"><span class='ocrx_word' id='word_1_56' title='bbox 37 673 187 703; x_wconf 88' lang='lat' dir='ltr'>corum</span> <span class='ocrx_word' id='word_1_57' title='bbox 209 677 218 702; x_wconf 87' lang='grc'>;</span> <span class='ocrx_word' id='word_1_58' title='bbox 249 676 270 700; x_wconf 89' lang='lat'>«</span> <span class='ocrx_word' id='word_1_59' title='bbox 294 659 456 703; x_wconf 84' lang='lat' dir='ltr'>Hortus</span> <span class='ocrx_word' id='word_1_60' title='bbox 477 657 707 703; x_wconf 84' lang='lat' dir='ltr'>conclusus</span> <span class='ocrx_word' id='word_1_61' title='bbox 726 692 736 713; x_wconf 92' lang='lat'>‚</span> <span class='ocrx_word' id='word_1_62' title='bbox 758 656 855 703; x_wconf 85' lang='lat' dir='ltr'>fons</span> <span class='ocrx_word' id='word_1_63' title='bbox 875 657 1093 716; x_wconf 87' lang='lat' dir='ltr'>signatus,</span> <span class='ocrx_word' id='word_1_64' title='bbox 1122 666 1281 716; x_wconf 90' lang='lat' dir='ltr'>puteus</span> <span class='ocrx_word' id='word_1_65' title='bbox 1307 670 1434 716; x_wconf 82' lang='lat' dir='ltr'>aquae</span> 
     </span>
     <span class='ocr_line' id='line_1_8' title="bbox 43 727 283 773; baseline 0 -4"><span class='ocrx_word' id='word_1_66' title='bbox 43 747 62 770; x_wconf 85' lang='lat'>»</span> <span class='ocrx_word' id='word_1_67' title='bbox 92 727 203 773; x_wconf 78' lang='lat' dir='ltr'>Vlvae</span> <span class='ocrx_word' id='word_1_68' title='bbox 221 729 283 771; x_wconf 63' lang='lat'>³.»</span> 
     </span>
    </p>

    <p class='ocr_par' dir='ltr' id='par_1_3' title="bbox 5 796 1454 2482">
     <span class='ocr_line' id='line_1_9' title="bbox 97 796 1439 857; baseline -0.003 -15"><span class='ocrx_word' id='word_1_69' title='bbox 97 800 263 842; x_wconf 85' lang='lat' dir='ltr'>XVIII.</span> <span class='ocrx_word' id='word_1_70' title='bbox 297 799 390 842; x_wconf 85' lang='lat' dir='ltr'>Hoc</span> <span class='ocrx_word' id='word_1_71' title='bbox 421 799 545 842; x_wconf 87' lang='lat' dir='ltr'>vestri</span> <span class='ocrx_word' id='word_1_72' title='bbox 572 796 626 841; x_wconf 88' lang='lat' dir='ltr'>de</span> <span class='ocrx_word' id='word_1_73' title='bbox 664 797 842 842; x_wconf 86' lang='lat' dir='ltr'>visibilis</span> <span class='ocrx_word' id='word_1_74' title='bbox 866 797 1135 857; x_wconf 82' lang='lat' dir='ltr'>baptismatis</span> <span class='ocrx_word' id='word_1_75' title='bbox 1171 803 1439 841; x_wconf 86' lang='lat' dir='ltr'>sacramento</span> 
     </span>
     <span class='ocr_line' id='line_1_10' title="bbox 40 866 1439 928; baseline -0.003 -15"><span class='ocrx_word' id='word_1_76' title='bbox 40 868 314 928; x_wconf 82' lang='lat' dir='ltr'>accipientes,</span> <span class='ocrx_word' id='word_1_77' title='bbox 342 878 488 913; x_wconf 86' lang='lat' dir='ltr'>tamen</span> <span class='ocrx_word' id='word_1_78' title='bbox 511 878 672 923; x_wconf 80' lang='lat' dir='ltr'>errant,</span> <span class='ocrx_word' id='word_1_79' title='bbox 698 878 746 912; x_wconf 90' lang='lat' dir='ltr'>ut</span> <span class='ocrx_word' id='word_1_80' title='bbox 770 884 834 911; x_wconf 66' lang='lat' dir='ltr'>ros</span> <span class='ocrx_word' id='word_1_81' title='bbox 859 868 1188 913; x_wconf 79' lang='lat' dir='ltr'>absurdissimas</span> <span class='ocrx_word' id='word_1_82' title='bbox 1216 866 1338 910; x_wconf 83' lang='lat' dir='ltr'>fateri</span> <span class='ocrx_word' id='word_1_83' title='bbox 1363 881 1439 910; x_wconf 89' lang='lat' dir='ltr'>co-</span> 
     </span>
     <span class='ocr_line' id='line_1_11' title="bbox 41 936 1440 999; baseline -0.003 -16"><span class='ocrx_word' id='word_1_84' title='bbox 41 947 199 997; x_wconf 85' lang='lat' dir='ltr'>gantur</span> <span class='ocrx_word' id='word_1_85' title='bbox 219 938 364 984; x_wconf 85' lang='lat' dir='ltr'>inviti:</span> <span class='ocrx_word' id='word_1_86' title='bbox 388 937 508 999; x_wconf 88' lang='lat' dir='ltr'>quod</span> <span class='ocrx_word' id='word_1_87' title='bbox 528 939 583 982; x_wconf 92' lang='lat' dir='ltr'>ad</span> <span class='ocrx_word' id='word_1_88' title='bbox 606 938 729 982; x_wconf 86' lang='lat' dir='ltr'>illum</span> <span class='ocrx_word' id='word_1_89' title='bbox 749 939 916 983; x_wconf 85' lang='lat' dir='ltr'>scilicet</span> <span class='ocrx_word' id='word_1_90' title='bbox 940 938 1122 992; x_wconf 87' lang='lat' dir='ltr'>fontem,</span> <span class='ocrx_word' id='word_1_91' title='bbox 1138 938 1211 997; x_wconf 84' lang='lat' dir='ltr'>qui</span> <span class='ocrx_word' id='word_1_92' title='bbox 1237 936 1440 996; x_wconf 84' lang='lat' dir='ltr'>proprius</span> 
     </span>
     <span class='ocr_line' id='line_1_12' title="bbox 40 1007 1436 1068; baseline -0.003 -15"><span class='ocrx_word' id='word_1_93' title='bbox 40 1017 105 1053; x_wconf 87' lang='lat' dir='ltr'>est</span> <span class='ocrx_word' id='word_1_94' title='bbox 124 1009 265 1052; x_wconf 80' lang='lat' dir='ltr'>unicae</span> <span class='ocrx_word' id='word_1_95' title='bbox 286 1008 520 1064; x_wconf 66' lang='lat' dir='ltr'>columbae,</span> <span class='ocrx_word' id='word_1_96' title='bbox 546 1009 600 1052; x_wconf 88' lang='lat' dir='ltr'>de</span> <span class='ocrx_word' id='word_1_97' title='bbox 624 1024 712 1068; x_wconf 89' lang='lat' dir='ltr'>quo</span> <span class='ocrx_word' id='word_1_98' title='bbox 734 1008 901 1052; x_wconf 88' lang='lat' dir='ltr'>dictum</span> <span class='ocrx_word' id='word_1_99' title='bbox 929 1017 994 1052; x_wconf 88' lang='lat' dir='ltr'>est</span> <span class='ocrx_word' id='word_1_100' title='bbox 1028 1027 1036 1052; x_wconf 79' lang='lat'>2</span> <span class='ocrx_word' id='word_1_101' title='bbox 1066 1027 1086 1050; x_wconf 87' lang='lat'>«</span> <span class='ocrx_word' id='word_1_102' title='bbox 1109 1010 1248 1053; x_wconf 89' lang='lat' dir='ltr'>Nemo</span> <span class='ocrx_word' id='word_1_103' title='bbox 1270 1007 1436 1051; x_wconf 91' lang='lat' dir='ltr'>alienus</span> 
     </span>
     <span class='ocr_line' id='line_1_13' title="bbox 46 1077 1440 1137; baseline 0 -18"><span class='ocrx_word' id='word_1_104' title='bbox 46 1079 374 1122; x_wconf 86' lang='lat' dir='ltr'>»communicet</span> <span class='ocrx_word' id='word_1_105' title='bbox 395 1078 473 1123; x_wconf 88' lang='lat' dir='ltr'>tibi</span> <span class='ocrx_word' id='word_1_106' title='bbox 497 1079 540 1136; x_wconf 79' lang='lat'>³3</span> <span class='ocrx_word' id='word_1_107' title='bbox 568 1097 587 1119; x_wconf 91' lang='lat'>»</span> <span class='ocrx_word' id='word_1_108' title='bbox 614 1079 667 1122; x_wconf 88' lang='lat' dir='ltr'>ad</span> <span class='ocrx_word' id='word_1_109' title='bbox 687 1079 863 1123; x_wconf 87' lang='lat' dir='ltr'>hortum</span> <span class='ocrx_word' id='word_1_110' title='bbox 889 1077 1143 1123; x_wconf 88' lang='lat' dir='ltr'>conclusum</span> <span class='ocrx_word' id='word_1_111' title='bbox 1168 1086 1440 1137; x_wconf 86' lang='lat' dir='ltr'>puteumque</span> 
     </span>
     <span class='ocr_line' id='line_1_14' title="bbox 42 1147 1442 1209; baseline -0.002 -16"><span class='ocrx_word' id='word_1_112' title='bbox 42 1148 264 1208; x_wconf 85' lang='lat' dir='ltr'>signatum</span> <span class='ocrx_word' id='word_1_113' title='bbox 286 1149 478 1208; x_wconf 90' lang='lat' dir='ltr'>potuerit</span> <span class='ocrx_word' id='word_1_114' title='bbox 509 1149 713 1193; x_wconf 83' lang='lat' dir='ltr'>accedere</span> <span class='ocrx_word' id='word_1_115' title='bbox 744 1150 892 1195; x_wconf 87' lang='lat' dir='ltr'>Simon</span> <span class='ocrx_word' id='word_1_116' title='bbox 914 1164 1084 1208; x_wconf 86' lang='lat' dir='ltr'>magus,</span> <span class='ocrx_word' id='word_1_117' title='bbox 1106 1163 1236 1209; x_wconf 84' lang='lat' dir='ltr'>quem</span> <span class='ocrx_word' id='word_1_118' title='bbox 1258 1147 1442 1206; x_wconf 87' lang='lat' dir='ltr'>legimus</span> 
     </span>
     <span class='ocr_line' id='line_1_15' title="bbox 45 1221 1442 1282; baseline -0.001 -16"><span class='ocrx_word' id='word_1_119' title='bbox 45 1238 70 1266; x_wconf 89' lang='lat' dir='ltr'>a</span> <span class='ocrx_word' id='word_1_120' title='bbox 92 1221 295 1282; x_wconf 88' lang='lat' dir='ltr'>Philippo</span> <span class='ocrx_word' id='word_1_121' title='bbox 319 1221 589 1282; x_wconf 86' lang='lat' dir='ltr'>baptizatum</span> <span class='ocrx_word' id='word_1_122' title='bbox 611 1224 625 1248; x_wconf 81' lang='lat'>⁴</span> <span class='ocrx_word' id='word_1_123' title='bbox 652 1243 660 1268; x_wconf 90' lang='lat'>:</span> <span class='ocrx_word' id='word_1_124' title='bbox 688 1225 912 1282; x_wconf 83' lang='lat' dir='ltr'>potuerint</span> <span class='ocrx_word' id='word_1_125' title='bbox 935 1224 1139 1269; x_wconf 83' lang='lat' dir='ltr'>accedere</span> <span class='ocrx_word' id='word_1_126' title='bbox 1163 1231 1226 1268; x_wconf 87' lang='lat' dir='ltr'>tot</span> <span class='ocrx_word' id='word_1_127' title='bbox 1247 1222 1359 1276; x_wconf 83' lang='lat' dir='ltr'>ficti,</span> <span class='ocrx_word' id='word_1_128' title='bbox 1387 1222 1442 1266; x_wconf 91' lang='lat' dir='ltr'>de</span> 
     </span>
     <span class='ocr_line' id='line_1_16' title="bbox 46 1290 1443 1352; baseline -0.001 -17"><span class='ocrx_word' id='word_1_129' title='bbox 46 1291 207 1351; x_wconf 90' lang='lat' dir='ltr'>quibus</span> <span class='ocrx_word' id='word_1_130' title='bbox 222 1307 398 1350; x_wconf 87' lang='lat' dir='ltr'>gemens</span> <span class='ocrx_word' id='word_1_131' title='bbox 424 1292 620 1352; x_wconf 82' lang='lat' dir='ltr'>loquitur</span> <span class='ocrx_word' id='word_1_132' title='bbox 638 1295 901 1352; x_wconf 78' lang='lat' dir='ltr'>Cyprianus,</span> <span class='ocrx_word' id='word_1_133' title='bbox 926 1293 1096 1339; x_wconf 83' lang='lat' dir='ltr'>Saeculo</span> <span class='ocrx_word' id='word_1_134' title='bbox 1113 1293 1257 1338; x_wconf 89' lang='lat' dir='ltr'>verbis</span> <span class='ocrx_word' id='word_1_135' title='bbox 1279 1290 1378 1336; x_wconf 90' lang='lat' dir='ltr'>solis</span> <span class='ocrx_word' id='word_1_136' title='bbox 1400 1300 1443 1335; x_wconf 86' lang='lat' dir='ltr'>et</span> 
     </span>
     <span class='ocr_line' id='line_1_17' title="bbox 45 1361 1442 1424; baseline -0.001 -18"><span class='ocrx_word' id='word_1_137' title='bbox 45 1376 135 1406; x_wconf 89' lang='lat' dir='ltr'>non</span> <span class='ocrx_word' id='word_1_138' title='bbox 162 1361 285 1407; x_wconf 88' lang='lat' dir='ltr'>factis</span> <span class='ocrx_word' id='word_1_139' title='bbox 315 1364 614 1420; x_wconf 75' lang='lat' dir='ltr'>renuntiantes</span> <span class='ocrx_word' id='word_1_140' title='bbox 641 1385 652 1420; x_wconf 80' lang='lat'>3</span> <span class='ocrx_word' id='word_1_141' title='bbox 686 1373 751 1408; x_wconf 88' lang='lat' dir='ltr'>tot</span> <span class='ocrx_word' id='word_1_142' title='bbox 783 1364 989 1424; x_wconf 85' lang='lat' dir='ltr'>Episcopi</span> <span class='ocrx_word' id='word_1_143' title='bbox 1019 1364 1168 1417; x_wconf 88' lang='lat' dir='ltr'>avari,</span> <span class='ocrx_word' id='word_1_144' title='bbox 1201 1363 1256 1407; x_wconf 90' lang='lat' dir='ltr'>de</span> <span class='ocrx_word' id='word_1_145' title='bbox 1283 1362 1442 1422; x_wconf 90' lang='lat' dir='ltr'>quibus</span> 
     </span>
     <span class='ocr_line' id='line_1_18' title="bbox 43 1431 1439 1492; baseline -0.001 -16"><span class='ocrx_word' id='word_1_146' title='bbox 43 1431 161 1476; x_wconf 90' lang='lat' dir='ltr'>idem</span> <span class='ocrx_word' id='word_1_147' title='bbox 181 1432 272 1492; x_wconf 89' lang='lat' dir='ltr'>ipse</span> <span class='ocrx_word' id='word_1_148' title='bbox 292 1442 489 1482; x_wconf 72' lang='lat' dir='ltr'>testatur,</span> <span class='ocrx_word' id='word_1_149' title='bbox 516 1434 694 1478; x_wconf 88' lang='lat' dir='ltr'>Fundos</span> <span class='ocrx_word' id='word_1_150' title='bbox 712 1434 924 1478; x_wconf 84' lang='lat' dir='ltr'>insidiosis</span> <span class='ocrx_word' id='word_1_151' title='bbox 946 1433 1182 1478; x_wconf 85' lang='lat' dir='ltr'>fraudibus</span> <span class='ocrx_word' id='word_1_152' title='bbox 1208 1433 1439 1492; x_wconf 87' lang='lat' dir='ltr'>rapientes,</span> 
     </span>
     <span class='ocr_line' id='line_1_19' title="bbox 44 1502 1442 1563; baseline -0.001 -17"><span class='ocrx_word' id='word_1_153' title='bbox 44 1502 185 1547; x_wconf 88' lang='lat' dir='ltr'>usuris</span> <span class='ocrx_word' id='word_1_154' title='bbox 217 1502 611 1563; x_wconf 74' lang='lat' dir='ltr'>multiplicantibus</span> <span class='ocrx_word' id='word_1_155' title='bbox 645 1504 793 1548; x_wconf 82' lang='lat' dir='ltr'>foenus</span> <span class='ocrx_word' id='word_1_156' title='bbox 829 1512 1052 1561; x_wconf 89' lang='lat' dir='ltr'>augentes.</span> <span class='ocrx_word' id='word_1_157' title='bbox 1080 1505 1165 1548; x_wconf 89' lang='lat' dir='ltr'>Ista</span> <span class='ocrx_word' id='word_1_158' title='bbox 1199 1503 1362 1563; x_wconf 89' lang='lat' dir='ltr'>quippe</span> <span class='ocrx_word' id='word_1_159' title='bbox 1396 1502 1442 1546; x_wconf 89' lang='lat' dir='ltr'>in</span> 
     </span>
     <span class='ocr_line' id='line_1_20' title="bbox 46 1571 1437 1633; baseline 0 -17"><span class='ocrx_word' id='word_1_160' title='bbox 46 1571 272 1632; x_wconf 87' lang='lat' dir='ltr'>baptizatis</span> <span class='ocrx_word' id='word_1_161' title='bbox 297 1583 340 1617; x_wconf 86' lang='lat' dir='ltr'>et</span> <span class='ocrx_word' id='word_1_162' title='bbox 364 1574 683 1633; x_wconf 85' lang='lat' dir='ltr'>baptizantibus</span> <span class='ocrx_word' id='word_1_163' title='bbox 712 1574 870 1618; x_wconf 88' lang='lat' dir='ltr'>visibili</span> <span class='ocrx_word' id='word_1_164' title='bbox 906 1574 1124 1633; x_wconf 84' lang='lat' dir='ltr'>baptismo</span> <span class='ocrx_word' id='word_1_165' title='bbox 1147 1573 1437 1633; x_wconf 87' lang='lat' dir='ltr'>reperiuntur.</span> 
     </span>
     <span class='ocr_line' id='line_1_21' title="bbox 47 1643 1444 1704; baseline -0.001 -16"><span class='ocrx_word' id='word_1_166' title='bbox 47 1643 116 1689; x_wconf 81' lang='lat' dir='ltr'>Ad</span> <span class='ocrx_word' id='word_1_167' title='bbox 138 1643 261 1688; x_wconf 90' lang='lat' dir='ltr'>illum</span> <span class='ocrx_word' id='word_1_168' title='bbox 285 1654 430 1689; x_wconf 87' lang='lat' dir='ltr'>tamen</span> <span class='ocrx_word' id='word_1_169' title='bbox 453 1644 620 1690; x_wconf 88' lang='lat' dir='ltr'>fontem</span> <span class='ocrx_word' id='word_1_170' title='bbox 648 1645 891 1704; x_wconf 84' lang='lat' dir='ltr'>proprium,</span> <span class='ocrx_word' id='word_1_171' title='bbox 908 1645 979 1689; x_wconf 87' lang='lat' dir='ltr'>cui</span> <span class='ocrx_word' id='word_1_172' title='bbox 998 1660 1127 1689; x_wconf 88' lang='lat' dir='ltr'>nemo</span> <span class='ocrx_word' id='word_1_173' title='bbox 1150 1644 1444 1688; x_wconf 85' lang='lat' dir='ltr'>communicat</span> 
     </span>
     <span class='ocr_line' id='line_1_22' title="bbox 5 1715 1444 1776; baseline -0.001 -17"><span class='ocrx_word' id='word_1_174' title='bbox 5 1771 11 1775; x_wconf 29' lang='lat'><em>¹</em></span> <span class='ocrx_word' id='word_1_175' title='bbox 47 1715 212 1760; x_wconf 88' lang='lat' dir='ltr'>alienus</span> <span class='ocrx_word' id='word_1_176' title='bbox 235 1737 246 1774; x_wconf 79' lang='lat'>3</span> <span class='ocrx_word' id='word_1_177' title='bbox 267 1715 322 1761; x_wconf 86' lang='lat' dir='ltr'>ad</span> <span class='ocrx_word' id='word_1_178' title='bbox 343 1715 466 1761; x_wconf 86' lang='lat' dir='ltr'>illum</span> <span class='ocrx_word' id='word_1_179' title='bbox 491 1716 655 1761; x_wconf 87' lang='lat' dir='ltr'>fontem</span> <span class='ocrx_word' id='word_1_180' title='bbox 678 1717 896 1776; x_wconf 86' lang='lat' dir='ltr'>signatum</span> <span class='ocrx_word' id='word_1_181' title='bbox 914 1751 924 1770; x_wconf 94' lang='lat'><strong>‚</strong></span> <span class='ocrx_word' id='word_1_182' title='bbox 947 1717 1030 1760; x_wconf 90' lang='lat' dir='ltr'>hoc</span> <span class='ocrx_word' id='word_1_183' title='bbox 1053 1725 1143 1772; x_wconf 90' lang='lat' dir='ltr'>est,</span> <span class='ocrx_word' id='word_1_184' title='bbox 1179 1715 1234 1760; x_wconf 86' lang='lat' dir='ltr'>ad</span> <span class='ocrx_word' id='word_1_185' title='bbox 1260 1715 1444 1775; x_wconf 89' lang='lat' dir='ltr'>Spiritus</span> 
     </span>
     <span class='ocr_line' id='line_1_23' title="bbox 15 1785 1444 1848; baseline -0.001 -17"><span class='ocrx_word' id='word_1_186' title='bbox 15 1793 18 1797; x_wconf 85' lang='lat'>&#39;</span> <span class='ocrx_word' id='word_1_187' title='bbox 49 1787 187 1831; x_wconf 87' lang='lat' dir='ltr'>sancti</span> <span class='ocrx_word' id='word_1_188' title='bbox 209 1785 375 1832; x_wconf 90' lang='lat' dir='ltr'>donum</span> <span class='ocrx_word' id='word_1_189' title='bbox 393 1822 406 1842; x_wconf 91' lang='lat'>‚</span> <span class='ocrx_word' id='word_1_190' title='bbox 431 1803 520 1848; x_wconf 86' lang='lat' dir='ltr'>quo</span> <span class='ocrx_word' id='word_1_191' title='bbox 549 1788 735 1832; x_wconf 75' lang='lat' dir='ltr'>charitas</span> <span class='ocrx_word' id='word_1_192' title='bbox 772 1788 847 1831; x_wconf 87' lang='lat' dir='ltr'>Dei</span> <span class='ocrx_word' id='word_1_193' title='bbox 874 1787 1139 1832; x_wconf 81' lang='lat' dir='ltr'>diffunditur</span> <span class='ocrx_word' id='word_1_194' title='bbox 1166 1787 1213 1830; x_wconf 90' lang='lat' dir='ltr'>in</span> <span class='ocrx_word' id='word_1_195' title='bbox 1240 1785 1444 1830; x_wconf 89' lang='lat' dir='ltr'>cordibus</span> 
     </span>
     <span class='ocr_line' id='line_1_24' title="bbox 50 1856 1444 1913; baseline -0.002 -11"><span class='ocrx_word' id='word_1_196' title='bbox 50 1858 206 1902; x_wconf 89' lang='lat' dir='ltr'>nostris</span> <span class='ocrx_word' id='word_1_197' title='bbox 223 1893 234 1913; x_wconf 92' lang='lat'>‚</span> <span class='ocrx_word' id='word_1_198' title='bbox 260 1857 407 1902; x_wconf 88' lang='lat' dir='ltr'>nullus</span> <span class='ocrx_word' id='word_1_199' title='bbox 428 1859 610 1903; x_wconf 89' lang='lat' dir='ltr'>istorum</span> <span class='ocrx_word' id='word_1_200' title='bbox 641 1859 720 1902; x_wconf 88' lang='lat' dir='ltr'>nisi</span> <span class='ocrx_word' id='word_1_201' title='bbox 744 1868 936 1902; x_wconf 89' lang='lat' dir='ltr'>mutatus</span> <span class='ocrx_word' id='word_1_202' title='bbox 963 1857 1152 1912; x_wconf 81' lang='lat' dir='ltr'>accedit,</span> <span class='ocrx_word' id='word_1_203' title='bbox 1183 1856 1240 1901; x_wconf 86' lang='lat' dir='ltr'>ita</span> <span class='ocrx_word' id='word_1_204' title='bbox 1266 1856 1444 1900; x_wconf 90' lang='lat' dir='ltr'>omnino</span> 
     </span>
     <span class='ocr_line' id='line_1_25' title="bbox 51 1927 1445 1986; baseline -0.001 -14"><span class='ocrx_word' id='word_1_205' title='bbox 51 1928 348 1983; x_wconf 87' lang='lat' dir='ltr'>mundandus,</span> <span class='ocrx_word' id='word_1_206' title='bbox 374 1939 424 1972; x_wconf 89' lang='lat' dir='ltr'>ut</span> <span class='ocrx_word' id='word_1_207' title='bbox 446 1945 533 1973; x_wconf 88' lang='lat' dir='ltr'>non</span> <span class='ocrx_word' id='word_1_208' title='bbox 556 1929 610 1973; x_wconf 91' lang='lat' dir='ltr'>sit</span> <span class='ocrx_word' id='word_1_209' title='bbox 632 1928 817 1982; x_wconf 85' lang='lat' dir='ltr'>alienus,</span> <span class='ocrx_word' id='word_1_210' title='bbox 843 1929 919 1973; x_wconf 89' lang='lat' dir='ltr'>sed</span> <span class='ocrx_word' id='word_1_211' title='bbox 948 1929 1003 1972; x_wconf 91' lang='lat' dir='ltr'>sit</span> <span class='ocrx_word' id='word_1_212' title='bbox 1025 1928 1210 1973; x_wconf 86' lang='lat' dir='ltr'>coelestis</span> <span class='ocrx_word' id='word_1_213' title='bbox 1232 1927 1445 1986; x_wconf 88' lang='lat' dir='ltr'>particeps</span> 
     </span>
     <span class='ocr_line' id='line_1_26' title="bbox 52 1997 1442 2058; baseline -0.001 -15"><span class='ocrx_word' id='word_1_214' title='bbox 52 1999 186 2058; x_wconf 86' lang='lat' dir='ltr'>pacis,</span> <span class='ocrx_word' id='word_1_215' title='bbox 212 2009 371 2043; x_wconf 83' lang='lat' dir='ltr'>sanctae</span> <span class='ocrx_word' id='word_1_216' title='bbox 393 2000 532 2044; x_wconf 89' lang='lat' dir='ltr'>socius</span> <span class='ocrx_word' id='word_1_217' title='bbox 552 2000 727 2044; x_wconf 87' lang='lat' dir='ltr'>unitatis</span> <span class='ocrx_word' id='word_1_218' title='bbox 746 2035 756 2053; x_wconf 94' lang='lat'>‚</span> <span class='ocrx_word' id='word_1_219' title='bbox 777 1998 930 2058; x_wconf 88' lang='lat' dir='ltr'>plenus</span> <span class='ocrx_word' id='word_1_220' title='bbox 946 1998 1184 2043; x_wconf 86' lang='lat' dir='ltr'>individuae</span> <span class='ocrx_word' id='word_1_221' title='bbox 1206 1997 1442 2052; x_wconf 86' lang='lat' dir='ltr'>charitatis,</span> 
     </span>
     <span class='ocr_line' id='line_1_27' title="bbox 55 2067 1447 2128; baseline -0.002 -15"><span class='ocrx_word' id='word_1_222' title='bbox 55 2069 159 2114; x_wconf 89' lang='lat' dir='ltr'>civis</span> <span class='ocrx_word' id='word_1_223' title='bbox 177 2069 381 2127; x_wconf 84' lang='lat' dir='ltr'>angelicae</span> <span class='ocrx_word' id='word_1_224' title='bbox 402 2070 598 2113; x_wconf 90' lang='lat' dir='ltr'>civitatis.</span> <span class='ocrx_word' id='word_1_225' title='bbox 622 2069 690 2114; x_wconf 82' lang='lat' dir='ltr'>Ad</span> <span class='ocrx_word' id='word_1_226' title='bbox 713 2070 823 2114; x_wconf 84' lang='lat' dir='ltr'>hanc</span> <span class='ocrx_word' id='word_1_227' title='bbox 841 2071 987 2128; x_wconf 82' lang='lat' dir='ltr'>itaque</span> <span class='ocrx_word' id='word_1_228' title='bbox 1011 2069 1230 2114; x_wconf 82' lang='lat' dir='ltr'>civitatem</span> <span class='ocrx_word' id='word_1_229' title='bbox 1252 2067 1447 2127; x_wconf 86' lang='lat' dir='ltr'>quisquis</span> 
     </span>
     <span class='ocr_line' id='line_1_28' title="bbox 55 2138 1444 2198; baseline -0.003 -14"><span class='ocrx_word' id='word_1_230' title='bbox 55 2139 229 2184; x_wconf 89' lang='lat' dir='ltr'>haeresis</span> <span class='ocrx_word' id='word_1_231' title='bbox 253 2138 320 2184; x_wconf 91' lang='lat' dir='ltr'>vel</span> <span class='ocrx_word' id='word_1_232' title='bbox 340 2140 580 2184; x_wconf 82' lang='lat' dir='ltr'>schismatis</span> <span class='ocrx_word' id='word_1_233' title='bbox 598 2139 794 2198; x_wconf 84' lang='lat' dir='ltr'>deposito</span> <span class='ocrx_word' id='word_1_234' title='bbox 817 2154 961 2184; x_wconf 89' lang='lat' dir='ltr'>errore</span> <span class='ocrx_word' id='word_1_235' title='bbox 976 2174 987 2195; x_wconf 88' lang='lat'>‚</span> <span class='ocrx_word' id='word_1_236' title='bbox 1007 2139 1210 2184; x_wconf 88' lang='lat' dir='ltr'>correctis</span> <span class='ocrx_word' id='word_1_237' title='bbox 1230 2138 1444 2191; x_wconf 84' lang='lat' dir='ltr'>moribus,</span> 
     </span>
     <span class='ocr_line' id='line_1_29' title="bbox 56 2209 1447 2269; baseline -0.002 -15"><span class='ocrx_word' id='word_1_238' title='bbox 56 2210 125 2269; x_wconf 87' lang='lat' dir='ltr'>pia</span> <span class='ocrx_word' id='word_1_239' title='bbox 146 2219 293 2254; x_wconf 88' lang='lat' dir='ltr'>mente</span> <span class='ocrx_word' id='word_1_240' title='bbox 314 2211 584 2255; x_wconf 88' lang='lat' dir='ltr'>convertitur</span> <span class='ocrx_word' id='word_1_241' title='bbox 601 2245 611 2264; x_wconf 69' lang='lat'><strong>⁷</strong></span> <span class='ocrx_word' id='word_1_242' title='bbox 643 2210 678 2254; x_wconf 90' lang='lat' dir='ltr'>si</span> <span class='ocrx_word' id='word_1_243' title='bbox 695 2211 782 2269; x_wconf 85' lang='lat' dir='ltr'>jam</span> <span class='ocrx_word' id='word_1_244' title='bbox 807 2220 1075 2255; x_wconf 86' lang='lat' dir='ltr'>sacramenta</span> <span class='ocrx_word' id='word_1_245' title='bbox 1097 2209 1294 2268; x_wconf 83' lang='lat' dir='ltr'>gestabat</span> <span class='ocrx_word' id='word_1_246' title='bbox 1317 2243 1328 2263; x_wconf 94' lang='lat'>,</span> <span class='ocrx_word' id='word_1_247' title='bbox 1348 2223 1447 2268; x_wconf 86' lang='lat' dir='ltr'>quae</span> 
     </span>
     <span class='ocr_line' id='line_1_30' title="bbox 56 2279 1454 2340; baseline -0.002 -15"><span class='ocrx_word' id='word_1_248' title='bbox 56 2279 173 2326; x_wconf 85' lang='lat' dir='ltr'>foras</span> <span class='ocrx_word' id='word_1_249' title='bbox 193 2282 321 2326; x_wconf 90' lang='lat' dir='ltr'>etiam</span> <span class='ocrx_word' id='word_1_250' title='bbox 338 2282 392 2326; x_wconf 85' lang='lat' dir='ltr'>ad</span> <span class='ocrx_word' id='word_1_251' title='bbox 413 2282 616 2340; x_wconf 90' lang='lat' dir='ltr'>indignos</span> <span class='ocrx_word' id='word_1_252' title='bbox 648 2282 864 2340; x_wconf 83' lang='lat' dir='ltr'>profluere</span> <span class='ocrx_word' id='word_1_253' title='bbox 892 2291 1157 2339; x_wconf 84' lang='lat' dir='ltr'>potuerunt,</span> <span class='ocrx_word' id='word_1_254' title='bbox 1193 2282 1286 2325; x_wconf 85' lang='lat' dir='ltr'>haec</span> <span class='ocrx_word' id='word_1_255' title='bbox 1318 2281 1454 2324; x_wconf 89' lang='lat' dir='ltr'>hono·</span> 
     </span>
     <span class='ocr_line' id='line_1_31' title="bbox 57 2347 1450 2411; baseline -0.001 -16"><span class='ocrx_word' id='word_1_256' title='bbox 57 2361 210 2396; x_wconf 88' lang='lat' dir='ltr'>rantur</span> <span class='ocrx_word' id='word_1_257' title='bbox 231 2352 277 2396; x_wconf 90' lang='lat' dir='ltr'>in</span> <span class='ocrx_word' id='word_1_258' title='bbox 303 2368 356 2396; x_wconf 90' lang='lat' dir='ltr'>eo</span> <span class='ocrx_word' id='word_1_259' title='bbox 371 2387 382 2405; x_wconf 89' lang='lat'>‚</span> <span class='ocrx_word' id='word_1_260' title='bbox 407 2353 509 2411; x_wconf 82' lang='lat' dir='ltr'>quia</span> <span class='ocrx_word' id='word_1_261' title='bbox 532 2362 573 2395; x_wconf 88' lang='lat' dir='ltr'>et</span> <span class='ocrx_word' id='word_1_262' title='bbox 600 2351 643 2395; x_wconf 89' lang='lat' dir='ltr'>in</span> <span class='ocrx_word' id='word_1_263' title='bbox 665 2351 812 2396; x_wconf 85' lang='lat' dir='ltr'>alienis</span> <span class='ocrx_word' id='word_1_264' title='bbox 833 2368 920 2396; x_wconf 89' lang='lat' dir='ltr'>non</span> <span class='ocrx_word' id='word_1_265' title='bbox 945 2352 1149 2396; x_wconf 89' lang='lat' dir='ltr'>videntur</span> <span class='ocrx_word' id='word_1_266' title='bbox 1171 2351 1307 2411; x_wconf 83' lang='lat' dir='ltr'>aliena</span> <span class='ocrx_word' id='word_1_267' title='bbox 1334 2371 1346 2407; x_wconf 74' lang='lat'><em>3</em></span> <span class='ocrx_word' id='word_1_268' title='bbox 1374 2347 1450 2394; x_wconf 90' lang='lat' dir='ltr'>sed</span> 
     </span>
     <span class='ocr_line' id='line_1_32' title="bbox 54 2420 1453 2482; baseline -0.002 -16"><span class='ocrx_word' id='word_1_269' title='bbox 54 2422 145 2482; x_wconf 74' lang='lat' dir='ltr'>Jam</span> <span class='ocrx_word' id='word_1_270' title='bbox 167 2421 241 2466; x_wconf 89' lang='lat' dir='ltr'>illo</span> <span class='ocrx_word' id='word_1_271' title='bbox 263 2423 439 2481; x_wconf 88' lang='lat' dir='ltr'>proprio</span> <span class='ocrx_word' id='word_1_272' title='bbox 456 2422 527 2466; x_wconf 85' lang='lat' dir='ltr'>cui</span> <span class='ocrx_word' id='word_1_273' title='bbox 541 2437 669 2466; x_wconf 87' lang='lat' dir='ltr'>nemo</span> <span class='ocrx_word' id='word_1_274' title='bbox 689 2420 1267 2476; x_wconf 86' lang='lat' dir='ltr'>communicatalienus‚illo</span> <span class='ocrx_word' id='word_1_275' title='bbox 1283 2421 1453 2480; x_wconf 85' lang='lat' dir='ltr'>signato</span> 
     </span>
    </p>
   </div>
   <div class='ocr_carea' id='block_1_3' title="bbox 63 2521 1452 2622">
    <p class='ocr_par' dir='ltr' id='par_1_4' title="bbox 63 2521 1452 2622">
     <span class='ocr_line' id='line_1_33' title="bbox 110 2521 1452 2565; baseline 0 -11"><span class='ocrx_word' id='word_1_276' title='bbox 110 2529 119 2544; x_wconf 79' lang='lat'><em>¹</em></span> <span class='ocrx_word' id='word_1_277' title='bbox 149 2525 247 2556; x_wconf 80' lang='lat' dir='ltr'>Prov.</span> <span class='ocrx_word' id='word_1_278' title='bbox 267 2534 301 2563; x_wconf 84' lang='lat' dir='ltr'>v,</span> <span class='ocrx_word' id='word_1_279' title='bbox 330 2533 377 2564; x_wconf 76' lang='lat'>¹7-</span> <span class='ocrx_word' id='word_1_280' title='bbox 394 2540 431 2546; x_wconf 91' lang='lat'>—-</span> <span class='ocrx_word' id='word_1_281' title='bbox 447 2529 459 2544; x_wconf 86' lang='lat'>²</span> <span class='ocrx_word' id='word_1_282' title='bbox 489 2525 581 2555; x_wconf 78' lang='lat' dir='ltr'>Cant.</span> <span class='ocrx_word' id='word_1_283' title='bbox 599 2535 645 2565; x_wconf 81' lang='lat' dir='ltr'>iv,</span> <span class='ocrx_word' id='word_1_284' title='bbox 667 2534 717 2556; x_wconf 82' lang='lat'>12.</span> <span class='ocrx_word' id='word_1_285' title='bbox 740 2540 778 2546; x_wconf 89' lang='lat'>—-</span> <span class='ocrx_word' id='word_1_286' title='bbox 797 2522 809 2546; x_wconf 84' lang='lat'>3</span> <span class='ocrx_word' id='word_1_287' title='bbox 828 2525 918 2555; x_wconf 78' lang='lat' dir='ltr'>I‘rov.</span> <span class='ocrx_word' id='word_1_288' title='bbox 940 2535 973 2564; x_wconf 81' lang='lat' dir='ltr'>v,</span> <span class='ocrx_word' id='word_1_289' title='bbox 997 2533 1047 2564; x_wconf 81' lang='lat'>¹7·</span> <span class='ocrx_word' id='word_1_290' title='bbox 1062 2540 1102 2546; x_wconf 91' lang='lat'>—</span> <span class='ocrx_word' id='word_1_291' title='bbox 1117 2521 1132 2552; x_wconf 72' lang='lat'>4</span> <span class='ocrx_word' id='word_1_292' title='bbox 1148 2524 1223 2555; x_wconf 83' lang='lat' dir='ltr'>Act.</span> <span class='ocrx_word' id='word_1_293' title='bbox 1253 2533 1324 2561; x_wconf 83' lang='lat' dir='ltr'>vin,</span> <span class='ocrx_word' id='word_1_294' title='bbox 1345 2522 1397 2555; x_wconf 81' lang='lat'>13.</span> <span class='ocrx_word' id='word_1_295' title='bbox 1412 2537 1452 2545; x_wconf 90' lang='lat'>—-</span> 
     </span>
     <span class='ocr_line' id='line_1_34' title="bbox 63 2575 589 2622; baseline -0.002 -11"><span class='ocrx_word' id='word_1_296' title='bbox 63 2575 78 2602; x_wconf 89' lang='lat'>⁵</span> <span class='ocrx_word' id='word_1_297' title='bbox 98 2577 198 2621; x_wconf 30' lang='lat' dir='ltr'>Epist&lt;</span> <span class='ocrx_word' id='word_1_298' title='bbox 217 2588 272 2612; x_wconf 82' lang='lat' dir='ltr'>scu</span> <span class='ocrx_word' id='word_1_299' title='bbox 288 2580 390 2612; x_wconf 78' lang='lat' dir='ltr'>Serui.</span> <span class='ocrx_word' id='word_1_300' title='bbox 409 2578 450 2611; x_wconf 80' lang='lat' dir='ltr'>de</span> <span class='ocrx_word' id='word_1_301' title='bbox 469 2578 589 2622; x_wconf 78' lang='lat' dir='ltr'>Lapsis.</span> 
     </span>
    </p>
   </div>
  </div>
 </body>
</html>
