1825 3264
347 239 402 276 60
773 248 805 273 s.
842 246 1070 274 umus-nm
1105 244 1286 272 nmscom

344 330 444 360 cum
456 314 570 358 illius
588 312 833 372 iniquitate,
854 310 1032 374 quando
1045 310 1100 355 ad
1123 324 1262 354 unum
1285 308 1555 353 accedebatis
1569 308 1732 352 altare?

401 387 580 430 XCVII.
608 386 869 428 Pam—miuus
887 383 993 427 dixit
1019 398 1027 423 :
1059 401 1078 423 «
1102 383 1158 425 Et
1175 381 1333 424 iterum
1355 378 1506 423 docuit
1528 393 1582 422 ne
1599 379 1733 423 schis-

344 465 459 500 mata
483 464 778 499 nascerentur.
803 474 820 494 «
849 455 954 498 Dico
989 462 1135 497 autem
1157 451 1279 496 vobis
1298 485 1308 505 ,
1350 449 1470 509 quod
1496 450 1732 510 unusquis-

348 546 367 568 »
393 541 480 586 que
501 535 692 570 vestrum
716 526 821 570 dicit
845 545 852 569 :
874 528 968 584 Ego
992 523 1170 584 quidem
1189 538 1285 567 sum
1306 520 1453 577 Pauli,
1481 536 1561 579 ego
1589 530 1734 565 autem

347 616 368 640 »
394 595 567 657 Apollo,
589 613 669 656 ego
693 611 794 641 vero
817 597 996 656 Cephae,
1027 610 1107 654 ego
1131 603 1275 638 autem
1302 592 1478 638 Christi.
1510 591 1734 653 Numquid

349 687 368 709 n
393 668 552 712 divisus
575 677 637 711 est
658 668 855 713 Christus
868 669 884 709 ’ἰ
900 664 1126 727 Numquid
1141 664 1301 709 Paulus
1327 663 1556 708 crucifixus
1577 672 1639 708 est
1656 678 1736 723 pro

348 757 368 780 »
393 739 529 792 vobis,
549 747 623 782 aut
642 738 687 781 in
709 738 886 782 nomine
910 736 1031 781 Pauli
1053 735 1257 796 baptizati
1280 735 1431 779 estis¹P
1456 752 1476 775 »

405 811 605 854 XCVIII.
633 812 908 853 Amusrmus
945 807 1167 867 respondit
1200 826 1207 851 :
1240 808 1508 850 Mementote
1540 804 1615 864 qui
1643 804 1738 848 haec

347 879 486 938 legitis
509 898 516 923 :
538 878 776 923 Petilianus
794 895 844 923 ex
864 878 1072 938 Apostolo
1094 878 1173 921 ista
1195 885 1524 921 commemorat.
1551 875 1738 928 Quando

348 951 462 994 enim
487 950 717 995 crederetis
739 951 797 995 sic
819 965 919 994 eum
941 965 1022 1009 pro
1044 950 1168 994 nobis
1191 957 1343 993 contra
1366 963 1409 991 se
1426 948 1601 992 dicere?

408 1023 568 1065 XCIX.
591 1024 852 1065 Pmmsns
875 1020 982 1064 dixit
1009 1039 1017 1064 :
1042 1039 1060 1060 «
1093 1020 1135 1063 Si
1155 1018 1352 1072 rudibus,
1374 1018 1407 1061 si
1429 1018 1556 1078 justis
1582 1015 1740 1060 Paulus

351 1094 442 1136 haec
464 1092 595 1150 dixit3
612 1108 692 1151 ego
706 1093 828 1136 vobis
846 1092 1014 1152 injustis
1031 1092 1122 1134 haec
1139 1091 1238 1134 dico
1262 1109 1269 1133 ι
1295 1109 1315 1130 «
1341 1088 1567 1148 Numquid
1578 1087 1740 1132 divisus

355 1181 373 1202 »
400 1172 463 1206 est
480 1163 692 1217 Christus,
720 1171 768 1206 ut
790 1177 866 1206 vos
887 1162 942 1205 ab
963 1160 1155 1206 Ecclesia
1177 1159 1458 1204 scinderetis?
1482 1177 1500 1199 »

409 1234 459 1277 C.
491 1236 765 1277 Aucusrmus
783 1231 1006 1291 respondit
1035 1250 1042 1275 :
1065 1234 1227 1275 Vereor
1249 1245 1304 1273 ne
1333 1230 1566 1290 quisquam
1594 1229 1639 1272 in
1659 1229 1742 1272 hoc

352 1318 481 1362 opere
508 1318 607 1346 meo
635 1303 888 1362 scriptorem
919 1301 1154 1345 arbitretur
1189 1316 1350 1344 errasse
1367 1335 1377 1354 ‚
1403 1310 1446 1344 et
1468 1298 1540 1343 ille
1562 1298 1738 1354 fecisse,

355 1372 585 1416 Petilianus
600 1372 734 1430 dixit3
759 1372 834 1416 ubi
847 1371 1001 1415 debuit
1026 1371 1183 1425 facere,
1210 1371 1482 1429 Augustinus
1501 1369 1738 1428 respondit.

355 1443 436 1488 Sed
474 1442 599 1486 video
626 1443 732 1503 quid
762 1443 895 1501 egeris
934 1463 942 1487 :
968 1442 1090 1502 quasi
1121 1456 1428 1501 praeoccupare
1459 1440 1662 1494 voluisti,
1688 1456 1744 1485 ne

354 1529 431 1558 nos
453 1514 531 1558 ista
549 1513 805 1558 diceremus.
835 1512 918 1558 Sed
942 1512 1049 1573 quid
1067 1513 1222 1567 fecisti,
1248 1512 1329 1556 nisi
1361 1521 1410 1556 ut
1433 1512 1498 1556 bis
1517 1511 1744 1555 dicantur?

357 1585 400 1629 Si
422 1599 524 1642 ergo
545 1584 603 1628 sic
625 1593 668 1627 te
696 1583 884 1628 delectat
904 1582 1076 1637 audire,
1099 1598 1200 1643 quae
1230 1592 1330 1627 sunt
1358 1582 1558 1627 adversus
1577 1597 1668 1636 vos,
1694 1591 1745 1625 ut

355 1670 404 1698 ea
421 1654 636 1708 dicantur,
658 1655 758 1698 audi
781 1653 853 1698 illa
871 1663 972 1713 peto
992 1669 1108 1709 ame,
1125 1653 1335 1697 Petiliane
1357 1673 1365 1699 :
1391 1673 1410 1696 (ι
1434 1652 1661 1713 Numquid
1673 1653 1743 1696 di-

359 1745 378 1767 »
401 1726 513 1770 visus
536 1735 598 1770 est
620 1726 833 1781 Christus,
858 1735 906 1770 ut
929 1741 1003 1770 vos
1027 1726 1081 1769 ab
1100 1720 1290 1770 Ecclesia
1314 1725 1565 1770 scinderetis
1587 1726 1605 1768 P
1631 1743 1650 1766 n

414 1799 487 1841 CI.
511 1800 658 1840 Pmm
673 1816 770 1840 mus
794 1797 898 1840 dixit
921 1816 928 1841 :
958 1816 978 1838 «
1003 1796 1229 1856 Numquid
1250 1811 1330 1855 pro
1349 1796 1470 1841 vobis
1491 1795 1648 1856 laqueo
1665 1809 1744 1839 suo

357 1866 491 1911 sudas
515 1868 696 1911 traditor
720 1877 916 1911 mortuus
944 1876 1022 1922 est,
1049 1876 1124 1911 aut
1147 1868 1237 1926 ejus
1259 1882 1334 1911 vos
1359 1867 1555 1911 moribus
1578 1865 1743 1924 tingui-

360 1938 426 1990 tis,
452 1939 573 1997 cujus
605 1937 719 1981 faeta
767 1946 979 1981 sectantes
1024 1937 1155 1996 raptis
1187 1938 1398 1980 thesauris
1430 1936 1635 1980 Ecclesiae
1667 1950 1745 1980 nos

357 2009 517 2052 Christi.
538 2007 730 2051 haeredes
750 2008 1037 2067 potestatibus
1059 2006 1205 2051 saeculi
1228 2005 1502 2050 venumdatis
1523 2008 1541 2049 Ξ)
1566 2024 1586 2046 »

416 2081 511 2123 CIL
539 2082 814 2123 Aucusrmus
842 2077 1066 2137 respondit
1085 2098 1093 2122 :
1115 2081 1210 2123 Non
1235 2094 1314 2137 pro
1336 2077 1463 2122 nobis
1486 2075 1621 2121 Judas
1637 2111 1648 2130 ‚
1672 2075 1746 2119 sed

360 2149 556 2193 Christus
575 2158 770 2193 mortuus
789 2159 867 2202 est,
889 2150 958 2192 cui
974 2148 1080 2192 dicit
1101 2148 1291 2192 Ecclesia
1309 2157 1402 2192 toto
1418 2147 1525 2192 orbe
1543 2145 1706 2190 diffusa
1734 2165 1742 2190 :

364 2239 384 2260 »
420 2219 724 2278 Respondeam
747 2219 1110 2278 exprobrantibus
1130 2218 1238 2262 mihi
1253 2218 1437 2261 verbum
1451 2252 1462 2272 ‚
1480 2217 1687 2276 quoniam
1701 2217 1747 2260 in

365 2308 384 2330 n
420 2290 550 2333 verba
574 2298 648 2333 tua
671 2289 836 2348 speravi
860 2292 892 2331 ².
925 2307 944 2329 »
971 2289 1082 2332 Cum
1107 2303 1208 2346 ergo
1233 2287 1407 2331 audiam
1424 2286 1554 2331 verba
1575 2286 1747 2331 Domini

364 2360 545 2404 dicentis
581 2379 589 2403 :
628 2378 648 2401 «
684 2360 811 2403 Eritis
840 2358 946 2401 mihi
971 2367 1099 2402 testes
1121 2358 1167 2402 in
1188 2358 1425 2402 Jerusalem
1442 2394 1452 2413 ‚
1479 2367 1522 2402 et
1543 2358 1587 2401 in
1609 2366 1747 2402 totam

368 2449 388 2471 »
425 2431 622 2474 Judaeam
655 2439 697 2474 et
729 2430 979 2484 Samariam,
1006 2438 1049 2473 et
1070 2445 1206 2489 usque
1229 2431 1274 2473 in
1296 2439 1431 2474 totam
1452 2439 1610 2474 terram
1634 2430 1650 2454 3
1687 2448 1696 2472 ι
1725 2447 1744 2469 »

367 2511 410 2545 et
444 2516 521 2559 per
563 2502 824 2560 Prophetam
845 2537 855 2556 ,
905 2520 924 2542 «
953 2504 1003 2544 In
1040 2516 1215 2546 omnem
1255 2511 1415 2546 terram
1448 2501 1577 2546 exivit
1619 2515 1750 2545 sonus

418 2593 426 2607 ¹
450 2596 460 2617 1
483 2587 554 2617 Cor.
575 2596 596 2625 ι,
619 2594 668 2617 12.
685 2602 725 2607 —
743 2591 755 2605 ²
774 2586 854 2617 Psal.
875 2585 1063 2627 cxvn1,!12.
1084 2603 1125 2609 ——
1147 2584 1251 2617 3Act.
1276 2597 1298 2623 1,
1320 2588 1351 2618 8.
