1825 3264
365 244 448 281 ‘252
809 251 841 275 S.
880 251 1108 277 AUGUS'rtM
1143 250 1325 277 EPlSc0P1

364 319 509 363 Africa
528 316 778 360 remansisse
801 315 920 360 dicit.
942 320 1057 375 Ergo
1077 317 1302 359 anathema
1318 315 1386 359 sit.
1403 317 1493 358 Aut
1511 313 1625 372 legat
1641 315 1748 359 mibi

365 391 446 433 hoc
469 390 513 432 in
539 388 771 446 Scripturis
788 388 944 431 sanctis
961 423 971 441 ‚
996 397 1038 431 et
1059 403 1148 431 non
1167 387 1220 430 sit
1236 386 1479 431 anatliema.

421 462 634 504 XXXIII.
675 478 694 500 «
721 462 855 518 Lego,
874 459 1016 519 inquit
1043 461 1178 504 :Nam
1206 458 1359 502 Enoch
1381 471 1495 501 unus
1516 457 1628 501 inter
1650 472 1747 502 om·
1802 509 1805 522 ι

368 550 386 572 »
414 545 489 574 nes
514 530 713 574 homines
738 530 903 589 placuit
927 533 1015 574 Deo
1033 566 1042 584 ,
1086 539 1127 573 et
1160 528 1390 573 translatus
1415 537 1479 572 est
1507 547 1515 572 :
1541 538 1583 572 et
1603 537 1750 587 postea

367 620 386 642 »
412 610 505 645 toto
524 601 692 645 mundo
703 616 915 661 aquarum
929 601 1215 645 inundatione
1229 598 1396 653 deleto,
1414 599 1529 643 solus
1545 601 1637 644 Noe'
1650 614 1749 643 cum
1801 653 1804 664 ,

368 691 388 713 »
414 674 602 733 conjuge
637 681 679 716 et
705 672 803 715 filiis
831 681 873 716 et
910 673 1091 716 nuribus
1127 672 1212 716 suis
1244 672 1288 714 in
1324 686 1420 715 arca
1449 670 1607 714 meruit
1637 669 1751 714 libe·
1801 667 1804 682 ’

371 761 389 783 »
416 743 499 787 rari
520 746 548 786 ¹.
577 764 592 784 »
621 742 880 803 Adjungunt
898 744 1026 786 etiam
1056 743 1110 786 de
1136 762 1154 784 «
1181 743 1315 796 Loth,
1352 740 1473 802 quod
1502 740 1617 785 solus
1649 756 1748 785 cum
1802 749 1803 753 ’

370 832 389 854 »
415 814 585 857 filiabus
609 815 663 857 de
689 813 885 858 Sodomis
923 813 1131 858 liberatus
1170 814 1223 857 sit
1242 817 1273 856 ⁴².
1306 831 1324 854 »
1354 816 1412 856 De
1447 814 1540 871 ipso
1570 826 1747 872 quoque

371 904 390 926 «
419 885 660 938 Abraham,
682 889 813 937 Isaac,
840 894 882 928 et
905 886 1041 929 Jacob
1057 921 1066 938 ,
1081 884 1201 944 quod
1223 884 1351 943 pauci
1370 884 1536 927 fuerint
1557 886 1646 926 Deo
1664 882 1751 941 pla-

369 973 387 995 »
414 964 559 999 centes
578 956 592 980 3
623 955 666 998 in
692 965 801 998 terra
824 955 950 999 idolis
975 965 1018 998 et
1039 954 1314 998 daemonibus
1337 953 1499 997 dedita.
1529 956 1753 996 Postremo

368 1043 387 1065 »
407 1026 494 1084 jam
520 1024 810 1083 multiplicato
834 1024 1000 1083 populo
1025 1024 1176 1078 Isra'e‘l,
1195 1025 1285 1082 jam
1312 1023 1578 1082 temporibus
1600 1038 1750 1081 regum

367 1114 385 1136 »
409 1096 454 1138 in
488 1105 599 1139 terra
637 1096 950 1154 promissionis,
978 1112 1077 1155 quae
1109 1095 1252 1139 fuerat
1289 1095 1492 1138 omnibus
1520 1093 1751 1138 duodecim

368 1186 385 1207 »
413 1165 615 1209 tribubus
628 1165 874 1220 distributa,
893 1176 1238 1211 commemorant
1251 1167 1402 1210 decem
1422 1167 1561 1209 tribus
1578 1164 1748 1219 divisas,

365 1254 385 1277 »
412 1246 454 1279 et
487 1236 664 1280 traditas
697 1252 819 1281 servo
851 1237 1119 1282 Salomonis⁴
1149 1237 1287 1282 :duas
1322 1246 1466 1280 autem
1500 1236 1753 1280 remansisse

365 1325 385 1347 »
411 1306 501 1350 filio
525 1307 764 1351 Salomonis
788 1308 842 1351 ad
863 1323 1066 1366 regnum,
1095 1308 1214 1368 quod
1238 1317 1330 1351 erat
1349 1307 1604 1351 Jerusalem.
1627 1307 1694 1351 Sic
1710 1315 1753 1350 et

365 1395 384 1417 »
411 1392 554 1430 nunc,
582 1378 811 1437 inquiunt,
840 1387 955 1422 totus
980 1378 1170 1422 mundus
1195 1378 1475 1437 apostatavit,
1501 1393 1578 1421 nos
1603 1386 1748 1421 autem

364 1465 383 1487 »
415 1456 620 1507 tanquam
640 1450 739 1491 duae
762 1448 846 1492 illae
869 1450 1006 1492 tribus
1024 1450 1068 1492 in
1090 1448 1251 1507 templo
1272 1449 1369 1502 Dei,
1397 1449 1479 1492 hoc
1499 1457 1576 1502 est,
1596 1448 1639 1491 in
1663 1450 1750 1491 Ec-

365 1537 381 1556 »
408 1517 533 1561 clesia
570 1519 867 1562 remansimus.
906 1520 1137 1563 Dominum
1173 1519 1300 1562 etiam
1345 1520 1490 1562 Jesum
1526 1517 1747 1562 Christum

363 1607 382 1628 »
408 1604 508 1632 cum
527 1588 703 1647 plurimi
721 1589 924 1648 Discipuli
949 1598 1250 1649 sequerentur,
1277 1589 1552 1647 septuaginta
1576 1587 1750 1633 duobus

362 1675 380 1698 »
409 1659 776 1716 apostatantibus,
803 1658 881 1702 soli
906 1675 1004 1702 cum
1024 1659 1099 1702 illo
1128 1659 1359 1703 duodecim
1383 1667 1698 1702 remanserunt.
1725 1675 1745 1698 η

359 1729 434 1771 His
476 1738 606 1788 atque
648 1730 897 1788 hujusmodi
920 1731 1125 1789 exemplis
1159 1731 1349 1774 baeretici
1384 1744 1504 1773 suam
1549 1728 1746 1788 paucita-

360 1808 444 1842 tem
468 1799 774 1844 commendare
806 1811 1036 1851 conantur,
1069 1802 1172 1844 etin
1207 1800 1364 1844 sanctis
1402 1798 1605 1843 Ecclesiae
1637 1798 1749 1843 mul—

359 1869 587 1914 titudinem
618 1881 710 1915 toto
748 1872 854 1915 orbe
883 1871 1085 1916 diffusam
1126 1871 1426 1930 blasphemare
1450 1886 1538 1914 non
1561 1880 1742 1914 cessant.

359 1942 439 1985 Sed
464 1956 613 2000 quaero
637 1942 691 1984 ab
715 1942 789 1995 eis,
804 1943 836 1985 si
859 1942 998 2001 (quod
1018 1943 1147 2000 absit)
1164 1941 1326 1986 nollem
1350 1942 1525 1985 credere
1542 1956 1641 1984 vera
1657 1955 1747 1984 esse

355 2012 433 2055 ista
457 2013 545 2070 ipsa
574 2028 673 2071 quse
696 2012 751 2055 ab
786 2013 843 2056 eis
876 2023 1275 2057 commemorantur
1298 2011 1510 2071 exempla,
1538 2012 1657 2055 unde
1677 2026 1747 2055 me

355 2084 688 2125 convincerent?
711 2082 864 2126 Nonne
892 2083 946 2126 de
967 2084 1197 2142 Scripturis
1218 2084 1374 2127 sanctis
1393 2118 1402 2136 ,
1436 2082 1513 2125 ubi
1541 2081 1746 2140 leguntur

356 2160 472 2195 tanta
495 2152 843 2196 manifestatione
861 2189 871 2208 ,
912 2164 962 2198 ut
993 2155 1186 2213 quisquis
1208 2153 1302 2197 illas
1332 2154 1514 2197 Litteras
1544 2153 1588 2195 in
1614 2152 1744 2196 fidem

356 2223 539 2280 recepit,
555 2237 642 2265 non
661 2223 795 2280 possit
816 2224 898 2266 nisi
919 2233 959 2267 et
979 2225 1056 2268 ista
1075 2224 1291 2267 verissima
1311 2223 1534 2267 confiteri?
1556 2226 1689 2266 Porro
1711 2223 1745 2266 si

357 2293 448 2336 baec
481 2292 675 2351 exempla
710 2293 807 2336 ideo
843 2309 1020 2352 cogerer
1054 2293 1229 2337 credere
1263 2308 1362 2336 vera
1397 2308 1512 2346 esse,
1550 2292 1651 2352 quia
1683 2293 1743 2335 ibi

354 2364 511 2421 scripta
531 2372 648 2416 sunt,
663 2362 740 2406 ubi
768 2379 855 2408 non
880 2379 1046 2423 possem
1067 2364 1209 2408 dicere
1230 2363 1334 2407 falsa
1355 2378 1444 2406 esse
1466 2379 1565 2422 quae
1586 2364 1742 2421 scripta

354 2442 453 2476 sunt
473 2468 483 2486 ,
508 2449 586 2477 cur
603 2449 691 2478 non
709 2443 751 2477 et
773 2435 851 2492 ipsi
869 2434 923 2478 de
943 2434 1132 2478 Ecclesia
1156 2443 1249 2478 toto
1272 2434 1377 2478 orbe
1400 2432 1558 2477 diffusa
1581 2431 1740 2477 eisdem

358 2503 586 2560 Scripturis
607 2505 816 2548 credunt?
833 2508 944 2549 Ecce
962 2521 1040 2549 nos
1054 2505 1198 2549 omnia
1212 2503 1284 2549 illa
1307 2504 1522 2548 credimus
1538 2503 1742 2561 ,credant

406 2597 409 2605 ·
435 2588 513 2619 Gen.
532 2598 562 2627 v,
585 2588 779 2628 2.‘..--²ld.
799 2600 857 2629 vn,
881 2601 907 2622 ι.
926 2607 964 2613 -—
987 2590 1007 2621 ’κ
1027 2590 1072 2622 ld.
1091 2600 1156 2629 xix,
1183 2599 1234 2624 12.
1253 2588 1321 2615 -4
1341 2589 1358 2621 3
1383 2591 1459 2630 ch.
1481 2600 1525 2626 xi,
1556 2600 1603 2621 ιι.
