1825 3264
380 222 433 259 50
819 228 851 253 s.
887 224 1119 252 mausum
1153 223 1332 251 triscom

378 318 445 352 tus
474 307 516 349 in
546 319 619 348 vos
641 304 787 347 venire
817 317 904 346 non
928 301 1099 360 potuit,
1131 314 1241 359 quos
1271 312 1362 343 non
1393 296 1461 343 vel
1489 298 1762 358 poenitentiae

374 379 610 436 baptismus
634 374 773 418 abluit
798 395 808 430 3
833 373 907 418 sed
932 370 1203 432 poenitenda,
1229 369 1351 430 quod
1374 384 1528 415 verum
1549 378 1629 426 est,
1650 383 1764 430 aqua

378 447 533 507 polluit
555 445 788 490 traditoris.

430 517 672 561 LXXXIV.
709 517 985 559 Anousrmvs
1010 511 1236 571 respondit
1264 530 1272 556 ε
1305 510 1549 556 Traditores
1583 509 1764 571 quidem

371 602 460 632 non
482 585 623 631 solum
645 600 722 630 nos
746 601 834 629 non
857 583 1062 643 prohatiS,
1090 581 1166 626 sed
1197 597 1278 626 nec
1301 590 1444 641 patres
1468 581 1598 627 vestri
1620 590 1764 640 patres

370 667 538 702 nostros
557 656 741 717 probare
761 663 998 715 potuerunt
1016 672 1023 698 :
1045 653 1121 713 qui
1144 652 1179 696 si
1198 652 1371 712 probati
1389 661 1548 708 essent,
1573 667 1663 697 non
1680 651 1764 697 uti-

368 744 454 788 que
488 737 627 787 patres
650 727 785 772 nostri
810 735 966 780 essent,
992 724 1235 770 secundum
1259 734 1381 769 tuam
1411 724 1680 785 superiorem
1700 738 1763 768 as-

369 798 617 853 sertionem,
643 811 830 858 quorum
849 811 938 841 non
957 810 1143 840 essemus
1166 794 1281 840 facta
1302 795 1454 840 sectati
1473 813 1483 841 :
1515 809 1596 839 nec
1616 802 1766 839 tamen

365 879 542 930 propter
564 885 635 914 eos
659 884 681 913 a
703 869 920 913 consortio
946 866 1255 912 divelleremur
1272 867 1473 922 unitatis,
1493 875 1536 911 et
1559 881 1582 911 a
1599 866 1764 911 semine

367 941 556 984 Abrahae
578 940 623 984 in
644 955 733 1000 quo
755 938 1077 983 benedicuntur
1093 952 1243 983 omnes
1263 947 1427 998 gentes.
1445 940 1762 982 Verumtamen

369 1012 403 1055 si
426 1010 505 1054 alia
528 1020 591 1055 est
613 1026 724 1070 aqua
746 1010 921 1064 Christi,
954 1018 997 1053 et
1032 1008 1113 1053 alia
1146 1018 1209 1053 est
1242 1025 1355 1069 aqua
1387 1007 1628 1063 traditoris,
1659 1006 1764 1067 quia

367 1096 457 1125 non
486 1081 567 1125 suit
592 1081 773 1125 traditor
796 1081 994 1126 Christus
1022 1100 1030 1124 :
1057 1095 1136 1124 cur
1157 1095 1248 1125 non
1268 1078 1349 1124 alia
1373 1080 1427 1124 sit
1448 1095 1559 1140 aqua
1581 1078 1760 1134 Christi,

367 1161 409 1196 et
432 1152 512 1195 alia
530 1153 583 1195 sit
605 1167 715 1212 aqua
732 1152 930 1211 raptoris,
950 1152 1051 1210 quia
1071 1166 1151 1196 nec
1170 1159 1318 1210 raptor
1334 1151 1490 1212 utique
1509 1149 1593 1194 fuit
1611 1150 1764 1195 Chris-

367 1224 470 1265 tus?
494 1223 668 1281 Baptiza
700 1237 802 1280 ergo
833 1232 881 1266 tu
904 1231 1000 1281 post
1023 1231 1241 1280 raptorem
1275 1231 1419 1277 tuum,
1451 1230 1495 1265 et
1532 1219 1763 1280 baptizabo

368 1307 446 1349 ego
474 1301 573 1350 post
610 1292 864 1336 traditorem
896 1307 976 1336 nec
999 1307 1145 1335 meum
1166 1307 1246 1336 nee
1268 1301 1394 1336 tuum
1414 1313 1426 1350 3
1451 1301 1526 1336 aut
1547 1291 1582 1335 si
1603 1291 1764 1336 chartis

367 1361 546 1420 prolatis
570 1360 838 1405 credendum
853 1369 932 1417 est,
951 1369 993 1406 et
1009 1376 1157 1406 meum
1180 1371 1224 1406 et
1243 1371 1370 1406 tuum
1391 1383 1402 1420 3
1427 1361 1459 1406 si
1482 1371 1628 1406 autem
1648 1377 1764 1407 com-

369 1432 570 1476 munioni
603 1432 720 1477 orbis
751 1441 964 1476 terrarum
993 1433 1126 1491 magis
1159 1449 1291 1494 quam
1318 1434 1432 1494 parti
1457 1434 1640 1489 Donati,
1675 1449 1765 1478 non

366 1519 530 1559 meum,
556 1503 631 1547 sed
661 1514 802 1548 tuum.
828 1503 1007 1549 Meliore
1028 1519 1131 1549 vero
1153 1513 1196 1549 et
1218 1506 1449 1560 sententia,
1474 1505 1579 1565 quia
1601 1520 1761 1550 secun-

367 1575 473 1619 dum
496 1575 789 1634 Apostolicam
805 1590 973 1631 vocem,
995 1576 1299 1637 unusquisque
1320 1586 1518 1622 nostrum
1537 1577 1764 1636 proprium

372 1661 481 1690 onus
501 1645 691 1704 portabit
711 1649 726 1672 ‘²
750 1665 758 1690 :
781 1661 861 1690 nec
886 1646 956 1690 ille
979 1656 1125 1707 raptor
1147 1657 1288 1692 vester
1309 1657 1373 1692 est
1391 1683 1401 1703 ‚
1427 1656 1646 1709 quotquot
1673 1663 1764 1693 non

371 1716 469 1760 estis
488 1726 695 1775 raptoreS,
719 1731 798 1760 nec
817 1717 1047 1776 quisquam
1065 1717 1245 1762 traditor
1262 1727 1338 1763 aut
1359 1728 1506 1763 noster
1527 1728 1603 1763 aut
1623 1727 1765 1763 vester

369 1795 458 1841 est,
484 1796 705 1847 quotquot
727 1802 816 1831 non
838 1802 986 1832 sumus
1010 1788 1250 1834 traditores.
1290 1792 1345 1834 Et
1379 1789 1478 1835 ideo
1513 1805 1592 1835 nos
1614 1804 1764 1834 sumus

366 1857 584 1913 catholici,
610 1858 686 1919 qui
710 1859 951 1902 secundum
970 1859 1095 1903 istam
1117 1860 1377 1904 sententiam
1407 1876 1495 1906 non
1525 1860 1764 1906 deserimus

367 1928 580 1972 unitatem
608 1947 616 1973 :
656 1944 733 1973 vos
765 1943 869 1973 vero
898 1929 1116 1985 haeretici,
1149 1931 1224 1990 qui
1255 1940 1433 1990 propter
1461 1930 1755 1992 quorumdam

365 1999 594 2043 hominum
610 1999 790 2043 crimina
805 2014 880 2043 seu
898 2015 995 2044 vera
1013 2015 1088 2044 seu
1101 2000 1223 2057 falsa,
1240 2017 1329 2046 non
1343 2002 1472 2047 vultis
1490 2011 1641 2047 tenere
1657 2016 1760 2047 cum

368 2070 555 2114 Abrahae
577 2070 739 2114 semine
761 2070 1032 2115 charitatem.

427 2142 915 2185 Lxxxvfflssnmffics
930 2140 1056 2185 dixit:
1073 2141 1156 2186 Sed
1173 2151 1222 2186 ut
1239 2143 1333 2186 haec
1348 2143 1402 2186 ab
1419 2142 1635 2203 Apostolis
1647 2144 1762 2189 facta

366 2210 633 2270 praeluceant
648 2247 658 2266 ,
675 2226 825 2255 eorum
840 2211 1007 2256 actibus
1026 2211 1261 2256 edocemur
1274 2248 1285 2267 ,
1305 2213 1416 2257 sicut
1432 2217 1642 2274 scriptum
1663 2223 1752 2271 est,

371 2300 391 2323 »
430 2285 610 2326 Factum
642 2291 705 2326 est
742 2290 887 2325 autem
916 2282 1021 2325 dum
1045 2282 1202 2341 Apollo
1227 2292 1335 2327 esset
1357 2286 1572 2341 Corinthi,
1594 2287 1753 2331 Paulus

372 2371 392 2393 >›
428 2352 736 2411 perambulatis
759 2353 1052 2412 superioribus
1074 2353 1268 2411 partibus
1291 2355 1408 2400 venit
1438 2357 1674 2415 Ephesum.
1702 2359 1759 2401 Et
1824 2393 1825 2398 ,

430 2438 528 2466 cum
555 2424 785 2467 invenisset
807 2422 1019 2482 quosdam
1045 2423 1294 2483 discipulos,
1321 2425 1426 2470 dixit
1449 2426 1562 2471 iltis·
1591 2428 1634 2472 Si
1660 2428 1758 2487 Spi-

431 2495 556 2536 iitum
587 2503 783 2537 sanctum
808 2494 1028 2552 accepistis
1062 2496 1323 2540 credentes?
1357 2500 1413 2541 At
1441 2496 1503 2541 illi
1525 2496 1755 2582 dixerunt:

421 2572 426 2586 ¹
457 2568 534 2597 (nn
560 2577 640 2604 xxu,
667 2566 704 2597 18
735 2567 1004 2606 —2Gal.v1,5.

374 2441 383 2461 )

385 2441 393 2462 υ

374 2512 381 2532 )

384 2513 391 2532 υ
