1825 3264
502 251 554 276 nn
590 250 774 277 tm‘rnz
808 251 1022 277 ECCLEslffi.
1378 239 1458 277 237

72 315 249 358 luerunt
266 314 462 358 homines
480 327 770 372 perseverare,
796 321 839 356 et
857 311 1017 356 defecit
1033 328 1082 356 ex
1098 312 1301 356 omnibus
1320 313 1464 370 genti-

75 385 157 428 bus
177 384 417 429 Christiana
439 384 604 441 religio,
630 392 805 442 excepta
827 392 948 441 parte
968 383 1141 426 Donati.
1167 401 1185 423 »
1212 383 1344 435 Quasi
1362 397 1464 426 vero

74 453 273 498 nescierit
301 454 481 512 Spiritus
509 453 584 496 Dei
615 452 783 496 futuras
813 452 1040 496 hominum
1071 450 1332 496 voluntates.
1360 452 1464 504 Quis

73 522 156 567 hoc
184 523 476 567 insanissimus
507 522 688 566 dixerit?
709 524 799 567 Cur
831 537 931 580 ergo
964 537 1051 566 non
1082 522 1164 565 hoc
1187 522 1328 579 potius
1351 537 1463 580 prae-

70 593 309 648 nuntiavit,
335 594 455 653 quod
485 593 540 637 de
570 592 870 637 voluntatibus
899 592 1126 636 hominum
1156 591 1318 636 sciebat
1340 591 1462 636 futu-

70 665 199 707 rum?
223 666 315 708 Hoc
337 664 453 708 euim
476 663 607 708 modo
629 679 716 723 quo
740 663 807 707 isti
830 671 988 722 putant
1014 662 1106 706 haec
1127 677 1216 706 esse
1238 662 1460 720 praedicta,

69 733 265 794 quisquis
286 733 473 778 voluerit
490 742 630 792 potest
644 748 733 777 esse
747 732 973 792 propheta,
991 741 1041 776 ut
1054 747 1154 776 cum
1173 747 1220 775 ea
1235 747 1334 791 quae
1350 747 1463 790 prae-

69 803 248 858 dixerit,
274 804 450 863 impleta
474 819 561 848 non
585 802 763 857 fuerint,
792 802 1047 862 respondeat
1077 822 1085 847 :
1115 822 1135 843 «
1161 803 1367 846 Homines
1389 817 1465 846 no-

67 873 246 918 luerunt
273 893 282 918 :
307 874 446 918 libero
468 875 583 917 enim
610 873 788 918 arbitrio
809 873 1043 918 Christiani
1065 881 1181 917 sunt.
1213 874 1305 915 Hoc
1332 871 1463 916 modo

67 954 236 1003 poterat
264 944 417 1004 aliquis
446 944 706 1003 prophetare
728 943 950 989 Christum
974 958 1063 986 non
1087 942 1130 986 in
1158 957 1287 986 cruce
1311 957 1460 1000 passu—

68 1029 188 1068 rum,
214 1014 289 1058 sed
313 1013 456 1073 gladio
479 1015 736 1059 moriturum
757 1035 768 1070 3
795 1023 842 1057 ut
864 1029 963 1058 cum
990 1013 1114 1057 aliter
1135 1011 1300 1056 factum
1323 1021 1458 1066 esset,

69 1083 347 1143 responderet
370 1104 378 1127 :
404 1103 423 1125 «
444 1083 560 1137 Quid
582 1099 662 1143 ego
685 1083 797 1128 feci?
822 1084 1029 1127 Homines
1050 1083 1094 1125 in
1122 1082 1263 1125 libero
1285 1082 1462 1126 arbitrio

69 1155 293 1199 constituti
312 1154 548 1199 noluerunt
561 1155 599 1198 ei
617 1154 759 1198 facere
779 1154 898 1213 quod
913 1168 992 1211 ego
1006 1151 1305 1212 praedixeram,
1324 1161 1367 1194 et
1380 1153 1461 1195 hoc

67 1223 265 1269 fecerunt
282 1226 401 1285 quod
414 1226 492 1284 ipsi
508 1224 758 1269 voluerunt.
781 1226 874 1267 Jam
895 1223 964 1268 cui
983 1238 1071 1266 non
1088 1231 1303 1274 occurrat,
1328 1237 1459 1280 quam

67 1295 204 1340 multa
226 1297 308 1340 isto
326 1297 456 1341 modo
476 1305 679 1355 poterant
702 1295 974 1353 prophetari,
1004 1292 1073 1337 vel
1095 1293 1224 1336 etiam
1242 1301 1421 1351 possunt
1437 1308 1461 1336 a

67 1365 337 1427 quibuslibet
355 1366 634 1410 hominibus?
656 1366 761 1417 Quis
785 1364 900 1407 enim
923 1363 1210 1415 dubitaverit,
1236 1362 1353 1421 quod
1378 1365 1460 1405 Ju-

67 1437 143 1483 das
159 1438 399 1493 Christum,
426 1438 459 1481 si
475 1436 697 1490 voluisset,
723 1450 812 1480 non
835 1435 987 1493 utique
1009 1431 1253 1477 tradidisset
1280 1451 1289 1475 :
1315 1440 1358 1475 et
1381 1435 1462 1475 Pe-

70 1518 160 1553 trus
177 1509 212 1552 si
229 1508 456 1562 voluisset,
476 1518 540 1552 ter
557 1507 790 1552 Dominum
809 1521 898 1549 non
915 1504 1138 1562 negasset?
1161 1501 1243 1547 Sed
1261 1502 1360 1546 ideo
1378 1501 1463 1546 fuit

69 1580 124 1624 de
146 1580 234 1624 istis
251 1588 366 1624 certa
385 1578 633 1638 praedictio,
655 1578 756 1637 quia
780 1586 821 1620 ct
840 1580 952 1620 Deus
966 1576 1095 1619 etiam
1121 1572 1287 1617 suturas
1309 1573 1460 1632 praevi-

68 1649 143 1694 det
164 1650 423 1695 voluntates.

126 1723 287 1765 XXIV.
313 1723 623 1764 Verumtamen
647 1732 900 1778 quanquam
924 1717 1018 1760 haec
1039 1724 1084 1759 et
1105 1713 1237 1758 tardis
1257 1713 1460 1758 cordibus

67 1800 259 1851 pateant,
284 1791 510 1835 audiamus
525 1790 628 1834 hinc
651 1799 693 1834 et
714 1789 845 1849 ipsius
862 1787 991 1831 Verbi
1011 1801 1159 1830 vocem
1179 1800 1253 1828 ore
1274 1785 1460 1844 propriae

68 1862 207 1906 carnis
228 1876 484 1921 expressam.
510 1863 638 1905 Certe
664 1875 764 1904 cum
789 1867 886 1917 post
909 1857 1266 1901 resurrectionem
1289 1855 1457 1914 praebe-

68 1942 134 1976 ret
164 1948 209 1977 se
239 1933 368 1977 etiam
400 1930 760 1977 contrectandum
792 1939 925 1989 atque
960 1925 1227 1986 palpandum
1259 1926 1460 1968 manibus

69 2002 367 2048 dubitantium
380 2002 715 2060 Discipulorum,
732 2010 774 2044 et
789 2014 887 2043 eum
901 1997 1133 2055 accepisset
1146 2011 1291 2040 coram
1306 1994 1404 2048 illis,
1417 2003 1460 2037 et

69 2074 371 2118 manducasset
384 2072 504 2132 quod
517 2073 555 2115 ei
579 2068 992 2130 porrexerant,dixit
1015 2067 1073 2110 eis
1095 2085 1103 2110 ι
1123 2066 1232 2110 «Isti
1248 2073 1350 2108 sunt
1368 2079 1459 2108 ser-

72 2162 93 2185 »
112 2160 276 2199 mones,
311 2158 419 2204 quos
446 2142 620 2188 locutus
641 2156 734 2185 sum
755 2140 810 2184 ad
830 2153 921 2192 vos,
942 2152 1040 2182 cum
1061 2136 1205 2180 adhuc
1228 2150 1362 2180 essem
1378 2149 1459 2179 vo-

71 2233 92 2256 »
110 2214 300 2268 biscum,
324 2215 426 2273 quia
446 2212 675 2271 oportebat
697 2209 922 2269 adimpleri
938 2208 1082 2252 omnia
1099 2208 1255 2266 scripta
1277 2206 1323 2249 iu
1345 2208 1459 2264 Lege

71 2305 93 2328 »
109 2287 265 2344 Moysi,
286 2295 329 2330 et
350 2285 593 2344 Prophetis,
619 2293 663 2328 et
684 2280 861 2327 Psalmis
877 2281 933 2324 de
955 2282 1043 2323 me¹
1057 2282 1163 2323 .»De
1186 2293 1274 2337 quo
1292 2286 1455 2330 autem,

69 2357 151 2400 nisi
175 2357 230 2401 de
252 2356 326 2401 illo
347 2357 505 2415 scripta
527 2364 648 2408 sunt,
675 2369 774 2414 quae
794 2368 870 2396 nos
898 2367 1076 2411 quoque
1097 2348 1457 2394 commemoravi—

70 2443 166 2471 mus
186 2443 236 2470 ex
259 2431 372 2484 Lege
390 2462 399 2478 ,
430 2436 473 2470 et
495 2425 741 2484 Prophetis,
767 2433 809 2467 et
833 2421 1031 2474 Psalmis,
1061 2422 1169 2464 sicut
1192 2434 1267 2478 per
1289 2417 1458 2475 singula

70 2497 396 2542 demonstravi?
417 2498 526 2541 Cum
545 2510 646 2554 ergo
663 2495 753 2554 ipse
769 2492 882 2537 dicat
901 2493 976 2551 qui
991 2492 1146 2534 veritas
1166 2498 1229 2534 est
1248 2508 1256 2532 :
1286 2508 1304 2529 «
1322 2489 1459 2542 Opor-

120 2589 128 2604 '
150 2585 227 2615 Luc.
248 2593 337 2622 xxiv,
358 2580 411 2623 Η.
