1825 3264
315 283 477 315 comita
508 286 772 315 cnssscomcn
803 284 1090 326 nemausum,
1121 289 1203 316 mn.
1241 289 1299 316 1v.
1411 276 1495 317 479

116 350 238 411 quod
250 352 458 411 scriptum
477 367 568 397 esse
582 353 712 397 dicis:
735 371 756 394 «
775 351 929 397 Oleum
947 353 1184 412 peccatoris
1206 353 1307 398 nolo
1329 363 1498 413 unguat

120 438 140 462 »
159 431 291 481 caput
314 437 458 466 meum
479 425 509 466 ¹.
543 440 562 463 »
590 422 861 466 Felicianum
898 433 941 467 et
971 427 1278 468 Praetextatum
1309 425 1495 485 respice,

116 499 264 534 utrum
295 501 540 550 peccatores
562 507 651 536 non
683 491 847 536 fuerint
866 527 878 546 ,
907 493 1083 551 quando
1116 494 1326 552 sacrilegii
1348 504 1500 539 catena

116 575 217 605 cum
232 561 495 607 Maximiano
509 562 697 621 pertrahi
708 577 731 605 a
750 571 837 606 tam
853 577 1009 620 magno
1022 563 1207 607 concilio
1220 563 1496 608 dicebantur.

115 631 242 675 Aude
273 647 486 687 asserere,
524 633 636 676 aude
667 631 958 688 contendere,
997 634 1109 677 aude
1141 634 1291 678 saltem
1326 634 1496 689 dicere,

114 711 360 759 peccatores
381 702 559 762 quidem
581 704 728 756 fuisse,
752 704 828 747 sed
849 703 1044 748 occultos
1062 739 1072 757 ‚
1093 719 1202 763 quos
1227 704 1289 748 ibi
1312 704 1409 762 lego
1430 704 1499 749 fa-

115 773 224 816 mosi
248 774 438 818 criminis
460 789 568 818 reos.
593 777 856 833 Quanquam
878 783 921 818 et
942 775 974 818 si
994 773 1147 818 leviter
1179 775 1469 832 peccavissent
1484 809 1497 829 ,

116 850 160 886 et
189 843 225 886 si
248 841 508 900 latuissent,
541 852 590 886 tu
619 844 702 887 hoc
736 844 982 888 testimonio
1015 846 1135 903 quod
1166 845 1289 902 ponis
1317 845 1371 888 de
1404 844 1501 888 oleo

115 913 352 971 peccatoris
374 914 420 957 in
442 914 521 957 ista
539 914 813 972 suggestione
833 923 1091 973 extorquere
1117 915 1306 967 conaris,
1330 913 1502 958 nullum

115 983 252 1042 excipi
273 992 561 1042 peccatorem.
586 984 669 1027 Ubi
691 984 830 1038 eritis,
847 984 881 1028 si
902 984 961 1028 ita
985 986 1083 1028 est?
1105 1000 1194 1044 quo
1219 983 1424 1043 fugietis?
1450 987 1503 1028 In

117 1055 280 1113 quibus
303 1070 378 1099 vos
407 1053 583 1098 latebris
604 1089 615 1109 ,
645 1070 745 1098 cum
773 1056 923 1099 vestris
943 1055 1155 1112 sacrilegis
1175 1090 1185 1109 ‚
1219 1070 1318 1100 cum
1352 1055 1502 1100 vestris

116 1125 268 1171 famosi
289 1127 479 1171 criminis
503 1127 583 1171 reis
605 1162 615 1180 ,
640 1142 742 1171 cum
763 1128 913 1172 vestris
948 1127 1229 1171 cadaveribus
1251 1126 1497 1186 insepultis,

116 1197 383 1241 abscondere
406 1198 598 1255 poteritis
618 1198 635 1238 ἰ)

175 1269 297 1310 ΧΙΧ,
343 1267 475 1320 Dicis,
507 1281 607 1310 cum
641 1266 879 1325 objicitur:
911 1285 930 1308 «
957 1268 1052 1318 Qua
1083 1265 1209 1309 nobis
1243 1265 1416 1309 licentia
1431 1265 1501 1324 jus

115 1337 319 1395 baptismi
341 1337 610 1381 vindicemus
627 1371 638 1391 ,
661 1335 780 1395 quod
800 1351 888 1380 non
910 1335 964 1379 de
993 1336 1146 1378 merito
1167 1344 1345 1379 actuum
1367 1369 1378 1388 ,
1411 1349 1503 1378 non

117 1407 173 1450 de
188 1408 290 1451 vitae
311 1409 557 1451 innocentia
579 1416 828 1460 tractemus,
853 1407 928 1450 sed
950 1406 1212 1464 cuicumque
1234 1405 1364 1449 licere
1385 1404 1503 1449 dica-

119 1492 238 1532 mus,
263 1486 307 1521 et
323 1478 444 1537 quasi
469 1476 758 1536 praejudicatis
774 1476 1030 1520 criminibus
1048 1477 1107 1519 rei
1125 1511 1136 1529 ,
1159 1475 1266 1520 dum
1282 1485 1325 1520 et
1348 1491 1502 1534 pecca-

120 1548 288 1592 toribus
311 1549 449 1591 inesse
472 1547 721 1606 baptizandi
745 1545 1000 1590 facultatem
1021 1545 1224 1590 volumus
1247 1545 1500 1600 ostendere,

119 1633 198 1662 nos
226 1626 373 1678 aperte
405 1633 602 1676 peccasse
634 1616 851 1661 fateamur
885 1635 895 1660 2
932 1635 951 1657 »
989 1617 1109 1675 quasi
1144 1625 1320 1674 propter
1351 1615 1504 1658 merita

120 1697 265 1733 nostra
281 1697 431 1733 contra
456 1691 594 1732 Deum
619 1687 745 1731 nobis
764 1685 1038 1746 loquendum
1061 1687 1137 1740 sit,
1167 1695 1216 1729 ut
1239 1700 1369 1744 quam
1398 1684 1507 1744 justi

120 1773 298 1812 sumus,
330 1767 417 1802 tam
442 1759 610 1817 justum
645 1756 908 1815 baptismum
936 1771 1024 1800 esse
1055 1755 1263 1800 faciamus
1294 1775 1304 1811 3
1334 1769 1436 1798 cum
1464 1761 1508 1797 et

120 1829 231 1873 nulli
255 1829 484 1873 hominum
506 1828 561 1872 de
582 1843 656 1871 sua
671 1827 836 1886 justitia
856 1825 1207 1884 praesumendum
1228 1825 1282 1868 sit
1308 1845 1320 1881 3
1343 1833 1386 1868 et
1405 1824 1507 1867 hinc

121 1900 307 1943 maxime
335 1899 599 1957 baptismum
629 1898 789 1942 Christi
823 1897 1056 1955 probemus
1092 1910 1182 1939 esse
1203 1930 1214 1950 ,
1246 1910 1335 1940 non
1362 1895 1507 1938 homi-

123 1985 248 2024 num,
265 1970 367 2029 quia
382 1984 470 2013 non
485 1970 534 2012 fit
548 1968 689 2011 varius
704 1968 996 2010 humanorum
1012 1966 1217 2010 varietate
1234 1966 1503 2009 meritorum.

125 2040 250 2084 Unde
282 2039 459 2083 uberius
481 2038 769 2097 disputarem,
801 2037 880 2080 nisi
912 2052 935 2080 a
967 2035 1086 2079 vobis
1118 2035 1221 2080 dato
1248 2034 1509 2093 compendio

123 2111 258 2169 magis
280 2119 440 2154 uterer.
471 2110 679 2166 Suscepto
701 2107 815 2150 enim
843 2106 1073 2164 baptismo,
1106 2120 1249 2164 neque
1267 2105 1505 2158 destructo,

124 2180 618 2240 quemMaximianeuses
631 2177 864 2229 dederunt,
877 2175 1060 2234 aspides,
1073 2175 1247 2233 viperae,
1265 2174 1506 2232 parricidae,

125 2250 332 2295 cadavera
358 2249 563 2307 AEgyptia
583 2283 594 2302 ,
620 2256 663 2291 et
694 2245 910 2306 quidquid
937 2244 1056 2289 aliud
1084 2245 1127 2288 iu
1161 2260 1232 2288 eos
1264 2243 1510 2302 Bagai'ensis

123 2321 321 2375 concilii,
349 2330 396 2364 ut
417 2329 564 2364 nostra
580 2334 707 2363 causa
726 2316 931 2361 facillima
952 2317 1090 2368 fieret,
1116 2331 1190 2360 ore
1214 2314 1509 2373 grandiloquo

125 2391 417 2436 declamatum
437 2399 517 2443 est,
538 2389 637 2433 satis
654 2397 698 2432 et
714 2388 792 2446 ipsi
803 2385 1045 2446 judicastiS,
1067 2400 1155 2428 non
1179 2399 1328 2428 eorum
1349 2383 1512 2427 meritis

127 2478 150 2506 a
178 2461 339 2521 quibus
371 2459 665 2511 ministratur,
711 2471 791 2500 nec
827 2471 976 2500 eorum
1014 2454 1176 2514 quibus
1211 2453 1509 2507 ministratur,

127 2541 324 2578 constare
344 2530 624 2588 baptismum,
637 2526 710 2572 sed
728 2527 899 2586 propria
913 2525 1140 2570 sanctitate
1160 2534 1290 2584 atque
1315 2525 1510 2579 veritate,

176 2623 183 2640 ¹
205 2615 286 2648 Psal.
308 2625 383 2655 cu,
403 2613 434 2645 5.
