1825 3264
495 261 548 288 DE
583 258 769 289 minzi-13
800 261 1016 289 Eccmzsuz.
1360 252 1442 291 259

0 349 2 358 ι
68 345 89 369 »
114 327 335 387 iniquitas,
361 324 605 385 refrigescet
627 328 812 372 charitas
831 327 1071 371 multorum
1095 328 1107 352 ¹
1128 328 1146 369 ⁴?
1166 344 1186 368 »
1212 329 1269 371 Et
1291 343 1442 387 quare,

0 390 2 426 l
69 416 90 440 «
114 397 334 443 Confirma
351 412 422 441 me
441 397 487 442 in
504 398 646 443 verbis
660 399 761 453 tuis,
785 417 805 440 «
822 398 903 442 nisi
918 407 1093 457 propter
1108 397 1151 441 id
1169 398 1288 456 quod
1307 398 1445 458 sequi-

65 475 153 522 tur,
173 485 194 509 «
218 468 298 521 Qui
321 476 465 512 autem
490 469 824 528 perseveraverit
840 483 978 528 usque
994 468 1038 511 in
1052 468 1199 522 finem,
1218 468 1287 512 hic
1305 468 1448 513 salvus

68 556 90 580 »
109 538 215 582 erit?
227 556 247 580 »
265 540 376 584 Sunt
390 554 493 598 ergo
511 555 587 599 per
604 549 743 584 totum
758 538 990 593 mundum,
1012 539 1227 598 inquibus
1241 540 1451 598 quoniam

67 608 264 654 abundat
304 610 509 670 iniquitas
531 646 542 666 ‚
587 611 833 670 refrigescet
868 610 1053 656 charitas
1097 609 1339 654 multorum
1372 620 1450 655 :et

64 689 166 724 sunt
192 696 338 726 rursus
359 697 436 741 per
457 691 599 727 totum
621 682 854 736 mundum,
878 682 953 741 qui
977 681 1290 740 perseverando
1313 696 1450 741 usque

64 750 111 795 in
143 751 276 796 finem
312 751 417 796 salvi
458 763 620 799 erunt:
646 753 764 814 quia,
801 753 1009 805 «Sinite,
1044 752 1217 812 inquit,
1266 762 1450 812 utraque

68 837 89 862 »
112 835 302 866 crescere
322 838 462 884 usque
483 823 539 868 ad
561 838 742 868 messem
769 842 778 868 :
807 841 827 865 »
851 831 909 877 et,
939 841 960 864 «
989 824 1137 866 Messis
1159 831 1223 865 est
1250 822 1345 865 finis
1372 837 1451 865 ςτε-

67 909 88 934 »
111 892 200 937 culi
219 928 231 949 ,
251 909 350 953 ager
367 905 514 940 autem
536 894 725 951 mundus
743 898 775 938 2.
804 913 824 936 »ι
849 895 983 954 Cujus
1004 894 1208 937 humanae
1226 893 1455 937 infirmita-

62 962 116 1007 tis
137 972 202 1008 est
221 964 350 1009 etiam
366 964 439 1010 illa
452 981 534 1011 vox
554 984 563 1010 :
587 985 609 1008 «
631 966 809 1011 Salvum
827 979 896 1009 me
913 963 998 1018 fac,
1019 964 1217 1018 Domine,
1242 963 1456 1024 quoniam.

62 1049 83 1074 »
108 1033 271 1078 defecit
286 1045 476 1090 sanctus,
493 1036 702 1096 quoniam
720 1035 948 1080 diminutae
967 1043 1071 1078 sunt
1089 1035 1292 1079 veritates
1312 1051 1335 1078 a
1355 1033 1453 1076 filiis

65 1120 86 1145 »
112 1104 341 1149 hominum
359 1106 392 1149 ³.
415 1124 435 1148 n
465 1108 519 1150 Et
535 1107 647 1150 inter
667 1107 745 1151 hos
767 1114 915 1150 tamen
936 1115 999 1149 est
1021 1119 1159 1148 unum
1180 1120 1270 1159 cor,
1296 1113 1339 1148 ct
1369 1118 1456 1147 una

59 1173 104 1218 in
125 1178 262 1220 Deum
285 1177 427 1221 anima
450 1176 646 1221 fidelium
674 1176 883 1231 clamans,
912 1195 933 1219 «
956 1175 1133 1221 Salvum
1164 1191 1232 1219 me
1254 1175 1339 1229 lac,
1368 1178 1455 1219 Do-

65 1261 87 1288 »
112 1245 244 1290 mine.
274 1265 294 1288 »
330 1247 438 1301 Quia
472 1248 589 1292 enim
616 1248 676 1292 sie
703 1262 815 1291 unus
845 1256 909 1291 est
935 1247 1015 1290 iste
1054 1247 1186 1289 homo
1217 1245 1291 1304 qui
1319 1244 1453 1299 dicit,

67 1333 88 1358 κ
114 1315 292 1361 Salvum
318 1332 388 1361 me
415 1317 499 1372 fac,
530 1318 727 1372 Domine,
749 1336 768 1358 »
792 1326 841 1360 ut
864 1332 914 1360 ex
934 1315 1081 1359 multis
1101 1324 1296 1372 constet,
1326 1315 1457 1373 paulo

65 1396 164 1446 post
177 1387 224 1431 in
241 1388 395 1432 eodem
412 1387 581 1432 Psalmo
598 1387 777 1433 dicitur:
802 1406 822 1430 «
841 1391 1023 1446 Propter
1042 1387 1259 1429 miseriam
1275 1386 1459 1445 inopum

70 1475 91 1499 »
116 1467 160 1503 et
177 1458 388 1517 gemitum
404 1474 664 1518 pauperum,
688 1475 807 1504 nunc
825 1473 1047 1516 exurgam,
1065 1456 1171 1501 dicit
1190 1457 1449 1501 Dominus.»

64 1531 122 1574 Et
153 1545 300 1574 rursus
327 1530 460 1590 paulo
490 1540 584 1589 post
613 1529 769 1589 plurali
799 1545 982 1574 numero
1004 1529 1186 1573 dicitur:
1217 1547 1238 1571 «
1266 1531 1332 1573 Tu
1354 1543 1457 1572 vero

66 1617 87 1641 >›
112 1602 301 1645 servabis
321 1617 398 1645 nos
415 1635 426 1655 ‚
448 1610 492 1645 et
510 1601 728 1646 custodies
745 1616 824 1646 nos
841 1617 865 1645 a
883 1600 1162 1660 generatione
1180 1599 1260 1643 hac
1278 1600 1322 1643 in
1337 1608 1462 1643 aeter-

0 1705 3 1714 ,
65 1687 86 1712 »
112 1686 234 1715 num.
271 1691 290 1713 »
318 1674 414 1725 Qua
440 1673 747 1731 generatione,
778 1672 858 1716 nisi
884 1671 939 1715 de
962 1686 1048 1730 qua
1070 1671 1266 1730 superius
1288 1669 1458 1714 dictum

0 1767 9 1795 μ
67 1753 131 1788 est
150 1762 159 1787 :
188 1762 209 1786 «
236 1743 401 1788 Defecit
422 1754 622 1800 sanctus,
647 1754 690 1789 et
713 1743 941 1788 diminutae
959 1751 1061 1787 sunt
1085 1742 1286 1786 veritates
1307 1758 1331 1786 a
1354 1742 1452 1786 filiis

0 1839 9 1867 Β
69 1829 91 1856 »
114 1813 406 1858 hominumP»
431 1815 515 1860 Sed
538 1824 774 1874 utrumque
796 1816 879 1859 hoc
902 1829 1039 1873 genus
1061 1828 1139 1873 per
1158 1822 1302 1858 totum
1325 1828 1454 1856 mun-

0 1910 12 1939 ς
66 1882 173 1928 dum
215 1899 353 1943 usque
394 1884 440 1928 in
474 1885 606 1928 finem
634 1904 641 1929 z
667 1885 769 1945 quia
812 1904 830 1927 «
861 1885 1025 1940 Sinite,
1059 1883 1223 1943 inquit,
1269 1892 1454 1942 utraque

0 1981 12 2011 fl
71 1969 92 1995 »
116 1968 306 1998 crescere
329 1970 467 2014 usque
490 1955 545 1999 ad
573 1970 755 1999 messem
788 1974 796 2000 :
825 1973 845 1996 »
871 1964 938 2010 et,
967 1974 987 1996 «
1019 1957 1130 2011 Ager
1152 1962 1214 1998 est
1245 1952 1451 2007 mundus,

70 2040 92 2066 »
114 2026 260 2069 messis
287 2026 386 2070 finis
412 2026 573 2070 saeculi.
604 2045 623 2067 »
662 2029 759 2085 Ipse
792 2026 909 2070 enim
938 2040 1051 2069 unus
1079 2025 1225 2078 hoino,
1247 2023 1368 2084 quod
1390 2031 1455 2067 est

0 2125 5 2133 -
67 2108 224 2154 corpus
252 2096 411 2141 Christi
436 2111 487 2141 ex
515 2097 663 2141 multis
689 2106 890 2142 constans
907 2131 918 2151 ,
950 2105 1158 2156 tanquam
1189 2095 1341 2139 Enoch
1365 2097 1456 2138 Deo

66 2164 242 2226 placens
265 2166 546 2212 transferetur
570 2168 602 2222 ⁴,
623 2177 666 2211 et
689 2177 895 2226 tanquam
918 2168 1031 2212 Loth
1061 2165 1115 2210 de
1139 2164 1383 2219 Sodomis⁵‚
1412 2174 1456 2209 et

0 2267 10 2295 f
68 2243 277 2298 tanquam
300 2241 391 2284 Noe'
412 2238 467 2283 de
486 2238 652 2284 diluvio
673 2238 932 2284 liberabitur
954 2240 985 2282 ⁰.
1013 2241 1064 2282 In
1087 2238 1180 2297 ipso
1201 2246 1265 2282 est
1285 2236 1456 2281 miseria

0 2324 14 2369 ,j
70 2305 253 2369 inopum
275 2319 318 2355 et
340 2311 525 2369 gemitus
545 2326 786 2371 pauperum
802 2345 813 2366 ,
839 2311 941 2371 quia
964 2311 1056 2369 ejus
1079 2311 1221 2354 anima
1250 2308 1458 2353 dormitat

13 2394 16 2400 ¹
72 2393 99 2424 a
122 2380 271 2436 taedio,
295 2396 396 2426 cum
418 2396 462 2426 se
483 2382 592 2440 petit
608 2381 855 2426 confirmari
879 2380 925 2424 in
946 2380 1088 2425 verbis
1112 2379 1203 2423 Dei.
1230 2382 1280 2422 In
1302 2393 1354 2422 eo
1376 2393 1458 2422 au-

4 2504 8 2518 ,
69 2456 156 2495 tem
189 2451 359 2496 Psalmo
395 2451 500 2497 dicit
536 2451 655 2496 unde
682 2452 737 2496 sit
765 2452 907 2511 ipsum
940 2450 1121 2494 taedium
1148 2468 1156 2493 :
1187 2468 1207 2491 «
1235 2448 1450 2504 Taedium,

0 2536 22 2585 {Vi
121 2553 132 2572 ¹
147 2553 269 2586 Matth.
289 2564 377 2595 xxiv,
398 2563 450 2586 12.
465 2569 507 2576 —
522 2560 536 2576 ²
556 2553 617 2586 ld..
641 2564 710 2594 xm,
731 2553 785 2586 30.
803 2567 842 2576 --
859 2551 873 2575 3
889 2552 971 2585 Psal.
988 2553 1032 2588 xi,
1052 2560 1082 2584 2·
1105 2569 1144 2575 —
1160 2550 1174 2580 4
1193 2554 1272 2585 Gen.
1292 2562 1327 2592 v,
1346 2550 1402 2592 24.
1417 2565 1459 2574 -

77 2601 155 2640 ⁸1d.
177 2618 311 2649 xix,12.
327 2607 535 2650 —61d.vn‚
556 2619 583 2641 1.

1216 2664 1277 2700 17.
