1825 3264
258 255 420 285 com-M
450 257 714 285 ennscomun
748 258 1035 297 Donns'rAM,
1071 262 1149 287 Lm.
1188 262 1216 287 1.
1349 250 1428 289 321

55 323 412 377 sermocinantur,
427 332 477 367 ut
486 323 530 367 in
538 324 673 367 verbo
685 321 901 382 decipiant
915 339 987 369 eos
999 340 1098 369 cum
1108 326 1268 385 quibus
1281 337 1433 386 agunt,

55 409 135 439 nec
152 393 214 439 illi
228 394 302 454 qui
319 394 424 439 tales
444 408 593 439 eorum
613 395 890 454 responsione
909 397 1193 452 convincunt,
1215 396 1438 443 dialectice

55 474 192 524 agunt
218 484 227 509 :
247 465 316 510 dic
337 465 462 510 nobis
481 465 655 510 tandem
680 466 786 526 quid
808 466 861 510 sit
883 466 1106 512 dialectica
1122 503 1132 522 ,
1158 478 1201 512 et
1223 479 1440 529 quantum

56 535 159 579 mali
175 534 349 591 habeat,
373 546 583 596 quantum
606 546 786 591 noceat,
809 552 938 597 quam
973 537 1179 596 fugienda
1209 539 1282 594 sit,
1313 538 1436 584 doce.

55 607 190 666 Cujus
208 622 369 651 nomen
391 607 600 652 invidiose
622 607 796 667 subjicis
825 607 1146 665 ignorantibus,
1182 609 1346 653 crimen
1371 626 1442 654 os-

56 676 188 720 tende
209 678 517 737 quaerentibus.
549 680 645 722 Non
670 678 730 722 vis
754 677 879 722 fateri
907 678 1025 738 quod
1059 678 1283 724 dialectice
1318 690 1440 738 agat,

56 747 133 806 qui
155 748 350 792 homines
371 763 538 793 aversos
576 765 599 793 a
629 763 731 793 vero
757 749 894 808 perite
923 758 1126 809 recteque
1147 751 1442 810 interrogans,

56 818 409 878 responsionibus
438 834 588 864 eorum
618 818 798 864 adducit
837 819 892 864 ad
924 835 1103 875 verum,
1136 836 1190 864 ne
1221 821 1446 865 dialectice

55 904 156 933 cum
181 887 343 932 Judaeis
365 889 495 933 etiam
523 890 745 935 Christum
767 890 901 949 egisse
923 890 1109 934 fatearis.
1138 894 1248 934 Item
1272 907 1359 935 non
1384 892 1448 934 vis

55 957 151 1003 illos
173 974 298 1018 agere
315 958 555 1015 dialectice,
582 961 658 1021 qui
675 961 876 1019 captiosis
898 961 1317 1020 interrogationibus
1341 961 1445 1004 insi-

0 1022 1 1047 ³
59 1028 226 1074 diantes
248 1030 585 1089 respondentem
610 1031 810 1090 decipere
837 1031 1098 1086 moliuntur,
1125 1047 1179 1076 ne
1203 1032 1282 1076 tibi
1305 1040 1450 1075 osten·

59 1100 190 1145 datur
210 1102 269 1145 ita
288 1116 388 1145 cum
407 1102 578 1147 Christo
601 1103 736 1161 egisse
754 1101 945 1157 Judaeos,
970 1117 1080 1161 quos
1104 1111 1250 1146 tamen
1271 1101 1343 1145 ille
1361 1117 1452 1146 non

60 1170 293 1216 declinavit
311 1172 518 1227 tacendo,
544 1173 618 1216 sed
641 1173 784 1232 potius
806 1171 1030 1232 loquendo
1053 1173 1294 1232 superavit,
1322 1188 1370 1216 ac
1393 1172 1452 1215 sic

60 1241 226 1300 cogaris
257 1240 383 1285 fateri
412 1257 502 1286 non
530 1251 646 1286 recte
674 1244 899 1302 episcopos
925 1252 1088 1287 vestros
1105 1278 1115 1297 ,
1158 1258 1267 1302 quos
1303 1242 1454 1286 doctos

62 1320 192 1371 atque
213 1312 427 1371 sapientes
444 1321 587 1371 putas,
614 1314 742 1357 etiam
766 1329 867 1358 cum
889 1313 1126 1358 dialecticis
1154 1313 1271 1357 nolle
1295 1313 1454 1356 habere

63 1397 328 1438 sermonem,
350 1383 654 1442 quo'jnvictam
678 1383 865 1428 doceant
887 1385 1129 1429 veritatem.
1153 1383 1308 1437 Video,
1333 1397 1457 1440 mag-

64 1467 143 1497 nos
165 1462 294 1497 aestus
314 1454 488 1512 pateris,
513 1454 738 1513 quomodo
767 1453 948 1498 definias
978 1454 1279 1507 dialecticum,
1307 1462 1354 1496 ut
1377 1467 1458 1495 nec

64 1524 228 1582 peritus
249 1523 494 1583 disputator
511 1524 585 1579 sit,
613 1539 668 1568 ne
685 1525 804 1584 quod
824 1526 1098 1584 vituperasti,
1120 1524 1301 1568 laudare
1324 1537 1457 1581 coga-

66 1593 478 1650 ris3necinsidiosus
487 1595 721 1638 verborum
735 1603 947 1653 captator,
964 1610 1019 1638 ne
1035 1595 1113 1638 tibi
1128 1594 1315 1647 dicatur,
1336 1593 1458 1637 Sicut

66 1665 153 1722 egit
171 1679 271 1708 cum
290 1664 451 1709 talibus
473 1665 693 1719 Christus,
721 1666 780 1710 sic
800 1674 899 1724 agat
922 1680 1022 1709 cum
1055 1665 1136 1708 isto
1169 1664 1454 1708 Christianus.

68 1734 256 1778 Proinde
271 1735 304 1778 si
326 1734 469 1793 placet
486 1735 566 1779 ista
582 1751 686 1780 cura
708 1735 898 1789 liberari,
918 1750 1016 1779 eum
1037 1734 1170 1778 defini
1192 1749 1280 1778 esse
1298 1733 1461 1777 dialec-

66 1804 219 1858 ticum,
245 1819 345 1848 cum
361 1820 450 1864 quo
472 1801 578 1863 legis
591 1805 719 1864 periti
741 1805 795 1848 de
819 1813 939 1864 parte
953 1805 1108 1849 Donati
1125 1805 1282 1848 nolunt
1299 1803 1460 1846 habere

68 1873 497 1934 colloquium..Quid
520 1876 634 1919 enim
659 1876 737 1919 tibi
762 1874 881 1919 aliud
903 1874 1228 1933 suggerendum
1265 1882 1352 1927 est,
1378 1874 1460 1917 ho-

67 1944 174 1988 mini
197 1945 420 2004 objicienti
435 1946 559 1990 nobis
579 1945 867 1999 dialecticam,
889 1955 932 1988 et
953 1944 1052 1988 ideo
1076 1943 1332 2003 praedicanti
1355 1943 1459 2001 epis-

70 2030 203 2073 copos
220 2031 335 2070 suos,
361 2017 481 2075 quod
505 2016 732 2060 nobiscum
752 2015 893 2060 nolint
914 2015 1075 2059 habere
1097 2014 1366 2058 sermonem?

24 2083 26 2086 ’
131 2086 292 2129 XXIV.
322 2084 405 2129 Sed
422 2084 584 2129 Judaeis
603 2086 783 2129 fortasse
799 2084 967 2129 invenis
988 2083 1092 2144 quid
1109 2082 1242 2137 dicas,
1263 2082 1462 2143 quamvis

71 2152 228 2199 callide
243 2163 373 2214 atque
389 2163 561 2199 versute
583 2154 706 2199 dolos
724 2154 1111 2212 interrogationum
1128 2152 1458 2212 praetenderint,

72 2240 162 2270 non
176 2241 249 2270 eos
266 2227 396 2270 tuisse
414 2226 677 2271 dialecticos.
699 2229 761 2270 De
775 2226 928 2271 Stoicis
941 2235 1058 2270 certe
1071 2224 1155 2269 dici
1178 2233 1318 2284 potest
1333 2221 1458 2276 nihil,

73 2297 150 2356 qui
171 2312 258 2341 non
281 2297 425 2342 solum
447 2297 661 2342 dialectici
687 2296 866 2341 fuerunt
881 2332 891 2351 ,
917 2297 993 2341 sed
1016 2298 1144 2340 etiam
1161 2304 1338 2340 caeteras
1360 2294 1461 2352 phi-

73 2365 355 2424 losophorum
383 2376 519 2411 sectas
541 2367 587 2410 in
608 2368 690 2412 hac
713 2368 782 2411 vel
807 2376 897 2411 arte
918 2365 988 2410 vel
1016 2365 1222 2409 facultate
1244 2365 1459 2407 vicerunt.

77 2438 249 2481 Sto'icus
269 2437 454 2495 quippe,
480 2446 530 2480 ut
551 2452 721 2481 mecum
746 2436 896 2482 recolis
911 2472 926 2491 ,
955 2435 1040 2480 fuit
1069 2435 1141 2478 ille
1163 2435 1433 2493 Chrysippus
1450 2467 1462 2488 ,

76 2507 131 2550 de
148 2521 237 2566 quo
259 2506 543 2551 Academicus
567 2507 811 2552 Carneades
833 2507 945 2551 hanc
967 2505 1159 2550 habebat
1179 2504 1436 2549 sententiam
1450 2538 1461 2557 ,

129 2598 136 2612 ¹
158 2591 236 2623 vide
253 2591 356 2623 Valer.
378 2592 510 2623 Maxim.
530 2592 584 2624 lib.
611 2602 677 2629 vw,
695 2602 764 2633 cap.
786 2602 815 2632 7.

269 2656 457 2686 cxxxix.
1226 2645 1270 2682 21
