1825 3264
333 249 414 284 212
757 248 789 277 S.
827 247 933 276 Arm
947 248 1055 275 snm
1091 246 1270 273 muscum

330 385 562 429 Augustinus
581 381 788 427 episcopus,
807 377 1054 415 dilectissimis
1081 375 1258 411 fratribus
1284 373 1330 407 ad
1362 377 1500 407 nostrae
1521 371 1709 416 dispensa-

377 442 489 477 tionis
506 450 635 476 curam
651 438 924 484 pcrtinentibus
941 450 948 470 2
966 435 1068 470 Salus
1085 444 1167 478 quac
1183 433 1217 467 in
1235 430 1386 466 Christo
1404 434 1472 470 cst,
1491 435 1527 465 et
1545 439 1612 474 pax
1628 429 1709 464 uni·
1775 449 1781 453 -

377 499 461 535 tatis
479 504 516 534 et
533 497 724 533 charitatis
743 495 821 540 ejus
839 495 884 530 sit
906 494 1114 534 vobiscum,
1141 497 1178 526 ct
1195 492 1342 535 integer
1362 489 1511 534 spiritus
1536 494 1657 524 vester
1676 491 1713 522 ct

376 558 496 593 anima
515 562 551 592 et
569 565 707 602 corpus
724 555 763 590 in
782 553 881 589 diem
899 551 1046 588 Domini
1067 550 1181 586 nostri
1195 548 1286 585 Jesu
1302 547 1441 584 Christi
1455 552 1639 584 servetur.

934 686 1075 697 ἤι’-

389 800 424 841 Ι.
446 799 726 851 ΜΕΜιΝιετιε,
754 794 925 849 fratres,
951 790 1716 840 PetilianiDonatistarumConstan-

329 867 524 911 tiniensis
558 866 746 926 episcopi
780 881 1034 926 perparvam
1069 863 1275 923 Epistolae
1306 871 1475 922 partem
1496 861 1543 904 in
1565 874 1718 904 manus

328 946 493 981 nostras
521 937 756 997 aliquando
775 937 942 981 venisse
959 972 970 992 ‚
995 937 1122 995 eique
1144 933 1368 994 particulae
1398 932 1518 992 quod
1540 945 1718 990 respon-

329 1008 520 1052 derimus
543 1009 758 1067 scripsisse
787 1023 857 1051 me
888 1007 944 1051 ad
974 1007 1252 1050 dilectionem
1275 1013 1478 1049 vestram.
1514 1002 1598 1047 Sed
1617 1015 1719 1045 cum

329 1088 476 1136 postea
491 1087 581 1122 tota
599 1088 642 1121 et
655 1078 784 1137 plena
806 1077 932 1121 nobis
950 1092 973 1120 a
995 1076 1201 1121 fratribus
1223 1075 1300 1135 qui
1320 1074 1382 1118 ibi
1405 1081 1509 1117 sunt
1525 1072 1720 1116 mittere-

328 1157 416 1203 tur,
437 1148 600 1207 placuit
617 1150 655 1192 ei
676 1149 730 1192 ab
755 1147 932 1193 exordio
954 1146 1231 1206 respondere,
1255 1155 1465 1206 tanquam
1487 1151 1720 1204 praesentes

329 1233 552 1276 ageremus
568 1239 575 1264 :
595 1217 969 1278 quemadmodum
984 1234 1152 1278 semper
1166 1218 1280 1262 scitis
1295 1232 1373 1262 nos
1391 1231 1492 1260 cum
1515 1216 1574 1259 eis
1597 1228 1720 1273 agere

328 1288 531 1345 voluisse,
550 1299 600 1333 ut
621 1290 712 1333 sine
729 1289 876 1333 studio
895 1289 1200 1343 contentionis,
1217 1287 1325 1348 quid
1340 1287 1408 1332 vel
1422 1287 1476 1331 ab
1491 1286 1592 1345 ipsis
1607 1284 1676 1330 vel
1697 1299 1721 1328 a

330 1360 457 1403 nobis
476 1359 662 1414 dicatur,
684 1358 839 1404 collata
862 1359 1157 1418 disputatione
1175 1358 1379 1404 omnibus
1403 1365 1645 1417 appareret.
1669 1358 1722 1398 In

330 1429 570 1474 multorum
594 1430 708 1474 enim
733 1430 935 1474 manibus
958 1430 1075 1473 illam
1099 1429 1339 1489 Epistolam
1362 1443 1451 1472 essc
1470 1426 1718 1481 didicimus,

329 1502 406 1560 qui
428 1502 559 1545 etiam
582 1502 718 1546 multa
739 1517 790 1546 ex
813 1501 885 1545 illa
906 1501 1155 1545 memoriter
1175 1510 1327 1545 tenent
1344 1535 1355 1555 ‚
1382 1498 1546 1558 aliquid
1569 1512 1722 1542 verum

331 1571 535 1616 adversus
557 1588 635 1616 nos
656 1588 756 1616 eum
788 1571 940 1616 dixisse
963 1572 1238 1616 arbitrantes.
1277 1570 1360 1616 Sed
1384 1585 1502 1614 nunc
1524 1570 1558 1614 si
1579 1569 1723 1627 legere

329 1641 549 1685 voluerint
568 1658 667 1701 quae
690 1642 1006 1700 respondimus,
1033 1642 1230 1701 profecto
1252 1640 1499 1700 intelligent
1516 1638 1622 1699 quid
1641 1637 1722 1682 sibi

331 1711 640 1770 abjiciendum,
660 1711 824 1771 etquid
843 1712 1083 1755 tenendum
1097 1713 1165 1756 sit.
1184 1714 1335 1772 Neque
1353 1712 1468 1755 enim
1485 1709 1559 1754 illa
1576 1718 1722 1754 nostra

330 1790 447 1835 sunt,
460 1782 570 1825 sicut
581 1782 662 1840 ipsi
675 1790 855 1840 possunt
867 1781 1157 1836 considerare,
1169 1783 1203 1826 si
1217 1781 1355 1826 velint
1366 1782 1456 1825 sine
1471 1779 1616 1825 studio
1630 1794 1723 1839 par-

330 1853 438 1895 tium
456 1852 653 1911 judicare
675 1871 684 1897 :
720 1868 821 1896 nam
844 1851 899 1896 de
924 1853 1155 1911 Scripturis
1179 1853 1335 1897 sanctis
1365 1853 1424 1896 ita
1447 1861 1549 1896 sunt
1577 1849 1723 1895 omnia

330 1922 497 1981 prolata
513 1932 555 1966 et
569 1924 767 1982 probata,
787 1933 836 1967 ut
850 1939 898 1967 ea
916 1939 1075 1983 negare
1088 1939 1176 1968 non
1191 1924 1340 1983 possit,
1357 1923 1438 1965 nisi
1457 1923 1532 1981 qui
1546 1919 1720 1963 illarum

333 1992 654 2051 Scripturarum
667 2009 711 2037 se
729 1993 955 2037 inimicum
970 2008 1059 2037 esse
1075 1994 1319 2052 profitetur.
1342 1991 1426 2036 Sed
1441 1990 1495 2034 de
1505 1990 1581 2034 illo
1593 2004 1723 2049 opere

329 2072 478 2106 nostro
509 2062 636 2107 video
660 2063 767 2123 quid
799 2064 964 2122 possint
985 2063 1128 2108 dicere
1161 2063 1276 2107 illius
1308 2072 1398 2106 tam
1421 2061 1547 2106 malae
1581 2076 1722 2105 causae

329 2134 658 2190 pertinacissimi
680 2133 930 2178 defensores
953 2154 961 2178 :
990 2149 1059 2178 me
1082 2134 1284 2178 videlicet
1308 2133 1498 2178 absentis
1516 2130 1722 2192 Epistolae

331 2201 617 2260 respondisse,
640 2203 718 2246 ubi
736 2205 868 2247 verba
888 2219 983 2248 mea
1005 2203 1078 2247 ille
1099 2219 1189 2247 non
1204 2203 1390 2258 audiret,
1412 2204 1572 2262 quibus
1587 2202 1725 2246 conti-

330 2287 421 2316 nuo
442 2273 737 2332 responderet.
761 2273 978 2318 Defendat
1009 2289 1110 2332 ergo
1134 2274 1265 2318 verba
1286 2273 1492 2333 Epistolae
1511 2289 1617 2328 suae,
1643 2273 1723 2317 etsi

330 2351 471 2401 potest
487 2343 709 2397 ostendat,
735 2344 1087 2403 responsionibus
1110 2345 1214 2388 meis
1230 2361 1318 2388 non
1331 2360 1379 2388 ea
1394 2344 1523 2388 fuisse
1534 2345 1723 2388 refutata

331 2421 462 2470 atque
483 2414 696 2457 convicta.
726 2416 816 2457 Aut
841 2414 874 2456 si
905 2414 988 2457 hoc
1017 2430 1104 2458 non
1133 2414 1254 2469 vult,
1286 2415 1416 2459 faciat
1439 2424 1482 2459 et
1508 2415 1598 2474 ipse
1622 2415 1724 2458 huic

332 2483 537 2540 Epistolae
561 2500 690 2539 meae,
711 2484 830 2544 quod
852 2500 931 2543 ego
954 2485 1015 2529 illi
1038 2486 1186 2545 ipsius,
1211 2487 1388 2546 cuijam
1410 2486 1631 2545 respondi.
1659 2484 1720 2529 ll-

381 2572 386 2585 ¹
417 2566 494 2597 Yijc
519 2569 553 2598 D.
576 2567 712 2608 GuiHOn,
736 2574 810 2600 tom.
833 2579 910 2609 xxii,
929 2579 998 2610 pag.
1020 2572 1184 2611 258-282.
