1825 3264
337 266 389 303 24
766 272 796 298 s.
835 271 1061 299 AUGUSTINI
1097 270 1235 297 Emsco
1242 272 1276 295 P}

334 342 457 385 nobis
500 345 754 398 praemonet,
789 345 837 379 tu
866 336 943 396 qui
975 334 1267 379 Christianum
1295 343 1338 377 te
1366 349 1594 388 memoras,
1619 332 1713 378 dira

335 412 444 454 sacta
468 408 693 468 gentilium
716 422 805 450 non
824 406 956 450 debes
979 405 1149 448 imitari.
1177 407 1243 449 An
1259 405 1317 448 sic
1338 407 1429 448 Deo
1450 404 1642 458 servitis,
1666 413 1717 449 ut

333 481 480 525 vestris
503 479 702 522 manibus
718 476 994 521 occidamur?
1013 474 1173 518 Erratis
1189 509 1200 528 ‚
1225 475 1396 528 erratis,
1422 475 1455 518 si
1474 474 1558 518 hoc
1581 473 1717 518 credi·

334 551 386 593 tis
399 548 557 592 miseri.
580 551 685 592 Nam
710 562 797 590 non
815 545 946 589 habet
970 547 1081 588 Deus
1101 544 1323 588 carnifices
1345 543 1602 588 sacerdotes.
1632 561 1652 584 »

389 622 549 663 XLIII.
570 622 843 662 AUGUSTLNUS
864 615 1085 675 respondit
1106 634 1114 659 :
1144 618 1312 673 Fugere
1334 615 1389 658 de
1410 614 1583 658 civitate
1594 615 1638 658 in
1655 614 1716 658 ci-

332 690 506 734 vitatem
528 705 549 732 a
568 688 678 732 facie
696 686 1021 746 persecutioniS,
1044 701 1133 730 non
1156 685 1368 729 haereticis
1389 683 1458 730 vel
1479 685 1718 729 schismati·

332 760 389 804 cis
411 767 675 817 praeceptum
695 757 781 800 sive
799 757 1051 815 permissum
1067 765 1130 800 est
1142 754 1263 816 quod
1277 756 1375 799 estis
1388 770 1463 799 vos
1484 776 1495 812 3
1511 754 1585 799 sed
1610 770 1718 814 prae-

332 829 597 873 dicatoribus
627 826 877 885 Evangelii,
906 827 977 870 cui
1011 825 1202 870 resistitis
1234 841 1324 870 vos.
1357 824 1486 879 Quod
1517 834 1565 868 ut
1594 823 1718 869 facile

333 899 564 957 probemus
581 933 591 951 ‚
615 913 731 940 nunc
753 905 869 940 certe
891 897 934 939 in
957 896 1205 940 civitatibus
1226 895 1377 939 vestris
1389 895 1510 945 estis,
1529 903 1572 938 et
1587 909 1717 938 nemo

331 983 406 1013 vos
429 968 715 1026 persequitur.
737 965 1046 1009 Prodeundum
1067 981 1167 1023 ergo
1182 965 1303 1009 vobis
1319 974 1383 1008 est
1403 999 1414 1019 ‚
1435 973 1476 1009 et
1495 963 1717 1008 reddenda

329 1039 437 1081 ratio
459 1037 735 1095 separationis
755 1045 922 1079 vestrae.
944 1039 1096 1095 Neque
1118 1036 1233 1079 enim
1265 1036 1378 1078 sicut
1401 1044 1630 1078 excusatur
1649 1035 1718 1078 in·

330 1108 506 1151 firmitas
525 1108 678 1161 carnis,
704 1106 880 1166 quando
909 1107 1025 1150 cedit
1056 1105 1274 1150 violentiae
1298 1105 1607 1164 persecutionis
1624 1140 1635 1159 ‚
1657 1105 1741 1162 sic·

329 1178 461 1221 debet
485 1188 526 1220 et
551 1178 706 1221 veritas
726 1178 879 1220 cedere
896 1176 1087 1220 falsitati.
1106 1175 1295 1220 Proinde
1316 1176 1349 1219 si
1371 1176 1715 1235 persecutionem

328 1246 549 1304 patimini,
571 1262 704 1304 quare
722 1262 809 1289 non
834 1245 1050 1289 dimittitis
1072 1245 1265 1289 civitates
1287 1245 1331 1288 in
1356 1245 1515 1305 quibus
1529 1245 1628 1289 estis
1642 1280 1653 1300 ‚
1668 1255 1718 1290 ut

330 1314 543 1372 impleatis
575 1314 695 1373 quod
734 1330 783 1357 ex
824 1314 1063 1372 Evangelio
1103 1316 1480 1359 commemoratis?
1514 1316 1547 1359 si
1570 1325 1716 1359 autern
1779 1329 1793 1370 J

332 1400 419 1428 non
439 1384 634 1442 patimini
653 1385 995 1443 persecutionem
1010 1420 1020 1439 ‚
1041 1401 1175 1444 quare
1199 1386 1324 1429 nobis
1347 1385 1608 1445 respondere
1627 1401 1716 1430 non

333 1453 490 1496 vultis?
514 1457 600 1496 Aut
624 1454 655 1496 si
679 1454 838 1497 timetis
859 1453 968 1497 forte
983 1489 993 1508 ,
1019 1470 1073 1497 ne
1095 1470 1194 1498 cum
1220 1455 1522 1512 responderitis
1540 1491 1551 1510 ‚
1569 1471 1716 1514 perse-

333 1523 550 1565 cutionem
576 1524 819 1580 patiamini3
845 1524 1068 1582 quomodo
1090 1525 1436 1583 ergoiniitamini
1458 1540 1530 1569 cos
1555 1524 1716 1584 praedi-

334 1601 498 1634 catores
518 1627 530 1645 ,
561 1593 721 1650 quibus
750 1594 914 1636 dietum
943 1602 1032 1637 est:
1063 1614 1077 1631 «
1111 1590 1220 1638 Ecce
1242 1596 1368 1639 mitto
1391 1610 1466 1639 vos
1483 1595 1594 1639 sicut
1617 1610 1718 1639 oves

339 1679 357 1701 »
384 1662 427 1703 in
452 1660 841 1721 medioluporum?
863 1682 879 1703 »
905 1664 1070 1715 Quibus
1094 1666 1194 1709 item
1219 1664 1382 1708 dictum
1406 1675 1470 1709 est
1491 1685 1500 1709 ε
1530 1684 1550 1706 «
1573 1664 1716 1710 Nolite

336 1749 354 1770 »
381 1732 532 1773 timere
553 1747 622 1775 eos
641 1733 716 1790 qui
734 1748 890 1790 corpus
906 1734 1127 1789 occidunt,
1149 1733 1337 1779 animam
1356 1744 1499 1778 autem
1518 1751 1605 1779 nou
1622 1751 1717 1794 pos-

335 1817 354 1838 »
382 1809 481 1842 sunt
503 1800 700 1844 occidere
723 1803 767 1844 ²?
790 1820 808 1842 »
838 1805 890 1845 Et
913 1803 1136 1861 quomodo
1161 1820 1250 1847 non
1273 1805 1413 1848 facitis
1431 1815 1581 1849 contra
1601 1821 1709 1864 prae-

333 1880 507 1927 ceptum
531 1872 644 1913 Petri
665 1872 863 1929 apostoli,
884 1873 957 1930 qui
975 1874 1032 1916 ait
1051 1893 1057 1916 :
1083 1893 1098 1912 «
1124 1875 1265 1918 Parati
1286 1890 1455 1933 semper
1473 1876 1527 1920 ad
1543 1891 1716 1934 respon-

333 1957 352 1979 »
378 1939 540 1982 sionem
560 1941 677 1983 omni
702 1942 894 1998 poscenti
916 1958 991 1986 vos
1010 1944 1064 1986 de
1086 1943 1172 1987 fide
1191 1954 1233 1987 et
1254 1960 1328 2003 spe
1343 1955 1481 1989 vestra
1501 1948 1516 1971 ²
1534 1965 1542 1990 z
1571 1967 1585 1987 »
1612 1950 1716 1990 Pos-

329 2016 467 2051 tremo
485 2024 618 2066 quare
635 2010 1050 2067 perviolentissimas
1074 2013 1222 2056 turbas
1244 2015 1373 2058 etiam
1395 2015 1713 2075 ultroimprobi

329 2077 426 2119 estis
449 2078 648 2121 Ecclesiis
670 2080 891 2124 catholicis
907 2115 916 2133 ‚
943 2082 1018 2123 ubi
1038 2084 1263 2139 potueritis
1291 2103 1299 2127 :
1323 2084 1443 2143 quod
1461 2086 1713 2129 innumera-

331 2145 487 2188 bilibus
511 2147 716 2206 cxemplis
739 2164 802 2192 res
825 2150 913 2208 ipsa
932 2150 1124 2194 indicat?
1149 2152 1231 2196 Sed
1248 2153 1388 2197 dicitis
1409 2170 1484 2198 vos
1505 2154 1600 2199 loca
1618 2171 1713 2199 ves-

327 2223 388 2256 tra
405 2213 655 2269 defendere,
673 2227 715 2260 et
733 2219 925 2262 resistitis
946 2219 1131 2263 fustibus
1152 2231 1194 2264 et
1215 2222 1408 2266 caedibus
1431 2225 1713 2282 quibuscum-

324 2299 410 2341 que
435 2285 674 2341 potueritis.
701 2289 844 2338 Quare
872 2289 929 2331 ibi
960 2305 1049 2332 non
1070 2291 1248 2334 audistis
1271 2307 1419 2336 vocem
1448 2296 1617 2350 Domini
1642 2296 1706 2339 di*

324 2353 482 2397 centis:
508 2372 525 2393 «
550 2356 641 2411 Ego
662 2363 804 2398 autem
828 2357 926 2400 dico
950 2359 1070 2401 vobis
1096 2374 1185 2402 nou
1209 2361 1401 2405 resistere
1425 2363 1538 2408 malo
1555 2366 1600 2407 ³?
1622 2369 1711 2409 Aut

327 2422 358 2463 si
380 2423 468 2463 fieri
486 2432 640 2479 potest,
658 2425 956 2482 utaliquando
978 2438 1092 2472 recte
1115 2444 1190 2487 per
1206 2431 1288 2474 vim
1305 2434 1570 2491 corporalem
1587 2437 1711 2480 resis-

333 2491 669 2546 tatur-violentis,
687 2509 765 2537 nec
781 2493 878 2538 ideo
888 2508 1152 2556 praeceptum
1170 2500 1354 2544 violetur
1373 2503 1492 2561 quod
1510 2504 1708 2550 audimus

387 2580 391 2593 ¹
414 2572 531 2603 Manli.
552 2584 584 2611 x,
610 2575 659 2604 16.
680 2592 717 2596 —
735 2582 745 2596 ²
771 2588 780 2606 1
806 2579 889 2608 l‘etr.
911 2580 1082 2611 111.15.··-
1102 2580 1113 2602 ³
1136 2582 1256 2613 Matth.
1277 2594 1309 2622 v,
1327 2584 1377 2624 39.
