1825 3264
259 289 419 316 comum
452 288 713 317 cltEseommz
747 291 1033 331 DONATisTAn‚
1069 296 1150 321 Lm.
1186 297 1252 323 111.
1361 285 1443 323 417

67 353 328 398 constituere
347 373 355 399 :
381 356 604 414 quomodo
626 357 749 401 nobis
774 373 861 402 non
891 359 1016 404 liceat
1037 376 1116 405 nec
1138 360 1249 406 sacta
1269 396 1279 416 ,
1299 364 1444 407 nescio

66 438 254 482 quorum
271 458 282 479 ‚
305 439 404 483 quae
426 427 560 485 magis
577 426 763 487 objicitis
784 444 914 487 quam
939 430 1132 488 probatis
1154 431 1311 476 imitari
1333 454 1344 489 3
1364 448 1443 477 nec

66 502 212 538 tamen
243 494 299 538 ab
333 510 382 539 ea
409 511 509 555 quae
540 498 584 540 in
607 497 808 542 universo
830 499 996 544 mundo
1017 535 1027 555 ‚
1067 502 1178 546 sicut
1214 502 1446 561 Apostolus

66 562 170 609 dicit
193 583 202 608 ε
233 583 252 607 α
271 566 523 612 Fructificat
543 576 585 612 et
600 568 751 613 crescit
768 604 779 624 ,
803 579 948 614 sancta
962 571 1151 616 Ecclesia
1164 574 1405 632 separari1?
1423 593 1442 615 »

64 634 290 695 Numquid
323 636 467 697 aliqua
502 647 767 683 sacramenta
799 640 1082 685 instituerunt
1115 641 1342 687 traditores
1361 677 1372 697 ‚
1403 643 1449 687 in

65 705 226 763 quibus
248 706 492 764 baptizarer
515 709 532 749 ’ἰ
554 707 779 768 Numquid
799 709 964 769 aliquos
998 710 1132 756 libros
1167 712 1221 756 de
1252 712 1448 757 facienda

64 775 134 819 vel
161 776 370 821 imitanda
403 777 635 823 traditione
661 780 841 837 posteris
863 779 1186 836 condiderunt,
1220 791 1264 826 et
1296 798 1447 827 eorum

67 854 262 890 tenemus
280 847 592 907 sequimurque
611 847 852 893 doctrinam
873 851 891 892 P
912 851 1041 902 Quod
1063 851 1096 894 si
1120 851 1343 906 fecissent,
1370 868 1450 896 nec

65 915 480 962 sibicommunicarc
495 920 770 977 paterentur,
784 919 864 962 nisi
887 934 958 964 eos
972 920 1048 979 qui
1063 919 1136 963 illa
1150 920 1359 978 legerent,
1384 937 1453 980 ap-

65 987 302 1045 probarent
321 1008 331 1045 3
351 987 430 1046 ipsi
445 988 500 1032 ab
516 988 718 1032 Ecclesiae
731 1004 774 1033 se
797 989 966 1033 unitate
988 988 1260 1034 dividerent:
1281 991 1325 1034 in
1343 1006 1454 1050 quo·

65 1072 163 1101 rum
185 1056 396 1102 divisione
418 1073 487 1102 me
510 1058 544 1102 si
565 1059 757 1113 videres,
781 1068 887 1103 tunc
909 1074 978 1102 me
996 1058 1138 1103 dicere
1160 1059 1339 1104 deberes
1366 1076 1455 1105 esse

65 1126 110 1170 in
136 1127 328 1171 Ecclesia
355 1127 630 1172 traditorum.
661 1129 788 1181 Quod
819 1128 853 1172 si
875 1143 950 1172 sua
978 1128 1156 1187 pessima
1180 1129 1234 1172 de
1258 1128 1457 1174 facienda

66 1195 299 1241 traditione
313 1207 530 1256 praecepta
553 1198 892 1252 conscriberent,
912 1212 992 1242 nec
1010 1207 1155 1242 tamen
1168 1207 1284 1242 extra
1303 1198 1456 1244 Eccle-

65 1266 171 1310 siam
185 1281 261 1311 sua
274 1268 449 1326 propria
461 1269 800 1327 congregatione
816 1277 947 1327 atque
961 1269 1269 1313 communione
1285 1268 1458 1328 collige-

66 1346 219 1381 rentur
238 1357 249 1387 ς
274 1338 433 1382 zizania
455 1347 685 1397 propterea
704 1346 1066 1396 computarentur
1086 1373 1096 1393 ‚
1121 1354 1309 1398 quorum
1332 1354 1458 1384 causa

67 1406 286 1453 frumenta
308 1424 397 1453 non
419 1417 535 1453 recte
557 1408 875 1452 desererentur.

125 1480 289 1523 XLIII.
303 1481 417 1524 Ecce
430 1479 528 1524 dico
544 1479 719 1534 iterum⁷
738 1495 837 1539 quae
855 1494 925 1522 me
946 1478 1129 1523 ulterius
1151 1489 1269 1523 vetas
1288 1481 1453 1524 dicere:

71 1567 89 1590 «
119 1550 274 1607 Arguis
292 1550 411 1608 apud
432 1564 502 1593 me
524 1565 618 1602 cos,
636 1564 744 1609 quos
758 1550 847 1608 jam
865 1548 970 1593 olim
988 1547 1219 1593 defunctos
1236 1564 1331 1593 mea
1353 1565 1456 1608 cog-

67 1618 174 1662 nitio
198 1634 286 1663 non
302 1617 531 1678 judicavit.
547 1636 566 1660 »
587 1619 700 1662 Dicis
721 1627 769 1662 tu
785 1627 934 1662 contra
949 1621 1012 1661 ²2«
1024 1618 1144 1661 Licet
1166 1619 1244 1662 tibi
1266 1628 1308 1663 et
1329 1619 1461 1663 hodic

0 1699 1 1719 ³
61 1687 279 1746 judicare,
301 1697 343 1732 et
360 1688 577 1747 judicium
610 1703 701 1731 non
721 1696 890 1732 tantum
916 1686 971 1731 de
996 1687 1120 1741 vivis,
1147 1688 1221 1730 sed
1251 1688 1380 1731 etiam
1403 1687 1458 1732 de

66 1759 246 1803 mortuis
261 1759 410 1803 haberi
425 1768 582 1818 potest.
604 1758 727 1803 Licet
741 1759 856 1802 enim
875 1758 927 1802 sit
943 1767 1141 1802 mortuus
1153 1759 1227 1817 qui
1246 1760 1454 1817 peccavit,

68 1846 295 1890 nunquam
313 1831 424 1876 illud
441 1832 625 1876 moritur
640 1829 761 1890 quod
776 1829 962 1874 admisit.
974 1828 1117 1881 «Quid
1134 1829 1165 1871 si
1184 1843 1284 1872 cum
1296 1829 1459 1873 viveret

67 1916 111 1946 se
129 1902 328 1958 correxit,
355 1906 586 1962 Deumque
608 1901 795 1961 placavit
814 1902 832 1943 i>
854 1903 1008 1945 Nonne
1030 1908 1253 1943 mortuum
1276 1909 1318 1943 et
1336 1899 1457 1943 dele-

67 1981 161 2016 tum
184 1981 248 2016 est
286 1972 406 2032 quod
443 1971 582 2015 amisit
614 1971 632 2011 ⁴?
665 1971 774 2014 sicut
815 1969 1059 2013 Felicianus
1089 1978 1132 2012 et
1176 1972 1455 2013 Praetextatus

66 2042 312 2087 Maximiani
335 2041 626 2094 ordinatore5‚
647 2039 748 2083 data
772 2039 882 2083 sicut
900 2038 1006 2082 dicis
1025 2037 1249 2093 dilatione,
1270 2053 1314 2082 se
1330 2047 1453 2083 tanto

67 2112 226 2156 scelere
248 2119 543 2156 correverunt.
570 2110 728 2154 Mirum
753 2118 816 2152 est
843 2118 1006 2162 autem,
1026 2108 1059 2151 si
1082 2108 1254 2166 propria
1277 2117 1452 2166 peccata

69 2197 157 2227 non
179 2182 341 2227 obsunt
369 2179 619 2226 hominibus
642 2181 717 2239 qui
741 2194 790 2222 ea
822 2178 936 2222 facta
959 2178 1253 2232 correxerint,
1291 2187 1333 2222 et
1361 2177 1452 2221 aliis

69 2253 230 2298 obsunt
266 2253 342 2312 qui
374 2268 423 2296 ea
451 2251 631 2296 omnino
667 2265 754 2294 non
784 2247 965 2293 fecerint
991 2268 998 2292 :
1032 2248 1151 2308 quod
1173 2249 1205 2291 si
1238 2248 1292 2291 de
1327 2249 1451 2292 nobis

69 2323 225 2380 agitur,
250 2320 382 2375 adde,
402 2321 478 2380 qui
499 2335 579 2364 nec
602 2319 714 2363 facta
733 2319 1028 2376 cognoverint.
1051 2337 1070 2358 «
1094 2317 1178 2361 Sed
1197 2317 1300 2360 dicis
1323 2317 1452 2360 licere

69 2392 175 2436 mihi
197 2393 324 2436 etiam
345 2390 681 2450 hodiejudicare
697 2424 707 2443 ‚
733 2388 834 2447 quia
853 2387 1066 2447 judicium
1086 2402 1174 2431 non
1203 2396 1371 2430 tantum
1395 2387 1450 2430 de

70 2463 177 2507 vivis
192 2497 203 2516 ,
221 2461 296 2506 sed
314 2462 443 2505 etiam
466 2460 520 2503 de
550 2459 730 2503 mortuis
752 2456 842 2500 fieri
866 2465 1019 2515 potest.
1049 2474 1067 2497 »
1095 2459 1206 2500 Ecce
1221 2456 1320 2500 volo
1329 2455 1451 2515 judi-

71 2548 190 2587 care,
215 2532 289 2576 sed
321 2547 395 2576 vos
423 2545 594 2575 causam
627 2529 761 2587 ipsam
794 2542 880 2571 non
913 2525 1042 2570 vultis
1071 2541 1196 2585 agere
1223 2546 1233 2582 3
1261 2527 1452 2572 imovero

120 2625 129 2642 ¹
149 2617 269 2652 coloss.
289 2628 311 2655 ι,
333 2619 365 2649 6.
381 2632 422 2638 -
438 2622 449 2638 ²
470 2615 548 2647 Vide
565 2614 619 2646 lib.
646 2624 654 2646 ι
671 2617 785 2645 contra
801 2611 943 2644 Potitian.
966 2621 1038 2653 cap.
1063 2621 1112 2650 ¹7·

260 2680 449 2710 cxxxix.
1220 2664 1271 2702 27
