1825 3264
356 263 519 294 comum
551 265 751 293 LITTERAS
785 266 1019 306 PETILIANI,
1055 270 1135 296 Lus.
1172 271 1220 296 11.
1427 260 1479 297 37

101 332 270 391 colligi,
295 332 371 376 sed
401 331 574 375 tolerari
596 340 811 390 praecepta
832 341 955 386 sunt,
981 344 1024 377 et
1044 335 1089 378 in
1111 335 1199 393 ipsa
1225 333 1365 394 palea,
1383 352 1484 396 quae

101 419 188 448 non
207 403 286 447 nisi
301 401 457 446 ultimo
473 401 715 446 ventilabro
732 411 821 447 tota
836 403 1102 462 separabitur
1117 426 1128 461 3
1146 405 1278 450 audet
1300 407 1485 467 quisque

99 474 242 518 dicere
264 471 420 517 falsum
435 487 524 517 esse
537 472 750 532 baptisma
767 472 887 533 quod
906 474 949 517 in
966 475 1141 519 nomine
1159 477 1296 521 Patris
1318 486 1361 522 et
1384 477 1483 522 Filii

99 553 143 588 et
164 544 346 603 Spiritus
365 544 500 587 sancti
522 544 651 587 datur
673 552 716 587 et
737 543 956 587 sumitur?
975 547 1093 598 Quos
1113 545 1359 591 testimonio
1383 563 1482 607 gra-

98 614 344 659 vidatarum
361 613 643 658 foeminarum
667 614 907 669 convictos,
929 614 997 659 vel
1016 615 1201 674 collegas
1219 616 1288 660 vel
1309 619 1489 676 presby-

99 695 212 730 teros
240 694 402 730 vestros
432 686 486 729 ab
509 685 674 730 honore
707 686 948 745 deponitis,
976 688 994 743 (
1015 686 1372 747 quandoquidem
1406 690 1484 733 ista

97 754 292 817 exempla
315 756 479 816 ubique
501 772 590 801 non
614 756 789 811 desunt,
815 760 830 814 )
861 772 1012 816 quaero
1035 766 1269 818 antequam
1296 759 1484 803 convin-

96 837 314 882 cerentur,
335 837 483 871 utrum
500 827 674 872 fallaces
693 826 872 882 fuerint,
894 843 948 872 an
962 830 1166 872 veraces?
1184 828 1485 887 Respondebis

99 899 266 959 utique,
286 898 476 943 fallaces.
498 900 588 943 Cur
611 913 714 957 ergo
730 913 882 942 verum
903 899 1166 957 baptismum
1187 907 1230 942 et
1245 899 1483 955 habebant,

97 978 139 1014 et
154 969 448 1014 dabant?Cur
467 969 514 1013 in
531 970 590 1013 eis
613 969 804 1013 divinam
823 969 1049 1012 veritatem
1064 984 1153 1013 non
1176 970 1486 1029 corrumpebat

97 1040 285 1084 humana
309 1039 507 1084 fallacia?
529 1042 683 1085 Nonne
695 1041 916 1084 verissime
929 1041 1139 1099 scriptum
1155 1049 1242 1085 est:
1259 1060 1278 1082 «
1301 1043 1484 1086 Sanctus

102 1129 122 1151 n
143 1112 259 1154 enim
279 1111 461 1169 Spiritus
474 1110 711 1169 disciplinae
726 1111 906 1168 effugiet
917 1111 1099 1155 fictum?
1115 1130 1134 1152 »
1151 1112 1294 1157 Fictos
1308 1127 1411 1171 ergo
1435 1113 1489 1156 is-

99 1192 163 1226 tos
171 1197 271 1225 cum
286 1191 458 1225 sanctus
469 1180 652 1239 Spiritus
662 1179 930 1239 fugeret,cur
942 1181 1059 1240 apud
1071 1197 1142 1225 eos
1156 1183 1356 1241 baptismi
1376 1184 1486 1227 veri-

99 1261 160 1296 tas
182 1261 288 1305 erat,
307 1252 385 1294 nisi
407 1252 507 1311 quia
533 1251 714 1309 Spiritus
731 1261 904 1295 sanctus
921 1251 1107 1295 hominis
1132 1251 1372 1306 fallaciam,
1395 1268 1484 1297 non

96 1323 320 1367 veritatem
334 1322 588 1365 sacramenti
606 1321 802 1379 fugiebat
823 1324 840 1365 P
858 1325 991 1365 Porro
1009 1322 1043 1364 si
1059 1330 1102 1364 et
1124 1321 1299 1365 fallaces
1321 1323 1487 1366 habent

100 1392 360 1453 baptismum
380 1406 550 1446 verum,
576 1391 651 1451 qui
669 1391 752 1435 hoe
776 1392 941 1435 habent
961 1389 1081 1451 quod
1103 1405 1274 1435 veraces
1292 1391 1487 1436 habent?

100 1463 224 1508 Unde
246 1472 288 1507 te
309 1471 481 1522 oportet
511 1461 736 1505 advertere
769 1476 1012 1506 sermonem
1047 1470 1174 1505 tuum
1211 1461 1356 1520 potius
1398 1477 1488 1506 esse

98 1534 324 1593 pigmentis
336 1531 574 1591 puerilibus
589 1531 852 1576 coloratum:
871 1541 912 1576 et
925 1531 1024 1575 ideo
1042 1532 1118 1591 qui
1136 1529 1334 1589 neglecto
1350 1533 1486 1576 verbo

96 1605 195 1648 vivo
223 1603 332 1648 fucis
355 1602 511 1647 talibus
532 1602 776 1647 delectatur
792 1638 802 1657 ,
825 1603 915 1662 ipse
944 1611 1059 1646 amat
1082 1617 1157 1662 pro
1179 1603 1359 1647 veritate
1390 1603 1485 1661 pic-

100 1684 257 1719 turam.
895 1720 898 1721 γ

158 1747 296 1789 LXII.
320 1748 580 1789 Prmmmus
602 1742 733 1788 dixit:
755 1762 775 1785 «
799 1746 855 1787 At
876 1743 992 1786 enim
1015 1742 1121 1788 dicit
1143 1743 1362 1803 apostolus
1381 1747 1491 1787 Pau-

100 1816 167 1861 lus
189 1836 197 1861 :
221 1834 241 1857 »
260 1818 379 1860 Unus
393 1819 521 1869 Deus,
538 1830 625 1858 una
639 1813 761 1869 fides,
777 1829 914 1858 unum
934 1813 1182 1873 baptisma1.
1208 1832 1227 1855 «
1252 1815 1393 1858 Unum
1413 1829 1490 1858 nos

101 1888 383 1947 profitemur,
408 1901 507 1930 nam
530 1895 699 1930 certum
722 1894 785 1930 est
806 1901 877 1929 eos
893 1886 969 1944 qui
985 1886 1075 1930 duo
1097 1885 1359 1938 existimant,
1382 1885 1492 1929 insa-

102 1958 208 2002 nire.
241 1976 260 1997 »

162 2029 321 2071 LXIII.
349 2030 626 2071 AtGUSTmns
649 2023 870 2084 respondit
896 2043 903 2068 :
927 2027 979 2067 Iu
1008 2039 1082 2068 vos
1119 2025 1196 2067 ista
1225 2023 1382 2076 dicitis,
1414 2022 1491 2066 sed

102 2097 358 2142 insaniendo
375 2097 560 2141 nescitis.
586 2095 653 2139 llli
675 2095 789 2139 enim
813 2095 967 2139 dicunt
989 2094 1078 2138 duo
1100 2094 1359 2153 baptismata
1377 2129 1387 2148 ,
1413 2093 1492 2153 qui

103 2166 221 2212 aliud
235 2167 480 2211 existimant
500 2167 659 2210 habere
671 2167 809 2225 justos
827 2200 837 2220 ,
864 2165 982 2209 aliud
1008 2165 1180 2224 iniquos
1197 2185 1208 2221 3
1229 2179 1329 2208 cum
1348 2179 1492 2224 neque

102 2239 282 2284 istorum
323 2253 466 2297 neque
502 2235 677 2281 illorum
715 2236 784 2291 sit,
829 2234 904 2279 sed
945 2235 999 2279 sit
1038 2234 1198 2280 Christi
1226 2235 1272 2279 in
1294 2234 1490 2293 utrisque

103 2323 241 2353 unum
255 2329 266 2366 3
281 2307 478 2368 quamvis
494 2307 572 2366 ipsi
592 2321 680 2350 non
693 2307 777 2350 sint
793 2321 946 2358 unum,
967 2304 1044 2349 sed
1061 2305 1104 2348 id
1122 2304 1243 2365 quod
1255 2314 1319 2349 est
1335 2318 1490 2357 unum,

106 2379 175 2423 isti
204 2378 395 2422 habeant
416 2377 471 2420 ad
493 2375 673 2420 salutem
688 2411 698 2430 ,
724 2375 787 2419 illi
809 2374 864 2419 ad
887 2375 1138 2434 perniciem.

166 2449 322 2491 LXIV.
345 2450 603 2490 Paruimus
615 2446 751 2491 dixit:
773 2447 970 2489 «Verum
984 2454 1034 2489 ut
1045 2443 1211 2503 aliquid
1224 2456 1491 2501 comparem,

109 2517 244 2563 solem
270 2517 493 2576 geminum
514 2514 649 2560 videri
671 2516 861 2569 luriosis,
896 2514 997 2559 licet
1019 2515 1158 2558 nubes
1175 2512 1359 2557 caerulea
1382 2526 1497 2570 saepe

162 2609 168 2625 ¹
192 2601 306 2644 Eplics.
327 2612 361 2641 v,
381 2601 412 2632 5.
