1825 3264
317 228 400 267 456
739 237 770 263 S.
810 238 1034 266 Λυαυετιω
1070 240 1246 267 mnscom

372 306 610 350 LXXXIX.
648 306 809 348 Vereor
826 319 881 348 ne
894 304 1019 348 nimis
1034 319 1210 363 urgeam
1222 305 1527 350 verecundiam
1545 313 1665 348 tuam
1676 338 1688 359 ‚

312 378 344 420 si
357 375 579 420 ostendam
594 389 724 434 quam
735 374 885 418 leviter
901 384 944 418 et
957 374 1192 419 scurriliter
1206 375 1408 434 quaedam
1423 376 1550 419 etiam
1564 374 1693 419 verba

313 461 424 500 mea,
456 460 555 504 quae
581 443 784 488 translate
805 444 972 504 posui1,
998 443 1186 489 frontem
1206 458 1284 504 pro
1315 443 1508 504 pudore,
1546 459 1593 488 os
1615 458 1694 503 pro

314 530 533 567 sermone,
556 514 718 559 tridens
740 514 873 559 telum
898 530 976 574 pro
998 516 1210 574 tripartita
1233 516 1442 570 oratione,
1462 515 1695 574 tricipitem

316 586 497 629 bestiam
523 600 603 644 pro
625 599 769 628 errore
791 585 931 629 tribus
951 585 1177 629 calumniis
1201 584 1404 629 adversus
1421 594 1487 629 tot
1506 583 1696 644 populo-

315 671 411 699 rum
434 655 733 699 innocentium
757 655 977 709 saeviente,
994 654 1116 714 quasi
1129 654 1322 699 urbanus
1344 663 1387 698 et
1406 654 1532 699 dicax
1554 653 1698 713 exagi-

315 724 445 770 tanda
466 725 699 784 putaveris.
728 727 858 769 Serva
874 725 1018 784 potius
1035 725 1216 785 puerilia
1231 726 1389 784 pueris.
1412 727 1563 785 Neque
1581 724 1698 768 enim

313 811 382 840 me
403 804 549 839 movet
571 795 691 855 quod
705 796 973 854 Neptunium
993 795 1128 840 telum
1146 805 1323 855 propter
1345 795 1578 840 tridentem
1592 793 1698 838 dicis

314 866 580 926 Episcopum
602 881 691 911 non
709 866 877 920 decere,
894 881 994 909 cum
1011 867 1064 910 sit
1082 875 1124 909 et
1144 866 1438 924 piscatorium,
1456 881 1504 909 ac
1523 879 1599 923 per
1615 865 1698 908 hoc

315 935 599 995 apostolicum
624 971 634 990 ,
675 951 783 995 quos
812 951 910 980 suos
963 936 1191 994 Apostolos
1226 935 1435 979 Dominus
1468 935 1700 993 piscatores

314 1007 541 1049 hominum
572 1004 714 1049 secit2.
742 1007 849 1049 Nam
876 1013 918 1047 et
950 1008 1086 1048 Deum
1121 1014 1321 1049 nostrum
1353 1004 1573 1063 Scriptura
1596 1004 1701 1048 dicit

315 1085 357 1119 ct
387 1076 474 1119 alas
513 1075 672 1119 habere
702 1083 745 1119 et
771 1075 943 1132 sagittas
964 1110 974 1129 ,
1015 1091 1094 1120 nec
1119 1085 1265 1120 tamen
1295 1075 1558 1135 Cupidinem
1591 1075 1700 1120 coli-

316 1149 411 1178 mus
432 1136 463 1177 ³.

372 1205 464 1248 XC.
501 1204 618 1256 Quin
647 1204 775 1247 etiam
804 1218 872 1247 me
904 1205 1155 1263 promissam
1192 1205 1237 1248 in
1271 1203 1446 1249 exordio
1480 1203 1702 1248 lenitatem

316 1289 404 1317 non
424 1288 612 1317 servasse
641 1274 945 1332 reprehendis,
982 1289 1032 1318 eo
1062 1273 1183 1334 quod
1214 1274 1556 1319 Manichaeorum
1590 1273 1703 1318 facta

316 1345 536 1388 mentione
562 1353 784 1403 permotus
816 1343 995 1388 dixerim
1013 1347 1044 1399 ⁴,
1082 1364 1102 1386 «
1132 1346 1243 1389 sicut
1271 1360 1359 1388 non
1396 1354 1553 1404 potest,
1584 1343 1705 1403 quod

319 1415 527 1458 Dominus
549 1415 623 1469 ait,
653 1416 828 1458 Satanas
853 1417 1054 1459 Satanam
1077 1415 1305 1459 excludere
1320 1418 1352 1469 ⁵,
1379 1416 1436 1459 ita
1459 1430 1547 1459 non
1565 1424 1706 1474 potest

318 1500 436 1528 error
475 1486 816 1530 Manichaeorum
853 1487 1170 1530 Donatistarum
1209 1502 1397 1531 errorem
1432 1496 1622 1530 evertere
1650 1506 1657 1530 :
1682 1505 1702 1527 »

319 1556 441 1614 quasi
467 1555 727 1599 Petilianum
754 1558 922 1600 Satanae
940 1557 1295 1613 comparaverim,
1317 1573 1365 1601 ac
1387 1571 1475 1601 non
1498 1571 1704 1610 errorem,

320 1627 441 1684 cujus
472 1640 571 1668 eum
594 1626 723 1684 cupio
750 1626 914 1686 laqueis
942 1627 1148 1686 expediri.
1186 1630 1301 1671 Bene
1328 1627 1447 1688 quod
1477 1627 1709 1686 Apostolus

321 1710 398 1738 nos
431 1695 634 1738 adversus
663 1696 769 1740 tales
801 1697 1041 1740 calumnias
1074 1699 1360 1741 communivit
1390 1713 1441 1742 eo
1471 1698 1564 1756 ipso
1587 1698 1705 1751 loco,

322 1765 398 1807 ubi
415 1780 492 1808 nos
512 1766 651 1820 mites,
674 1767 901 1824 patientes,
920 1777 962 1811 et
981 1767 1196 1812 modestos
1213 1783 1300 1812 esse
1319 1767 1545 1822 admonet,
1566 1783 1709 1828 quan-

323 1834 379 1877 do
403 1832 592 1892 aliquem
610 1835 932 1880 dissentientem
946 1837 1216 1896 corripimus.
1233 1839 1344 1882 Cum
1368 1838 1482 1881 enim
1501 1837 1674 1882 dixisset
1699 1857 1707 1882 :

327 1924 347 1945 «
375 1906 556 1948 Servum
579 1914 724 1950 autern
748 1907 919 1951 Domini
937 1906 1105 1966 litigare
1122 1923 1210 1951 non
1227 1916 1414 1967 oportet,
1433 1907 1506 1952 sed
1520 1923 1609 1952 esse
1627 1908 1711 1951 mi·

329 1992 349 2014 »
376 1983 461 2017 tem
486 1974 541 2018 ad
563 1990 734 2031 omnes,
760 1975 1011 2032 docibilem,
1033 1977 1289 2036 patientem,
1315 1978 1357 2020 in
1381 1977 1591 2022 modestia
1614 1993 1713 2023 cor-

329 2061 348 2083 »
372 2044 600 2102 ripientem
618 2044 785 2090 diversa
801 2047 1033 2091 sentientes
1050 2067 1058 2092 :
1081 2066 1100 2089 «
1116 2046 1325 2091 continuo
1343 2047 1565 2105 subjunxit
1582 2066 1592 2092 ε
1612 2066 1630 2088 »
1651 2049 1714 2092 Ne

331 2131 351 2154 »
381 2112 491 2157 forte
508 2115 582 2158 det
599 2114 682 2159 illis
699 2119 812 2160 Deus
832 2117 1134 2175 poenitentiam
1154 2117 1208 2161 ad
1225 2116 1542 2176 agnoscendam
1557 2117 1716 2161 verita·

332 2200 353 2223 »
380 2192 484 2237 tem,
510 2193 553 2227 et
570 2186 820 2244 resipiscant
838 2185 893 2229 de
914 2187 1079 2232 diaboli
1105 2187 1295 2247 laqueis,
1319 2187 1522 2246 captivati
1542 2187 1598 2230 ab
1623 2187 1714 2246 ipso

333 2270 354 2292 »
380 2254 620 2298 secundum
642 2255 774 2314 ipsius
793 2255 1061 2301 voluntatem
1077 2260 1108 2300 ⁶.
1138 2275 1157 2298 »
1184 2259 1295 2301 Ecce
1321 2256 1568 2316 Apostolica
1588 2272 1714 2301 man-

331 2323 534 2380 suetudo,
554 2340 654 2369 curn
676 2325 836 2385 quibus
866 2326 1049 2385 placide,
1075 2328 1310 2387 patienter,
1337 2329 1619 2388 modesteque
1647 2329 1714 2387 agi

384 2451 392 2465 ¹
414 2446 491 2477 Vide
508 2445 562 2478 lib.
584 2458 592 2479 ι
610 2451 721 2479 contra
740 2447 885 2480 Petilian.
902 2458 972 2490 cap.
993 2458 1045 2489 27.
1059 2465 1097 2472 —
1112 2455 1124 2471 ²
1144 2448 1255 2481 Matth.
1274 2458 1319 2486 iv,
1343 2459 1392 2491 ¹9·
1406 2465 1446 2471 —
1462 2446 1474 2471 ³
1494 2448 1573 2480 Psal.
1596 2460 1661 2488 xvi,
1680 2452 1715 2491 8,

335 2509 411 2538 wir,
435 2499 487 2540 15,
505 2505 536 2533 et
556 2512 635 2533 xxxv
651 2502 693 2538 8;
718 2506 782 2536 Dan
805 2513 901 2535 xxxii.
920 2503 989 2533 -4
1011 2504 1088 2536 Vide
1103 2504 1157 2536 lib.
1179 2517 1190 2537 1
1208 2509 1320 2537 conti-a
1336 2503 1480 2537 Petilian.
1505 2515 1577 2546 cap.
1599 2504 1654 2537 26.
1673 2521 1713 2527 -

340 2554 351 2574 5
371 2556 487 2587 Manli.
514 2568 568 2597 xii,
591 2559 633 2589 ‘26
656 2557 723 2581 —6
739 2568 756 2591 9.
776 2559 842 2591 Tim
875 2571 908 2597 n,
932 2559 983 2599 24'.

1762 0 1767 74 ἱ

1763 81 1767 139 ι

1764 144 1768 198 i.

1765 201 1769 224 l

1767 286 1770 314 l

1798 2302 1803 2351 ἱ
