1825 3264
346 243 429 281 244
788 256 819 276 s.
857 252 1086 278 Atssts'rltvl
1121 252 1301 279 eviscovi

343 317 462 377 quod
487 317 573 375 jam
603 316 946 376 commemoravi*
963 314 1116 359 dixisse
1146 315 1406 359 Dominum:
1433 333 1448 354 «
1472 315 1600 359 Eritis
1623 316 1729 360 mihi

348 410 364 429 »
403 396 529 431 testes
563 387 608 430 in
633 386 892 442 Jerusalem,
920 396 962 431 et
985 387 1029 429 in
1053 395 1142 431 tota
1175 385 1348 440 Judaea,
1373 395 1416 430 et
1446 387 1632 430 Samaria
1649 422 1659 440 ,
1686 396 1730 432 ct

347 479 362 499 »
400 473 536 518 usque
558 458 601 501 in
624 467 756 502 totam
781 467 954 501 terram.
977 476 995 498 »
1018 456 1183 500 Deinde
1206 457 1402 516 sequitur
1427 475 1435 501 :
1465 476 1484 498 «
1509 459 1611 502 Haec
1626 472 1726 501 cum

343 547 362 569 »
398 528 596 582 dixisset,
622 527 869 572 videntibus
886 527 969 572 illis
988 527 1181 571 elevatus
1202 536 1287 581 est,
1314 536 1357 571 et
1379 527 1517 572 nubes
1540 527 1730 586 suscepit

340 617 360 640 »
397 613 496 643 eum
534 599 590 642 ab
626 597 760 643 oculis
792 613 959 643 eorum.
992 601 1049 641 Et
1078 613 1177 641 cum
1204 597 1480 642 intuerentur
1499 600 1544 641 in
1565 597 1728 643 coelum

340 687 361 711 »
397 679 575 714 euntem
607 669 761 725 illum,
794 686 894 715 ecce
921 670 1010 713 duo
1042 670 1122 713 viri
1158 670 1386 713 astiterunt
1414 669 1496 713 illis
1524 670 1569 713 in
1611 678 1727 713 veste

340 759 359 782 »
395 741 596 796 candida,
623 741 699 801 qui
721 751 763 786 et
785 741 990 785 dixerunt
1007 741 1113 785 :Viri
1129 740 1311 796 Galilaei‚
1333 740 1441 800 quid
1461 741 1576 784 statis
1599 740 1729 800 respi-

340 831 358 852 »
395 812 555 855 cientes
573 812 617 855 in
633 811 823 856 coelum?
840 815 923 855 Iste
939 813 1061 855 Jesus
1074 811 1149 870 qui
1163 821 1406 869 assumptus
1424 820 1488 854 est
1506 827 1527 854 a
1545 810 1668 854 vobis
1683 811 1729 854 in

338 900 357 922 »
394 881 558 926 coelum
574 918 584 937 ,
605 883 662 927 sic
688 883 831 926 veniet
847 880 1219 942 quemadmodum
1244 881 1409 925 vidistis
1432 897 1532 925 eum
1551 879 1728 925 cuntem

338 971 358 993 »
394 953 440 996 in
463 953 640 998 coelum.
670 957 792 998 Tunc
815 953 968 997 reversi
991 962 1092 996 sunt
1115 953 1160 996 in
1184 953 1422 996 Jerusalem
1441 969 1464 997 a
1487 962 1636 997 monte
1653 953 1729 1012 qui

337 1042 356 1065 »
393 1033 574 1068 vocatur
598 1024 771 1077 Elaeon,
800 1024 876 1083 qui
899 1032 962 1067 est
979 1025 1102 1082 juxta
1123 1023 1436 1080 Jerosolymam
1459 1023 1629 1067 sabbati
1646 1024 1727 1066 ha-

336 1112 356 1134 »
394 1094 500 1137 bens
527 1095 622 1137 iter.
653 1097 709 1138 Et
737 1109 837 1137 cum
875 1093 1156 1147 introissent,
1198 1093 1487 1137 ascenderunt
1517 1092 1561 1135 in
1598 1107 1727 1152 supe-

335 1182 354 1204 »
391 1163 502 1207 riora
523 1199 532 1218 ,
554 1165 631 1207 ubi
654 1172 777 1207 erant
799 1163 1112 1217 inhabitantes,
1141 1166 1291 1207 Petrus
1313 1173 1357 1207 et
1379 1165 1582 1217 Joannes,
1604 1164 1726 1207 Jaco-

335 1251 354 1273 »
392 1233 473 1277 bus
487 1246 527 1277 et
545 1232 761 1287 Andreas,
782 1231 1009 1292 Philippus
1029 1245 1067 1277 et
1087 1234 1290 1288 Thomas,
1315 1232 1661 1277 Bartholomaeus
1683 1242 1727 1278 et

333 1321 353 1344 »
389 1305 640 1358 Matthaeus,
666 1305 853 1347 Jacobus
871 1303 1057 1362 Alphaei,
1084 1314 1126 1347 et
1150 1306 1297 1348 Simon
1318 1303 1501 1359 Zelotes,
1524 1313 1567 1348 et
1589 1304 1724 1348 Judas

331 1393 350 1415 »
387 1374 553 1419 Jacobi.
582 1375 635 1418 Hi
659 1390 807 1419 omnes
830 1384 952 1418 erant
977 1376 1254 1419 asservientes
1277 1376 1506 1419 unanimes
1536 1375 1723 1419 orationi

331 1464 350 1486 »
387 1462 487 1489 cum
517 1445 772 1489 mulieribus
796 1455 838 1490 et
860 1447 1010 1499 Maria,
1037 1462 1136 1505 quae
1158 1446 1245 1490 fuit
1263 1456 1396 1490 mater
1419 1449 1538 1500 Jesu,
1565 1455 1607 1490 et
1632 1445 1724 1490 fra-

328 1535 348 1556 »
385 1516 524 1559 tribus
542 1518 649 1576 ejus.
671 1519 721 1560 In
738 1517 804 1560 his
823 1525 968 1561 autem
989 1516 1143 1561 diebus
1158 1532 1337 1575 surgens
1351 1520 1504 1561 Petrus
1517 1517 1563 1560 in
1576 1515 1722 1560 medio

329 1605 348 1626 »
385 1586 717 1645 discipulorum,
744 1586 872 1641 dixit,
899 1596 991 1630 erat
1015 1596 1160 1630 autem
1190 1588 1317 1631 turba
1341 1588 1570 1631 hominum
1594 1586 1720 1631 circi-

330 1675 348 1697 »
388 1666 451 1699 ter
482 1657 851 1715 centum-viginti.
884 1678 900 1698 »
936 1657 1104 1701 Deinde
1132 1668 1354 1713 narratur,
1383 1662 1510 1702 Petro
1536 1657 1721 1702 faciente

324 1742 584 1781 sermonem,
606 1726 978 1787 quemadmodum
998 1729 1184 1772 Matliias
1206 1730 1250 1773 in
1273 1729 1418 1773 locurn
1440 1728 1568 1773 Judae
1587 1728 1721 1773 tradi-

324 1798 427 1842 toris
450 1798 622 1841 Domini
640 1800 899 1857 subrogatus
923 1808 991 1842 sit.
1012 1801 1068 1842 Et
1085 1809 1182 1858 post
1199 1801 1288 1860 ejus
1312 1801 1632 1845 ordinationem
1653 1815 1719 1844 se-

323 1869 474 1928 quitur
516 1870 733 1928 Scriptura
768 1869 917 1914 dicens
955 1890 962 1914 2
1005 1889 1024 1911 t(
1061 1873 1116 1914 Et
1144 1885 1243 1914 cum
1277 1872 1602 1930 complerentur
1627 1870 1718 1915 dies

327 1958 345 1979 »
384 1942 681 1993 PentecosteS,
707 1950 830 1984 erant
852 1955 1002 1983 omnes
1021 1940 1151 1983 simul
1169 1941 1214 1983 in
1237 1957 1375 1984 unum
1403 1960 1410 1984 :
1433 1951 1474 1984 et
1498 1939 1637 1985 factus
1655 1950 1718 1984 est

323 2028 343 2050 »
382 2019 558 2068 repente
586 2011 641 2054 de
662 2010 774 2055 coelo
792 2026 936 2065 sonus,
963 2010 1085 2054 velut
1106 2010 1375 2056 decurrentis
1389 2012 1563 2070 spiritus
1584 2012 1717 2055 vehe-

325 2099 344 2120 »
380 2082 537 2125 mentis
553 2116 563 2135 ,
590 2091 632 2125 et
655 2081 836 2140 replevit
860 2090 994 2125 totam
1017 2082 1199 2126 domum
1215 2117 1225 2137 ,
1247 2082 1324 2126 ubi
1345 2093 1469 2127 erant
1486 2082 1684 2127 sedentes
1703 2102 1713 2139 3

326 2169 346 2191 »
382 2160 425 2194 et
449 2152 550 2195 visae
575 2162 676 2196 sunt
702 2151 783 2196 illis
806 2151 1049 2197 distributae
1072 2153 1234 2211 linguae
1255 2153 1376 2198 velut
1399 2155 1507 2213 ignis
1529 2173 1537 2198 ε
1564 2169 1715 2198 conse-

326 2242 342 2262 »
379 2222 443 2265 dit
473 2233 618 2267 autem
644 2239 773 2283 super
794 2239 1157 2284 unumquemque
1180 2240 1346 2278 eorum,
1375 2234 1417 2268 et
1439 2225 1592 2284 repleti
1613 2234 1715 2269 sunt

324 2309 344 2332 »
381 2307 530 2337 omnes
552 2294 712 2352 Spiritu
730 2303 900 2346 sancto,
922 2303 963 2336 et
984 2304 1214 2352 coeperunt
1235 2294 1355 2353 loqui
1378 2295 1504 2338 variis
1526 2294 1710 2354 linguis,

322 2380 342 2403 »
380 2373 511 2422 prout
533 2365 716 2424 Spiritus
738 2365 871 2408 dabat
892 2365 1175 2424 pronuntiare
1199 2364 1297 2410 illis.
1324 2368 1461 2410 Erant
1482 2375 1627 2410 autem
1645 2367 1713 2410 in-

321 2451 342 2474 »
378 2434 624 2480 habitantes
654 2437 698 2480 in
722 2436 959 2480 Jerusalem
990 2436 1135 2480 Judaei
1161 2437 1242 2480 viri
1272 2436 1476 2496 religiosi,
1510 2452 1560 2481 ex
1592 2437 1712 2482 omni

325 2520 346 2544 »
383 2515 510 2562 gente
531 2522 631 2566 quae
652 2516 716 2553 est
736 2507 818 2552 sub
839 2506 968 2552 coelo.
995 2508 1196 2567 Cumque
1219 2505 1334 2552 facta
1353 2517 1462 2553 esset
1483 2508 1577 2552 haec
1599 2523 1680 2554 vox
1695 2541 1706 2562 ‚

373 2593 381 2609 ¹
407 2589 480 2620 Act.
499 2599 522 2626 1,
544 2589 642 2622 8-15.
