1825 3264
332 246 416 287 266
769 254 803 285 s.
840 254 1070 285 Ancus-nm
1102 256 1283 284 unacort

329 324 517 383 probent
528 319 764 366 Ecclesiam
779 321 946 366 mundo
961 321 1132 381 perdito
1148 320 1203 365 ad
1215 321 1328 367 solos
1341 321 1467 367 Afros
1482 323 1716 370 redactam.

331 398 477 438 Potest
501 393 616 436 enim
633 391 797 452 aliquid
815 407 920 446 esse,
936 402 978 436 et
1001 408 1090 436 non
1103 392 1310 438 inveniri:
1331 409 1420 438 non
1442 409 1534 438 esse
1555 404 1717 451 autem,

329 474 374 506 et
388 463 591 516 inveniri,
615 477 703 506 non
725 470 883 521 potest.
901 463 1107 506 Desinant
1129 477 1231 521 ergo
1253 479 1447 522 quaerere
1465 465 1587 524 quod
1607 466 1722 510 inve-

329 534 422 578 nire
444 548 532 577 non
562 542 797 592 poterunt,
819 548 908 577 non
930 534 1032 593 quia
1054 532 1275 577 occultum
1300 542 1364 578 est
1382 569 1392 589 ‚
1412 534 1487 579 sed
1509 535 1611 595 quia
1633 550 1723 580 non

329 612 408 648 est.
434 605 544 648 Sunt
564 604 679 647 enim
693 603 837 648 adhuc
851 603 1077 648 nonnullae
1100 613 1264 662 gentes,
1283 604 1327 649 in
1345 605 1507 665 quibus
1525 605 1722 650 nondum

329 685 393 720 est
417 675 703 735 Evangelium
731 676 1016 735 praedicatum
1039 695 1047 720 :
1074 691 1246 720 necesse
1275 685 1338 721 est
1374 686 1519 721 autem
1552 677 1724 737 impleri

329 749 492 802 omnia,
514 763 612 808 quae
629 748 684 791 de
702 748 875 793 Christo
889 757 933 792 et
954 747 1145 792 Ecclesia
1168 748 1375 808 praedicta
1392 758 1496 793 sunt
1516 767 1526 794 ι
1550 758 1724 809 oportet

329 834 433 879 ergo
456 827 499 863 et
527 819 573 862 in
598 819 656 862 eis
678 817 918 878 praedicari.
956 819 1188 872 Quomodo
1226 834 1327 877 ergo
1348 819 1415 864 isti
1451 819 1606 865 dicunt
1633 821 1719 881 jam

323 907 414 937 esse
435 890 703 950 completum
720 891 839 951 quod
866 891 1073 935 Dominus
1096 892 1208 935 ait:«
1223 891 1454 935 Praedicari
1475 893 1520 936 in
1539 891 1718 936 nomine

337 981 358 1004 »
383 964 473 1022 ejus
494 960 798 1020 poenitentiam
821 970 863 1005 et
884 962 1176 1006 remissionem
1199 972 1475 1022 peccatorum
1505 964 1551 1007 in
1572 978 1721 1007 omnes

334 1052 352 1075 »
385 1043 533 1092 gentes
551 1069 561 1087 ,
584 1031 896 1090 incipientibus
914 1034 969 1077 ab
992 1033 1229 1076 Jerusalem
1251 1036 1264 1059 ²
1293 1053 1301 1076 :
1326 1033 1447 1077 »sed
1467 1042 1614 1092 postea
1635 1049 1720 1077 cae-

331 1105 432 1148 teris
470 1104 793 1159 deficientibus,
825 1104 959 1148 solam
998 1105 1172 1149 Christo
1207 1102 1397 1148 Africam
1433 1105 1683 1149 remansisse
1710 1125 1720 1163 3

330 1191 434 1219 cum
461 1176 605 1221 adhuc
635 1176 746 1220 illud
774 1174 1049 1235 implendum
1072 1175 1152 1229 sit,
1177 1174 1375 1219 nondum
1391 1174 1620 1234 impletum
1637 1176 1723 1219 sit?

331 1249 443 1292 Cum
462 1258 607 1294 autem
624 1249 852 1309 impletum
874 1248 1024 1301 fuerit,
1045 1247 1189 1291 veniet
1206 1247 1316 1290 finis.
1349 1247 1416 1292 Sic
1435 1247 1551 1291 enim
1575 1248 1722 1291 Domi—

328 1335 410 1364 nus
431 1320 490 1364 ait
511 1339 519 1364 :
551 1339 570 1362 «
596 1323 652 1364 Et
673 1319 982 1380 praedicabitur
1011 1319 1094 1362 hoc
1116 1318 1403 1377 Evangeliurn
1423 1319 1544 1377 regni
1562 1319 1606 1362 in
1623 1320 1723 1362 uni-

331 1409 351 1432 »
391 1405 513 1434 verso
536 1391 658 1444 orbe,
682 1392 728 1433 in
759 1390 1057 1434 testimonium
1080 1389 1283 1433 omnibus
1307 1389 1525 1447 gentibus,
1551 1398 1594 1432 et
1616 1398 1720 1433 tunc

331 1479 351 1502 »
388 1461 534 1505 veniet
562 1462 659 1504 finis
683 1463 714 1504 ².
741 1480 760 1501 η
791 1461 1023 1514 Quomodo
1046 1474 1169 1517 ergo,
1203 1474 1303 1503 cum
1340 1459 1573 1518 adimpleta
1612 1468 1722 1503 esset

299 1585 303 1588 η
329 1531 435 1575 fides
466 1532 661 1575 omnium
703 1532 898 1591 gentium
920 1566 930 1586 ,
971 1540 1074 1575 tunc
1096 1531 1283 1590 perditio
1303 1530 1516 1590 gentium,
1542 1540 1719 1590 excepta

329 1601 495 1658 Africa,
523 1612 755 1647 consecuta
776 1613 837 1647 est
857 1600 1258 1663 PQuandoquidem
1285 1602 1375 1661 ipsa
1397 1601 1504 1645 fides
1521 1601 1718 1646 omnium

329 1673 522 1730 gentium
546 1674 743 1717 nondum
765 1673 998 1733 adimpleta
1017 1682 1095 1717 est.

387 1746 542 1788 XLIV.
565 1745 653 1789 Nisi
671 1744 782 1789 forte
795 1746 879 1789 boc
895 1753 1023 1788 restat
1038 1744 1268 1788 hominum
1286 1744 1480 1798 insaniae,
1491 1751 1541 1787 ut
1552 1742 1714 1799 dicant,

328 1830 418 1858 non
431 1831 482 1858 ex
502 1815 582 1859 illis
605 1815 806 1860 Ecclesiis
822 1851 832 1870 ,
858 1832 956 1876 quae
977 1814 1168 1859 fundatae
1185 1824 1287 1859 sunt
1307 1830 1386 1874 per
1409 1814 1717 1874 Apostolorum

327 1886 497 1930 labores
516 1923 525 1941 ‚
563 1887 790 1946 adimpleri
813 1886 1164 1947 praedicatioucm
1189 1887 1413 1946 Evangelii
1446 1888 1490 1930 in
1514 1886 1719 1931 omnibus

329 1958 553 2016 gentibus,
575 1957 649 2001 sed
677 1957 760 2001 illis
789 1958 1099 2017 pereuntibus,
1136 1973 1284 2001 earum
1324 1957 1641 2018 reparationem
1668 1972 1718 2000 ex

328 2027 471 2071 Africa
488 2027 680 2072 futuram
695 2044 770 2088 per
790 2038 955 2088 partem
975 2029 1145 2082 Donati,
1164 2038 1206 2073 et
1224 2028 1494 2073 residuarum
1521 2028 1716 2088 gentium

327 2100 673 2158 acquisitionem.
709 2103 821 2144 Puto
843 2100 964 2160 quod
996 2100 1077 2159 ipsi
1113 2101 1242 2144 etiam
1275 2100 1475 2155 rideant,
1501 2114 1601 2144 cum
1633 2099 1716 2143 hoc

327 2168 512 2212 audiunt
534 2189 541 2213 :
567 2179 609 2213 et
642 2179 787 2213 tamen
822 2170 903 2214 nisi
932 2171 1016 2214 hoc
1038 2170 1213 2224 dicant,
1247 2170 1367 2230 quod
1385 2172 1650 2214 erubescunt
1681 2169 1715 2214 si

326 2239 587 2294 dicant‚non
612 2241 773 2284 habent
791 2242 970 2284 omnino
989 2241 1109 2301 quod
1131 2242 1293 2285 dicant.
1316 2240 1399 2286 Sed
1412 2240 1516 2301 quid
1539 2242 1591 2284 ad
1611 2242 1715 2284 nos?

325 2310 495 2355 Nemini
516 2309 775 2354 invidemus.
792 2313 882 2355 Hoc
901 2311 1025 2355 nobis
1043 2311 1191 2370 legant
1212 2309 1266 2355 de
1286 2311 1516 2371 Scripturis
1535 2311 1711 2366 sanctis,

326 2391 368 2425 et
390 2381 605 2425 credimus
632 2398 640 2423 :
668 2383 775 2437 hoc,
801 2383 1004 2442 inquam,
1026 2383 1152 2427 nobis
1185 2398 1237 2427 ex
1275 2398 1443 2428 canone
1464 2383 1713 2427 divinorum

326 2453 557 2497 Librorum
588 2454 759 2513 legant,
783 2463 847 2498 tot
869 2455 1078 2509 civitates,
1101 2471 1200 2515 quae
1216 2454 1431 2516 usque‘fad
1452 2455 1712 2499 hodiernum

325 2524 441 2568 diem
455 2525 718 2583 baptismum
733 2522 1040 2586 perApostolos
1048 2527 1441 2587 sibiconsignatum
1456 2533 1708 2581 tenuerunt,

375 2615 381 2630 ¹
411 2610 486 2640 Luc.
513 2619 603 2649 xxiv,
625 2609 677 2650 47.
693 2626 732 2634 -
749 2616 761 2633 ²
781 2610 897 2642 Matth.
917 2621 1004 2649 xxm
1028 2609 1080 2651 14.
