1825 3264
315 265 478 296 cou‘rnA
512 266 713 294 LITTERAS
746 262 981 304 paurum,
1019 268 1100 294 Lm.
1138 267 1202 292 111.
1377 255 1457 293 173

71 335 190 388 litur,
215 341 258 377 et
279 331 478 377 nonnulli
501 331 690 390 primum
711 330 815 375 boni
832 331 876 374 in
894 330 1085 375 deterius
1102 333 1462 376 commutantur?

71 408 179 459 Quae
195 419 295 449 cum
321 413 409 447 tam
430 402 584 447 crebro
608 401 832 456 accidant,
866 411 916 445 ut
946 401 1216 446 dissimulare
1248 410 1322 446 aut
1346 401 1462 446 obli-

70 475 171 520 visci
188 474 407 518 neminem
423 473 582 527 sinant,
604 472 711 532 quid
729 470 927 531 estquod
945 471 1256 516 contumeliose
1275 487 1352 516 nos
1368 471 1465 515 bre-

10 585 13 589 .
70 545 182 590 viter
217 543 345 589 docet
378 543 613 588 Petilianus
630 578 643 598 ,
679 558 700 586 a
734 541 996 601 baptizando
1025 541 1347 586 discutiendum
1375 556 1466 587 esse

11 603 14 626 ’
71 615 305 675 baptistam
328 650 339 670 ‚
389 615 595 675 quoniam
632 614 866 673 quaerimus
893 649 904 668 ,
954 613 1072 657 unde
1119 614 1173 658 sit
1219 613 1467 672 accipientis

11 721 14 735 .
70 685 288 730 abluenda
321 685 582 730 conscientia
603 720 614 740 ,
647 700 746 729 cum
780 683 1000 728 maculosa
1032 699 1120 728 non
1151 692 1298 728 sancte
1325 682 1468 728 dantis

12 749 13 754 ¹
71 756 241 801 occulta
264 765 353 810 est,
377 757 410 800 si
438 756 702 800 conscientia
731 763 878 799 sancte
902 754 1045 799 dantis
1070 754 1336 810 attenditur,
1369 769 1469 812 quae

72 827 222 871 abluat
253 827 536 886 accipientis?
562 846 582 868 «
603 826 713 879 Quia
738 826 935 885 intelligo
957 835 1000 870 te
1016 861 1027 881 ,
1058 827 1202 886 inquit
1225 860 1236 881 ,
1271 827 1470 883 ignorare

71 897 268 942 ordinem
286 898 545 942 sacramenti
564 932 574 952 ,
602 898 684 941 hoc
708 897 787 941 tibi
812 897 1002 941 breviter
1023 897 1122 941 dico
1139 931 1150 952 ,
1177 905 1220 940 et
1239 905 1287 940 tu
1304 896 1471 955 baptis-

72 976 160 1012 tam
183 968 420 1024 discutere,
449 977 492 1012 et
521 968 576 1012 ab
600 983 652 1012 eo
677 967 834 1012 discuti
857 967 1063 1011 debuisti.
1086 986 1104 1009 υ
1129 968 1166 1011 Ο
1183 966 1468 1026 respondere!

72 1038 339 1083 Circumstat
361 1038 522 1083 eumin
540 1048 628 1083 tam
648 1037 797 1082 multis
816 1037 919 1083 locis
942 1047 1062 1082 tanta
1079 1037 1305 1082 hominum
1331 1036 1472 1081 multi-

74 1107 197 1162 tudo,
223 1124 321 1168 quae
345 1109 561 1168 baptizata
579 1117 642 1152 est
664 1109 719 1152 ab
742 1109 817 1162 eis,
840 1109 1033 1168 quicum
1053 1108 1289 1168 priusjusti
1307 1116 1348 1151 et
1367 1107 1473 1151 casti

71 1180 354 1234 viderentur,
383 1189 528 1239 postea
551 1179 725 1222 nudatis
747 1179 1002 1223 criminibus
1027 1179 1214 1223 convicti
1237 1188 1368 1237 atque
1393 1176 1474 1221 de-

0 1298 6 1311 „
67 1251 173 1310 jecti
199 1260 327 1308 sunt,
352 1260 394 1294 et
421 1266 466 1294 se
490 1259 616 1309 putat
641 1249 823 1293 evadere
848 1250 976 1309 hujus
1000 1249 1351 1307 interrogationis
1382 1249 1475 1292 vio-

72 1319 250 1364 lentiam
268 1355 278 1375 ,
308 1336 395 1380 qua
419 1320 679 1379 quaerimus,
712 1319 831 1363 unde
854 1318 1061 1363 abluatur
1093 1319 1341 1378 accipientis
1371 1334 1475 1363 con-

75 1390 268 1445 scientia,
294 1390 473 1450 quando
495 1388 758 1434 maculosam
776 1404 864 1433 non
887 1398 1033 1434 sancte
1056 1389 1198 1433 dantis
1220 1390 1414 1448 ignorat,
1441 1388 1474 1431 si

75 1460 336 1505 conscientia
361 1469 508 1504 sancte
529 1460 670 1504 dantis
690 1459 954 1515 attenditur,
979 1475 1078 1519 quae
1097 1459 1247 1503 abluat
1261 1459 1476 1518 accipien-

77 1532 154 1589 tis,
178 1533 279 1591 quia
308 1532 498 1576 breviter
522 1530 820 1576 discutiendus
841 1540 949 1576 esset
973 1531 1174 1590 baptista.
1193 1529 1318 1575 Nihil
1337 1528 1476 1573 infeli-

76 1602 182 1655 cius,
211 1618 342 1663 quam
367 1619 456 1647 non
480 1602 724 1647 consentire
741 1602 940 1658 veritati,
965 1618 1051 1662 qua
1077 1603 1134 1646 ita
1163 1602 1347 1662 quisque
1366 1616 1475 1646 con-

77 1673 268 1719 cluditur
285 1709 296 1728 ,
323 1684 372 1718 ut
390 1675 552 1719 exitum
575 1674 769 1718 invenire
793 1690 883 1719 non
907 1674 1054 1733 possit.
1078 1674 1322 1727 Quaerimus
1346 1688 1368 1716 a
1388 1687 1476 1732 quo

78 1745 260 1805 accipiat
276 1744 405 1790 fidem
423 1781 432 1800 ,
458 1747 533 1805 qui
552 1745 745 1789 nesciens
762 1761 784 1789 a
803 1745 970 1805 perfido
986 1745 1261 1804 baptizatur?
1284 1747 1475 1802 Respon-

77 1816 205 1860 detur
223 1835 233 1861 ;
259 1835 278 1858 «
299 1816 520 1860 Discutere
534 1816 690 1859 debuit
705 1816 1015 1874 baptizatorem
1029 1831 1174 1860 suum.
1200 1834 1219 1856 »
1246 1817 1361 1872 Ergo
1375 1814 1476 1873 quia

76 1901 166 1930 non
185 1886 363 1931 discutit
387 1902 486 1930 eum
511 1896 553 1930 et
576 1886 707 1929 fidem
731 1886 860 1929 etiam
884 1887 1077 1930 nesciens
1093 1885 1226 1930 sumit
1249 1902 1269 1928 a
1288 1882 1474 1944 perfido,

77 1972 165 2001 non
188 1957 319 2001 fidem
350 1958 562 2017 percipit,
595 1957 671 2000 sed
701 1959 901 2000 reatum?
924 1958 1013 2001 Cur
1042 1957 1188 2015 itaque
1212 1971 1300 1999 non
1330 1954 1478 1998 denuo

78 2027 379 2086 baptizantur,
401 2042 510 2087 quos
535 2043 558 2070 a
582 2025 761 2085 proditis
787 2036 919 2085 atque
937 2026 1146 2070 convictis
1162 2061 1173 2081 ,
1209 2039 1310 2069 cum
1334 2022 1478 2068 adhuc

83 2096 286 2150 laterent,
309 2097 547 2156 baptizatos
562 2111 652 2140 esse
669 2096 938 2140 constiterit?

142 2169 349 2211 XXXVI.
390 2185 408 2208 «
437 2169 492 2210 Et
516 2166 593 2210 ubi
626 2175 712 2217 est,
748 2166 913 2226 inquit,
951 2166 1070 2226 quod
1106 2165 1281 2219 addidi,
1315 2165 1477 2221 sciens,

84 2247 133 2282 ut
153 2253 240 2282 non
263 2237 450 2282 dicerem
465 2271 475 2290 ,
501 2236 584 2288 Qui
607 2236 738 2280 fidem
757 2252 780 2280 a
800 2235 968 2296 perfido
992 2237 1224 2296 sumpserit
1247 2255 1254 2280 :
1276 2236 1350 2280 sed
1364 2271 1374 2290 ‚
1394 2233 1480 2288 Qui

83 2308 213 2352 fidem
233 2308 369 2352 sciens
392 2323 414 2351 a
437 2306 606 2366 perfido
628 2307 882 2366 sumpserit,
904 2323 992 2352 non
1013 2308 1144 2351 fldem
1172 2306 1380 2366 percipit,
1405 2304 1480 2348 sed

84 2388 252 2423 reatum
267 2381 284 2420 ἱ)
299 2397 319 2419 n
344 2379 540 2436 Percepit
557 2393 657 2435 ergo
680 2378 808 2421 fidem
824 2413 834 2433 ,
857 2394 945 2422 non
970 2388 1135 2422 reatum
1155 2412 1164 2429 ‚
1186 2377 1261 2436 qui
1286 2376 1481 2420 nesciens

85 2449 269 2508 sumpsit
291 2464 313 2492 a
337 2447 505 2508 perfido
542 2467 550 2492 :
578 2458 621 2492 et
655 2448 752 2491 ideo
775 2465 926 2508 quaero
965 2447 1081 2492 unde
1112 2447 1366 2507 perceperit.
1399 2446 1482 2490 Ubi

84 2528 328 2565 coarctatus
346 2518 579 2578 respondet
600 2537 652 2563 :‚«
674 2518 898 2563 Discutere
917 2518 1085 2562 debuit.
1110 2536 1130 2559 »
1156 2520 1276 2573 Esto,
1293 2517 1448 2562 debuit
1469 2535 1479 2561 :

87 2606 178 2637 non
201 2589 332 2646 fecit,
358 2598 434 2635 aut
454 2604 545 2635 non
567 2587 703 2634 valuit
723 2609 734 2645 3
758 2587 866 2649 quid
888 2589 943 2633 de
966 2586 1042 2634 illo
1060 2588 1274 2634 censetis?
1294 2587 1484 2634 Ablutus
