1825 3264
346 217 426 256 400
540 214 543 216 ’
781 228 814 254 s.
849 224 1082 254 Anausnm
1115 227 1296 254 EPISCOPI

344 311 364 333 »
400 294 628 335 Venenum
644 290 840 350 aspidum
864 291 945 335 sub
966 290 1087 335 labiis
1103 306 1271 346 eorum,
1297 305 1484 350 quorum
1512 305 1557 335 os
1584 290 1720 334 male-

344 380 363 402 »
399 361 587 406 dictione
602 370 646 405 et
661 359 948 405 amaritudine
965 360 1143 420 plenum
1162 360 1413 416 est,veloces
1426 362 1557 421 pedes
1572 375 1722 405 eorum

344 451 362 473 »
398 433 452 476 ad
475 431 793 477 effundendum
815 432 1098 491 sanguinem¹
1130 451 1138 475 :
1167 451 1185 474 «
1213 432 1417 477 contritio
1438 441 1482 477 et
1497 431 1724 476 infelicitas

343 522 361 543 »
397 503 440 546 in
453 503 530 546 viis
543 518 710 558 eorum,
727 503 890 547 etviam
903 504 1018 562 pacis
1029 518 1115 546 non
1131 511 1445 561 cognoverunt.
1464 522 1483 544 »
1501 502 1723 547 Nollemus

340 574 516 632 quidem
540 583 747 633 tanquam
767 589 789 616 e
811 574 975 633 proprii
999 573 1411 632 corporisjunctura
1430 571 1623 632 praecidi,
1649 570 1725 615 sed

338 646 543 704 quoniam
569 646 827 690 tabescentis
850 645 1040 688 vulneris
1062 645 1248 704 putredo
1282 644 1485 704 pestifera
1516 644 1614 703 plus
1641 643 1723 686 ha-

338 714 412 758 bet
433 716 478 758 in
499 716 757 759 abscissione
774 714 1017 768 solaminis,
1043 731 1174 774 quam
1201 715 1244 758 in
1264 714 1514 758 remissione
1534 712 1724 757 medica-

335 783 479 838 minis,
504 786 680 830 inventa
697 794 759 829 est
785 801 912 829 causa
940 785 1169 839 salubrior,
1191 801 1245 829 ne
1263 801 1339 844 per
1356 793 1514 829 cuncta
1530 782 1722 827 membra

335 856 539 914 pestilens
562 857 722 915 irrepat
743 858 877 909 virus,
904 865 953 900 ut
974 857 1284 915 compendioso
1306 856 1456 901 dolore
1474 864 1624 899 natum
1643 853 1721 897 de-

335 928 451 971 cidat
471 928 645 972 vulnus.
670 928 841 972 Famosi
858 943 960 987 ergo
979 927 1170 972 criminis
1189 943 1280 971 reos
1300 927 1598 970 victorianum
1618 928 1723 969 Car-

334 998 695 1052 chabianensem,
722 999 986 1043 Martianum
1013 997 1324 1049 Sullectinum,
1355 996 1565 1040 Beianum
1598 995 1723 1038 Baia-

332 1083 532 1121 nensem,
561 1069 752 1112 Salvium
777 1067 1080 1121 Ausafensem,
1107 1068 1409 1120 Theodorum,
1436 1065 1691 1110 Usulensem
1707 1098 1717 1118 ‚

333 1140 553 1181 Donatum
568 1139 884 1191 Sabratensem,
896 1138 1141 1196 Miggenem
1156 1137 1600 1196 Elephantariensem,
1614 1137 1723 1177 Prae-

330 1209 873 1263 textatumAssuritanum,
893 1204 1722 1260 SalviumMembresitanum,Valerium

339 1278 638 1334 Melzitanum,
652 1278 922 1323 Felicianum
931 1279 1234 1333 Mustitanum,
1255 1288 1298 1322 et
1312 1278 1554 1323 Martialem
1568 1281 1723 1321 Pertu-

329 1365 512 1405 sensem,
525 1352 599 1410 qui
616 1351 788 1395 funesto
804 1366 933 1410 opere
949 1350 1284 1409 perditionisvas
1299 1350 1523 1394 sordidum
1537 1348 1720 1392 collecta

327 1419 584 1464 foeculentia
598 1421 869 1479 glutinarunt
884 1442 895 1478 3
916 1421 988 1465 scd
1002 1430 1042 1464 et
1055 1420 1232 1465 clericos
1257 1420 1494 1480 aliquando
1517 1418 1721 1463 Ecclesiae

327 1490 616 1548 Carthaginis,
629 1491 819 1551 quidum
836 1492 1020 1536 facinori
1039 1492 1269 1546 intersunt,
1290 1491 1442 1535 illicito
1460 1489 1644 1534 incestui
1659 1488 1721 1532 le-

326 1561 550 1605 nocinium
568 1562 873 1620 praebuerunt,
894 1562 968 1605 Dei
989 1562 1256 1621 praesidentis
1276 1562 1452 1605 arbitrio
1468 1558 1721 1605 universalis

327 1632 500 1675 concilii
519 1648 592 1676 ore
614 1633 806 1677 veridico
819 1633 1047 1677 damnatos
1065 1649 1155 1677 esse
1169 1630 1431 1692 cognoscite.
1452 1651 1471 1673 »
1490 1634 1599 1685 Quae
1618 1647 1717 1690 gra-

326 1700 445 1743 viora
463 1701 507 1743 in
530 1701 625 1746 illos
648 1703 791 1746 dicere
809 1703 1040 1760 potuistis?
1074 1706 1181 1755 Quae
1206 1704 1398 1761 graviora
1429 1703 1474 1746 in
1498 1718 1576 1746 nos
1607 1703 1717 1760 ipsos

325 1770 468 1814 dicere
482 1769 653 1815 soletis?
672 1791 691 1813 «
715 1770 798 1817 Sed
814 1772 981 1827 abhoc,
1001 1773 1161 1832 inquis,
1184 1783 1270 1816 tam
1290 1787 1445 1830 magno
1462 1772 1579 1816 malo
1605 1771 1718 1815 intra

326 1839 545 1885 dilationis
574 1851 744 1901 tempus
767 1844 950 1886 correcti
975 1853 1091 1886 sunt.
1123 1861 1143 1884 »
1172 1842 1332 1886 Videro
1356 1852 1503 1886 utrum
1535 1842 1719 1886 correcti

324 1911 411 1955 sint
437 1931 445 1955 :
478 1914 578 1972 quia
602 1929 747 1957 revera
772 1914 954 1958 correcti
977 1924 1139 1969 essent,
1166 1915 1199 1958 si
1231 1914 1285 1958 ad
1310 1929 1454 1958 veram
1480 1913 1715 1958 Ecclesiam

325 1993 600 2027 remeassent.
625 1983 707 2028 Sed
726 1986 758 2028 si
782 1994 921 2029 vestra
943 2001 1040 2028 vera
1057 1995 1136 2039 est,
1162 1984 1386 2044 quomodo
1409 1985 1569 2044 expiati
1596 1986 1717 2028 sinta
1776 1983 1778 1991 '

323 2061 412 2096 tam
440 2053 620 2097 immani
655 2054 835 2107 scelere,
864 2054 1010 2098 dicite.
1055 2056 1096 2099 Si
1124 2056 1238 2098 enim
1275 2071 1364 2100 non
1393 2064 1494 2099 sunt
1530 2055 1713 2114 expiati,

322 2138 472 2167 omnes
492 2140 566 2168 vos
588 2126 688 2169 estis
706 2125 946 2170 secundum
971 2135 1152 2169 vestram
1175 2127 1432 2170 sententiam
1450 2141 1601 2170 eorum
1625 2140 1715 2169 sce-

321 2192 409 2236 lere
437 2194 644 2239 maculati
669 2197 736 2240 :si
768 2205 912 2240 autem
949 2196 1105 2255 expiati
1132 2206 1259 2249 sunt,
1290 2196 1382 2240 solo
1412 2197 1505 2255 ipso
1540 2195 1711 2248 reditu,

321 2274 499 2324 propter
521 2267 774 2310 charitatem
805 2283 904 2327 quae
931 2269 1128 2326 cooperit
1155 2267 1482 2311 multitudinem
1513 2275 1717 2326 peccato-

322 2351 440 2389 rum,
481 2338 641 2396 expiari
676 2338 865 2397 potuisse
898 2337 1133 2382 conceditis
1157 2347 1228 2382 :et
1256 2353 1334 2382 nos
1365 2339 1419 2382 de
1442 2338 1592 2382 vestris
1614 2352 1713 2382 cum

320 2408 503 2452 correcti
538 2407 592 2452 ad
622 2424 699 2452 nos
733 2410 942 2462 veniunt,
977 2408 1179 2452 inanibus
1213 2408 1441 2453 calumniis
1467 2408 1712 2453 accusatis:

320 2477 400 2520 nisi
434 2478 563 2533 forte,
585 2480 673 2538 jam
709 2480 902 2539 quidem,
932 2480 1041 2524 sicut
1072 2480 1243 2524 concilii
1273 2480 1404 2524 verba
1432 2479 1642 2533 indicant,
1672 2489 1714 2522 et

371 2568 377 2583 ¹
400 2562 465 2592 psal
503 2574 529 2593 xi
546 2574 566 2598 i,
591 2564 620 2593 3.
