1825 3264
396 255 477 293 116
816 261 850 289 s.
886 262 1116 290 ,mausum
1150 263 1330 290 nmscori

388 329 546 390 inquis,
573 340 718 387 pugna
741 335 1021 386 prostratum,
1046 326 1166 370 saevis
1185 326 1406 385 unguibus
1425 326 1566 381 alites,
1588 340 1774 371 canum-

387 415 472 460 que
495 397 610 443 avidi
631 397 782 442 dentes
800 397 1013 442 morsibus
1031 396 1364 457 discerpserunt.
1387 399 1518 442 »Hoc
1541 396 1673 442 modo
1692 412 1775 457 po·-

387 479 471 515 test
493 470 601 515 alius
623 468 820 514 similiter
841 469 1035 514 nesciens
1056 467 1165 529 quid
1185 467 1416 528 loquatur,
1449 467 1594 513 dicere
1627 483 1775 514 omnes

386 542 610 602 episcopos
631 549 794 586 vestros
809 540 890 585 Dei
904 540 1096 585 vindicta
1110 539 1156 584 in
1174 554 1345 585 carcere
1358 539 1565 584 defecisse
1580 559 1595 586 z
1618 548 1662 584 et
1675 555 1777 585 cum

385 613 441 658 ab
470 628 521 658 eo
548 611 681 657 fuerit
702 611 943 672 flagitatum
962 611 1080 656 unde
1104 611 1187 656 hoc
1205 612 1389 671 probet,
1425 610 1664 672 adjungere
1688 619 1777 656 sta-

383 684 464 728 tim
479 718 490 739 ,
514 684 699 743 Optatus
719 697 910 743 namque
932 682 986 726 de
1007 680 1207 727 satellitio
1222 681 1420 726 Gildonis
1435 690 1680 737 accusatus,
1700 679 1777 726 tali

383 769 540 814 genere
558 753 706 799 mortis
729 754 944 799 extinctus
962 762 1040 798 est.
1067 755 1153 798 Has
1172 768 1307 812 nugas
1328 753 1479 798 audire
1497 761 1540 798 et
1561 752 1777 798 discutere

381 834 425 869 et
448 824 647 870 refellere
668 826 866 885 cogimur
890 845 899 869 2
927 834 1098 869 tantum
1115 825 1318 868 timemus
1338 824 1546 880 infirmis,
1571 839 1627 868 ne
1647 821 1778 867 intel-

378 895 497 941 lectu
519 897 707 942 tardiore
736 896 782 941 in
803 905 965 941 vestros
986 896 1164 956 laqueos
1185 895 1381 940 celeriter
1412 904 1604 940 currant.
1637 896 1777 938 Istum

380 975 527 1011 autem
553 967 775 1012 Ursacium
793 1002 804 1022 ‚
829 967 863 1011 si
887 965 999 1010 forte
1026 966 1137 1010 bene
1158 966 1286 1021 vixit,
1313 975 1356 1010 et
1376 981 1477 1011 vere
1498 966 1556 1010 ita
1579 974 1780 1009 mortuus
1799 995 1801 999 -

378 1047 469 1093 est,
503 1037 802 1082 consolabitur
832 1036 1060 1096 promissio
1089 1037 1166 1080 Dei
1199 1035 1382 1080 dicentis
1415 1055 1424 1080 ;
1463 1054 1484 1078 «
1513 1035 1779 1094 Sanguinem

379 1125 400 1148 »
426 1107 670 1152 animarum
702 1117 945 1152 vestrarum
983 1107 1206 1167 exquiram
1249 1105 1304 1150 de
1345 1105 1549 1150 manibus
1580 1105 1784 1151 omnium*

379 1195 400 1218 »
427 1178 665 1222 bestiarum
688 1180 718 1222 ¹.
748 1195 768 1219 »

435 1249 566 1293 CCX.
593 1247 720 1301 Quod
742 1256 889 1293 autem
912 1248 1038 1293 nobis
1057 1247 1399 1303 calumniamini,
1425 1246 1636 1298 dicenteS,
1657 1262 1681 1290 a
1702 1261 1779 1291 no-

373 1318 440 1362 bis
464 1319 511 1363 in
532 1334 608 1363 vos
635 1319 687 1362 ad
710 1319 980 1363 iracundiam
1007 1334 1128 1378 reges
1149 1317 1296 1363 saeculi
1313 1317 1545 1373 concitari,
1570 1318 1679 1362 dum
1707 1331 1799 1362 eos*

373 1403 464 1433 non
492 1388 699 1433 docemus
735 1389 927 1434 divinam
966 1390 1259 1449 Scripturam‚
1290 1387 1366 1433 sed
1400 1388 1543 1448 potius
1574 1387 1775 1434 militiam

376 1468 569 1503 nostram
608 1460 879 1518 suggerimus
913 1479 921 1505 :
955 1475 1045 1504 non
1076 1469 1185 1520 puto
1213 1474 1288 1504 vos
1326 1474 1465 1520 usque
1488 1458 1597 1503 adeo
1627 1458 1799 1504 surdos,

376 1544 465 1574 esse
486 1530 690 1575 adversus
714 1532 803 1590 ipsa
823 1539 1073 1576 sanctorum
1095 1530 1296 1576 codicum
1315 1529 1506 1590 eloquia,
1531 1539 1581 1574 ut
1599 1545 1688 1575 non
1707 1545 1779 1590 po-

377 1600 462 1643 tius
499 1601 686 1645 timeatis
720 1616 776 1645 ne
811 1602 1014 1646 noverint
1036 1618 1101 1646 ea.
1131 1601 1215 1646 Sed
1246 1600 1385 1645 velitis
1418 1600 1589 1657 nolitis,
1614 1601 1799 1646 intranti

377 1668 636 1725 Ecclesiam,
656 1678 700 1713 ct
717 1670 751 1713 si
768 1685 846 1714 nos
867 1681 1074 1725 tacemus,
1095 1672 1333 1715 lectoribus
1349 1672 1587 1715 admovent
1603 1685 1776 1716 aurem:
1794 1707 1798 1712 .

377 1751 509 1801 atque
532 1750 581 1785 ut
604 1741 659 1785 de
681 1742 846 1785 caeteris
866 1750 1048 1797 taceam,
1070 1742 1201 1786 istum
1219 1743 1360 1801 ipsum
1380 1742 1641 1803 plerumque
1659 1740 1799 1789 Psalf-·

377 1827 497 1856 mum
516 1848 527 1868 ,
562 1828 693 1873 quem
724 1822 772 1857 tu
803 1813 1177 1868 commemorasti,
1211 1813 1496 1858 intentissime
1540 1814 1774 1874 accipiunt.

376 1882 530 1926 Dixisti
553 1884 669 1926 enim
689 1918 699 1937 ,
725 1882 847 1943 quod
877 1899 948 1928 eos
975 1900 1064 1928 non
1089 1884 1324 1928 doceamus
1342 1918 1353 1938 ‚
1387 1899 1467 1928 nec
1490 1899 1561 1928 eos
1582 1884 1797 1928 volentes<

376 1952 567 1997 sinamus
590 1962 639 1997 ut
666 1954 867 1998 noverint
890 1955 1011 2014 quod
1033 1955 1243 2013 scriptum
1262 1963 1324 1997 est
1350 1973 1358 1997 :
1389 1972 1411 1995 «
1436 1956 1491 1998 Et
1514 1968 1634 1997 nunc
1657 1948 1797 2013 regesi

379 2039 399 2062 n
425 2023 654 2083 intelligite
669 2059 680 2080 ,
710 2023 942 2069 erudimini
966 2025 1042 2085 qui
1059 2024 1264 2085 judicatis
1286 2033 1447 2069 terram
1473 2043 1482 2068 :
1508 2024 1662 2069 servite
1686 2027 1795 2069 Do·-

380 2113 399 2134 »
427 2093 543 2138 mino
565 2094 611 2137 in
632 2095 802 2150 timore,
823 2104 866 2139 et
888 2095 1081 2140 exultate
1101 2096 1141 2139 ei
1163 2110 1265 2140 cum
1285 2104 1473 2139 tremore
1495 2114 1504 2140 :
1525 2095 1794 2155 apprehen*

378 2177 400 2202 n
427 2162 516 2206 dite
534 2163 807 2222 disciplinam
825 2200 835 2220 ,
862 2166 1096 2225 nequando
1119 2166 1329 2211 irascatur
1351 2167 1562 2210 Dominus
1578 2167 1611 2222 ²,
1637 2175 1721 2210 etc.
1751 2183 1792 2208 »ν

376 2233 553 2277 Credite
571 2242 614 2277 et
633 2234 711 2278 ista
728 2236 909 2290 cantari,
935 2244 978 2279 et
998 2235 1094 2279 illos
1111 2235 1261 2280 audire
1282 2254 1291 2279 ε
1317 2234 1392 2279 sed
1415 2236 1569 2296 utique
1589 2236 1775 2299 audiunt

376 2311 419 2347 et
440 2302 540 2347 illus
560 2304 755 2363 superius
778 2306 822 2348 in
846 2305 1001 2349 eodem
1026 2306 1217 2361 Psalmo,
1243 2305 1365 2365 quod
1394 2314 1443 2349 tu
1459 2341 1469 2361 ,
1506 2306 1588 2351 nisi
1615 2306 1792 2364 fallor3.

378 2385 605 2433 propterea
636 2376 856 2435 praeterire
886 2377 1062 2421 noluisti
1083 2412 1093 2431 ,
1135 2392 1189 2421 ne
1222 2377 1415 2421 timuisse
1453 2377 1768 2438 intelligereris.

379 2443 577 2489 Audiunt
614 2462 716 2504 ergo
749 2455 792 2490 et
829 2445 938 2491 illud
970 2466 979 2491 ε
1011 2467 1028 2488 «
1056 2448 1264 2492 Dominus
1293 2447 1401 2491 dixit
1423 2448 1477 2492 ad
1500 2464 1569 2492 me
1597 2469 1605 2494 :
1637 2449 1792 2494 Filius-

381 2532 399 2555 »
436 2530 556 2558 meus
580 2532 622 2561 es
649 2526 709 2572 tu,
738 2533 816 2576 ego
841 2517 968 2562 hodie
987 2519 1118 2578 genui
1141 2528 1205 2574 te,
1225 2527 1323 2578 pete
1338 2535 1362 2563 a
1379 2533 1470 2574 me,
1495 2529 1538 2564 et
1559 2520 1674 2565 dabo
1694 2519 1791 2565 tibi'

426 2607 432 2622 ¹
463 2603 539 2633 Gon.
566 2603 649 2642 1x‚;'›
682 2620 719 2625 --
737 2611 746 2625 ²
770 2604 846 2635 l'sal.
870 2615 902 2644 ιι,
927 2617 974 2636 io.
