1825 3264
331 267 414 307 362
756 275 790 307 s.
826 276 1058 309 Anat-snm
1088 279 1272 308 muscon

326 345 405 388 Hic
420 344 510 403 jam
531 341 755 388 conaberis
785 343 1007 389 occultum
1035 344 1231 404 excipere
1259 353 1548 404 peccatorem,
1579 360 1714 406 quem

325 421 471 457 sancta
506 413 726 473 Scriptura
765 429 855 458 non
891 415 1074 473 excepit.
1119 417 1252 459 Totus
1290 415 1422 474 igitur
1453 416 1531 460 iste
1571 424 1713 462 vester

324 482 571 528 intellectus
603 482 737 529 falsus
766 501 790 530 a
815 485 995 530 veritate
1028 485 1329 540 convincitur,
1361 499 1462 530 cum
1489 494 1533 529 et
1561 495 1714 532 vestrae

322 553 555 598 intentioni
587 554 781 599 similiter
814 570 1056 616 repugnare
1094 563 1375 600 monstratur.
1411 557 1564 615 Neque
1596 557 1714 602 enim

322 625 406 669 hoc
423 639 479 673 ,re
509 639 609 669 vera
633 623 687 669 de
707 624 924 685 baptismo
951 626 996 670 in
1020 625 1190 670 Psalmo
1221 625 1412 685 positum
1434 634 1498 670 est
1515 660 1526 682 ,
1549 641 1599 671 ac
1623 641 1716 672 non

322 695 376 738 de
402 695 675 740 assentatoris
697 694 948 741 adulatione
970 717 980 753 3
1002 695 1122 756 quod
1144 696 1366 756 superiora
1384 695 1516 741 verba
1531 696 1632 742 satis
1646 697 1715 741 in-

323 764 470 810 dicant
490 784 499 810 2
519 781 621 810 nam
648 774 738 810 tota
760 767 974 811 sententia
1002 767 1061 811 ita
1091 766 1381 823 connectitur,
1411 766 1715 812 «Emendabit

326 854 345 877 »
381 851 450 880 me
471 837 612 896 justus
642 836 689 881 in
711 837 1018 892 misericordia,
1042 846 1084 881 et
1106 846 1259 896 arguet
1276 852 1344 881 me
1362 871 1373 892 ,
1398 836 1544 882 oleum
1567 846 1714 882 autem

325 925 344 948 »
380 908 616 966 peccatoris
652 923 740 952 non
775 909 1067 967 impinguabit
1098 917 1229 967 caput
1259 923 1406 952 meum
1438 910 1469 951 ¹.
1505 926 1525 949 »
1556 906 1714 953 Maluit

322 993 425 1036 ergo
451 977 663 1022 contundi
690 987 821 1037 caput
851 994 978 1022 suum
1005 979 1059 1022 ab
1090 987 1299 1037 arguente
1326 977 1552 1032 veraciter,
1582 992 1714 1038 quam

322 1048 459 1105 ungui
497 1063 520 1091 a
545 1047 796 1091 blandiente
829 1047 1056 1103 fallaciter,
1092 1047 1310 1092 translatis
1337 1046 1509 1103 verbis,
1540 1046 1637 1093 oleo
1671 1056 1714 1092 et

326 1118 531 1161 unctione
552 1117 840 1162 lenitudinem
862 1118 1107 1176 significans
1130 1117 1362 1162 adulantis.

380 1190 522 1232 XXX.
549 1187 665 1241 Quid
689 1198 833 1233 autem
856 1204 937 1248 ego
961 1190 1005 1233 in
1031 1189 1105 1233 illa
1127 1188 1304 1247 epistola
1326 1188 1381 1233 de
1408 1188 1492 1233 hoc
1517 1188 1712 1233 testimo-

320 1259 394 1304 nio
410 1259 630 1314 senserim,
651 1259 726 1304 ubi
741 1259 907 1304 dictum
923 1269 1003 1315 est,
1022 1279 1042 1302 «
1060 1260 1145 1313 Qui
1159 1260 1404 1319 baptizatur
1417 1274 1438 1303 a
1453 1267 1628 1304 mortuo
1642 1261 1677 1316 ²3
1689 1275 1710 1300 »

321 1330 422 1389 ipsis
444 1345 494 1373 ex
518 1345 564 1374 ea
589 1330 780 1389 repetitis
808 1331 949 1374 verbis
971 1330 1071 1374 satis
1086 1365 1097 1385 ,
1123 1338 1338 1389 quantum
1358 1329 1539 1388 opinor,
1565 1337 1712 1373 osten-

322 1400 438 1444 dam.
460 1402 570 1444 Cum
590 1400 705 1444 enim
729 1400 977 1445 dissererem
995 1401 1104 1461 quid
1122 1402 1382 1459 respondere
1396 1399 1557 1444 debeat
1569 1398 1623 1444 ad
1635 1399 1715 1444 ista

323 1473 559 1517 catholicus
600 1474 870 1518 Christianus
888 1508 898 1528 ,
939 1493 957 1515 «
996 1476 1108 1518 Cum
1142 1473 1352 1527 audierit,
1391 1472 1570 1532 inquam
1586 1506 1598 1528 ,
1638 1472 1714 1532 qui

323 1545 568 1603 baptizatur
585 1561 607 1588 a
630 1554 820 1599 mortuo,
842 1560 930 1589 non
949 1546 986 1588 ei
1007 1544 1184 1604 prodest
1200 1544 1360 1589 lavatio
1380 1544 1497 1603 ejus3
1512 1563 1521 1588 :
1534 1558 1714 1603 respon-

323 1616 471 1670 debit,
511 1615 627 1658 Vivit
668 1615 888 1670 Christus,
929 1624 971 1658 et
997 1616 1088 1675 jam
1120 1630 1209 1660 non
1243 1615 1428 1659 moritur
1466 1622 1509 1658 et
1534 1628 1649 1658 mors
1675 1615 1715 1657 ei

323 1684 436 1729 ultra
462 1700 549 1729 non
569 1684 893 1729 dominabitur⁴
917 1686 996 1730 :de
1034 1701 1122 1744 quo
1149 1685 1316 1730 dictum
1350 1693 1414 1729 est
1440 1703 1448 1729 :
1477 1704 1497 1727 «
1523 1687 1620 1744 Ipse
1650 1692 1713 1728 est

327 1774 346 1796 »
383 1756 457 1814 qui
480 1756 666 1815 baptizat
685 1756 729 1799 iu
756 1755 918 1814 Spiritu
935 1766 1083 1801 sancto
1103 1758 1133 1799 ⁵.
1163 1774 1183 1797 »
1209 1756 1492 1815 Baptizantur
1519 1765 1666 1801 autem
1687 1770 1712 1799 a

324 1827 505 1870 mortuis
527 1861 537 1881 ,
572 1827 647 1886 qui
681 1826 954 1885 baptizantur
989 1827 1032 1870 in
1076 1825 1339 1871 idololorum
1382 1825 1568 1886 templis.
1614 1828 1714 1871 Non

322 1898 435 1941 enim
467 1907 509 1942 et
542 1898 619 1956 ipsi
648 1914 671 1941 a
704 1897 1001 1943 sacerdotibus
1033 1898 1119 1942 suis
1149 1913 1193 1943 se
1218 1899 1412 1957 accipere
1443 1897 1713 1942 arbitrantur

321 1968 704 2012 sanctificationem
734 1984 865 2027 quam
890 1978 1063 2028 putant,
1093 1967 1168 2012 sed
1193 1985 1216 2012 a
1240 1968 1321 2012 diis
1354 1968 1456 2013 suis.
1489 1967 1575 2021 Qui
1599 1981 1712 2026 quo-

321 2040 436 2083 niam
460 2039 657 2083 homines
681 2038 874 2094 fuerunt,
903 2048 946 2083 et
967 2040 1025 2084 ita
1047 2040 1209 2083 mortui
1237 2052 1340 2083 sunt
1361 2073 1372 2094 ,
1398 2047 1448 2083 ut
1468 2052 1612 2098 neque
1635 2052 1712 2082 su-

324 2125 399 2169 per
417 2119 549 2154 terras
569 2145 578 2164 ,
600 2125 742 2169 neque
759 2110 804 2153 in
827 2111 975 2169 requie
993 2119 1242 2155 sanctorum
1265 2110 1413 2154 vivant
1429 2145 1440 2165 ,
1462 2125 1562 2154 vere
1585 2109 1666 2168 ipsi
1687 2122 1712 2152 a

323 2181 504 2224 mortuis
526 2180 815 2239 baptizantur.
846 2198 865 2222 »
896 2183 992 2224 Huc
1016 2195 1153 2240 usque
1176 2196 1226 2224 ex
1247 2180 1440 2240 Epistola
1462 2195 1558 2224 mea
1579 2178 1712 2223 verba

263 2266 269 2272 ·
321 2252 411 2310 ipsa
449 2252 695 2309 transcripsi
726 2251 800 2295 :in
828 2252 989 2311 quibus
1009 2255 1101 2311 jam
1136 2251 1364 2310 perspicis,
1397 2259 1446 2294 ut
1476 2250 1646 2310 opinor,
1674 2249 1711 2293 si

322 2337 440 2366 nunc
469 2320 619 2365 saltem
647 2320 877 2378 diligenter
911 2321 1125 2375 attendis,
1163 2335 1249 2364 non
1280 2335 1350 2364 me
1378 2320 1491 2379 ipsos
1522 2318 1711 2364 cultores

322 2401 516 2436 mortuos
539 2390 790 2451 appellasse,
818 2391 1013 2451 quamvis
1037 2390 1121 2436 alio
1143 2391 1276 2436 modo
1299 2391 1428 2435 etiam
1450 2390 1531 2450 ipsi
1547 2389 1711 2434 mortui

324 2463 408 2507 sint
424 2483 435 2520 3
453 2461 528 2507 sed
549 2462 652 2507 deos
671 2461 801 2507 falsos
818 2477 926 2522 quos
947 2461 1097 2509 colunt
1118 2497 1128 2518 ,
1151 2462 1254 2522 quia
1281 2462 1478 2506 homines
1499 2459 1680 2505 fuerunt
1694 2495 1706 2517 ,

379 2571 386 2585 ¹
403 2565 482 2596 Psal.
501 2575 569 2602 ext,
596 2565 625 2597 5.
638 2582 678 2588 —
690 2572 702 2587 ²
721 2565 817 2598 Eccli.
838 2576 949 2607 xxxrv,
963 2566 1016 2600 30.
1027 2583 1068 2589 —
1080 2564 1093 2590 ³
1108 2566 1187 2599 Vide
1203 2565 1258 2598 lib·
1276 2576 1288 2599 1
1301 2570 1413 2598 contra
1426 2564 1571 2599 Petilian.
1585 2574 1657 2606 cap.
1672 2575 1706 2607 9.

326 2618 341 2648 4
363 2621 521 2659 Rom.v1‚
545 2630 578 2660 9.
595 2636 635 2642 —
650 2617 770 2651 ⁵Joan.
798 2631 821 2658 t,
842 2620 895 2652 33.
