1825 3264
235 232 398 263 comas
428 231 693 263 canscomuu
725 227 1015 272 nemausum,
1048 233 1132 260 mn.
1168 234 1216 260 11.
1343 223 1429 262 339

43 300 163 345 vides
190 315 403 355 errorem,
433 315 536 346 cum
563 296 684 360 quod
716 298 901 343 schisma
928 308 992 343 est
1013 299 1211 344 haeresim
1234 314 1374 344 vocas.
1405 319 1427 342 n

45 372 149 415 Haec
170 384 329 430 nempe
349 369 483 415 verba
505 379 579 415 tua
599 377 717 424 sunt,
737 384 836 428 quae
854 368 980 428 posui
1003 383 1054 412 ex
1072 368 1252 428 epistola
1275 378 1366 414 tua.

102 442 157 485 V.
191 443 289 485 Jam
311 457 430 486 nunc
451 440 649 496 attende,
667 440 702 484 si
724 440 921 500 pertinax
945 455 1036 484 non
1056 440 1133 495 siS,
1155 455 1288 500 quam
1312 440 1431 485 facili

42 513 301 572 compendio
335 512 380 557 id
409 512 530 573 quod
563 515 677 556 inter
707 526 786 556 nos
812 510 1042 569 agebatur,
1071 511 1161 571 ipse
1185 511 1359 555 finieris.
1387 511 1432 557 Si

42 582 159 627 enim
181 592 225 628 et
245 582 372 628 nobis
400 593 444 629 et
465 583 589 628 vobis
608 581 724 627 idem
748 581 943 627 Christus
971 591 1120 636 natus,
1151 590 1349 626 mortuus
1384 597 1433 626 ac

43 667 288 712 resurgens,
316 669 402 698 una
419 653 585 713 religio,
605 654 758 698 eadem
771 661 1060 708 sacramenta,
1087 651 1198 696 nihil
1231 652 1277 696 in
1298 652 1435 696 chris·-

42 724 159 768 tiana
172 725 476 770 observatione
487 725 704 769 diversum
718 734 798 780 est,
815 738 963 768 nonne
980 723 1244 783 rebaptizare
1256 738 1434 783 perver-

42 808 139 838 sum
153 795 248 838 est?
265 795 362 839 Tria
377 809 568 855 namque
579 795 777 855 posuisti,
791 809 979 854 quorum
996 795 1030 838 si
1044 809 1182 838 unum
1202 795 1430 854 posuisses,

41 866 140 909 satis
160 880 380 927 superque
401 867 634 912 sufficeret.
664 866 750 913 Sed
766 867 890 927 quasi
911 874 1062 910 contra
1091 866 1360 910 Donatianos
1382 866 1436 908 fi-

40 934 196 980 deliter
216 951 377 995 ageres,
397 953 452 982 ne
473 938 705 999 quisquam
722 936 792 983 vel
813 936 942 981 nimis
960 945 1130 991 acutus,
1154 936 1199 980 id
1221 937 1345 996 quod
1363 950 1434 980 se-

41 1007 128 1051 mel
164 1007 441 1069 breviterque
477 1009 652 1053 dixisses
667 1043 679 1064 ‚
713 1008 990 1068 interpretari
1022 1008 1144 1052 aliter
1178 1016 1430 1063 conaretur,

41 1078 170 1122 etiam
193 1078 360 1124 obtusis
383 1080 561 1125 auribus
574 1089 617 1125 et
634 1079 839 1124 cordibus
855 1088 978 1124 tuam
995 1080 1154 1123 curasti
1177 1080 1434 1138 immergere

42 1149 408 1208 atqueinculcare
430 1150 704 1195 sententiam.
730 1169 751 1193 «
775 1152 885 1204 Una,
907 1149 1067 1209 inquis,
1094 1148 1258 1208 religio,
1282 1150 1436 1193 eadem

40 1228 326 1276 sacramenta,
353 1219 461 1265 nihil
478 1221 524 1264 in
556 1221 788 1264 christiana
817 1219 1118 1264 observatione
1148 1220 1381 1264 diversum.
1412 1237 1433 1260 »

40 1291 98 1334 Et
119 1289 263 1335 adhuc
292 1290 497 1336 adversus
519 1292 704 1336 invicem
727 1289 1004 1335 laboramus?
1026 1293 1123 1334 Jam
1151 1292 1328 1334 tandem
1353 1290 1435 1334 ali-

39 1361 220 1420 quando
241 1362 441 1407 cohibete
455 1362 782 1416 dissensionem,
803 1362 925 1405 finite
943 1361 1080 1416 litem,
1099 1371 1239 1405 amate
1261 1376 1431 1420 pacem.

40 1430 158 1484 Quid
200 1432 472 1492 reprobatis?
512 1433 630 1486 Quid
665 1432 897 1476 exsufflatis
915 1432 932 1472 ‘2
950 1433 1094 1484 Quare
1128 1431 1434 1490 rebaptizatis?

45 1519 63 1541 α
96 1503 191 1546 Una
223 1500 373 1561 religio
395 1511 479 1557 est,
507 1501 657 1546 eadem
681 1510 966 1556 sacramenta,
991 1500 1102 1544 nihil
1133 1501 1178 1543 in
1200 1500 1432 1544 christiana

38 1570 341 1618 observatione
358 1572 593 1617 diversum.
623 1590 644 1614 »
668 1575 778 1618 Nam
799 1573 832 1616 si
854 1571 977 1616 vobis
1007 1579 1051 1615 et
1085 1571 1211 1614 nobis
1247 1585 1337 1614 non
1370 1578 1434 1614 est

40 1657 154 1687 unus
175 1644 429 1703 baptismus,
450 1643 674 1704 quomodo
691 1652 753 1688 est
773 1657 861 1686 una
884 1641 1061 1701 religio?
1085 1640 1169 1686 Sed
1191 1650 1239 1685 tu
1263 1640 1430 1695 dixisti,

45 1732 65 1754 «
87 1716 181 1758 Una
202 1714 352 1772 religio
382 1733 390 1759 ;
425 1732 446 1755 n
473 1729 577 1773 ergo
595 1724 638 1758 et
660 1729 773 1758 unus
796 1713 1053 1773 baptismus.
1073 1711 1308 1766 Quomodo
1331 1720 1434 1756 sunt

41 1783 190 1828 eadem
209 1786 505 1828 sacramenta?
523 1783 606 1829 Sed
629 1792 678 1828 tu
693 1782 853 1838 dixisti,
874 1801 895 1825 «
917 1782 1069 1827 eadem
1087 1791 1355 1827 sacramenta
1379 1801 1388 1826 ;
1409 1800 1428 1822 »

40 1853 157 1898 idem
169 1870 273 1914 ergo
287 1865 330 1900 et
346 1855 601 1914 baptismus.
627 1857 739 1898 Item
757 1854 792 1897 si
809 1853 938 1897 nobis
956 1861 1000 1897 et
1014 1852 1138 1896 vobis
1157 1840 1350 1896 diversus
1368 1860 1433 1896 est

40 1924 298 1984 baptismus,
319 1924 541 1986 quomodo
565 1924 675 1968 nihil
699 1933 763 1968 est
795 1924 842 1967 in
865 1924 1100 1967 christiana
1124 1923 1431 1967 observatione

0 2035 1 2047 ,
42 1994 292 2040 diversum?
322 1996 406 2040 Sed
435 2004 482 2040 tu
504 1995 670 2049 dixisti,
697 2013 717 2035 «
747 1992 857 2038 nihil
890 1994 935 2037 in
962 1993 1194 2038 christiana
1224 1994 1432 2037 observa-

42 2065 161 2110 tione
190 2066 407 2111 diversum
441 2084 449 2109 ε
477 2083 498 2106 n
526 2080 615 2109 non
650 2079 752 2122 ergo
785 2074 850 2109 est
872 2064 1068 2108 diversus
1100 2073 1143 2108 et
1171 2064 1427 2123 baptismus.

41 2137 151 2188 Quae
168 2150 269 2180 cum
284 2136 343 2179 ita
361 2135 461 2190 sint,
484 2150 563 2180 nos
586 2143 702 2179 recte
724 2132 845 2195 quod
867 2149 1007 2178 unum
1030 2142 1161 2193 atque
1185 2133 1302 2177 idem
1320 2169 1330 2189 ,
1354 2149 1433 2178 ne-

41 2221 127 2266 que
140 2206 359 2251 diversum
381 2215 460 2261 est,
479 2221 559 2250 nec
576 2205 873 2265 improbamus
889 2239 900 2260 ,
920 2220 1001 2249 nec
1017 2204 1297 2249 exsufflamus
1312 2238 1323 2259 ,
1349 2220 1431 2249 nec

41 2275 273 2334 iteramus3
298 2277 373 2322 sed
397 2277 685 2335 agnoscimus,
711 2275 996 2335 suscipimus,
1022 2284 1311 2334 acceptamus.
1345 2277 1432 2319 Vos

42 2361 146 2392 vero
170 2347 317 2406 impie,
335 2346 456 2408 quod
476 2362 614 2391 unum
636 2356 767 2407 atque
788 2345 923 2401 idem,
949 2360 1092 2406 neque
1109 2346 1328 2389 diversum
1346 2354 1428 2400 est,

42 2417 320 2463 dissimulatis
340 2433 589 2477 agnoscere,
613 2419 829 2477 suscipere
853 2418 1075 2470 recusatis,
1097 2426 1319 2475 acceptare
1341 2431 1431 2462 non

43 2487 201 2545 vultis3
225 2489 301 2533 sed
321 2488 477 2548 eligitis
490 2488 755 2549 improbare,
780 2486 948 2532 audetis
970 2488 1212 2542 exsufflare,
1235 2502 1322 2532 non
1345 2502 1430 2531 me-

46 2559 165 2604 tuitis
182 2559 353 2604 iterare.
379 2561 436 2603 Et
458 2574 559 2603 cum
583 2559 629 2604 in
650 2558 734 2605 hoc
761 2558 854 2619 ipso
877 2556 998 2618 quod
1025 2572 1075 2602 ea
1097 2572 1195 2616 quae
1217 2557 1329 2601 inter
1354 2573 1432 2602 nos

1177 2627 1242 2666 22.
