1825 3264
340 249 422 289 186
773 258 806 288 s.
844 258 1073 289 mensa-nu
1107 260 1286 290 immori

336 335 484 371 contra
507 339 637 385 quam
663 326 894 371 scribendo
911 326 1021 371 nihil
1039 327 1172 382 dixit,
1193 327 1513 374 evidentissime
1531 329 1720 389 positum

336 406 398 441 est
424 415 432 441 :
458 405 501 440 et
530 397 638 456 quid
669 397 731 440 ibi
771 398 931 456 egerit,
966 412 1114 458 quaeso
1143 412 1377 459 parumper
1414 397 1654 458 advertite,
1683 410 1722 444 et

335 468 533 527 quamvis
568 467 630 511 illi
659 466 858 523 faveatis,
899 483 1065 528 nosque
1089 468 1286 524 oderitis,
1319 469 1352 512 si
1380 469 1557 529 potestis
1594 483 1722 530 aequo

337 539 481 582 animo
501 538 682 582 tolerate
702 541 731 582 ¹.
755 539 863 592 Quia
889 539 1002 582 enim
1027 538 1070 582 in
1098 539 1229 597 priori
1255 538 1447 598 Epistola
1472 555 1565 596 sua,
1597 541 1722 601 cujUs

337 612 483 671 primis
498 612 693 670 partibus
711 627 810 671 quae
824 611 925 656 solae
941 612 980 655 in
1000 626 1152 655 manus
1175 620 1341 656 nostras
1366 621 1471 657 tunc
1494 620 1718 668 venerant,

335 683 475 741 primo
504 682 828 742 responderam,
860 683 916 725 ita
944 697 1062 741 spem
1086 682 1334 741 baptizandi
1358 683 1546 728 hominis
1575 683 1620 727 in
1639 684 1722 728 ho-

333 754 451 797 mine
484 753 731 813 baptizante
761 762 978 812 posuerat,
1011 761 1059 796 ut
1083 753 1244 797 diceret
1271 771 1316 798 2«
1342 753 1493 798 Omnis
1515 768 1582 799 res
1607 754 1723 799 enim

335 825 501 884 origine
518 835 561 870 et
579 825 721 870 radice
736 826 945 879 consistit,
963 833 1005 868 et
1017 825 1050 868 si
1061 833 1192 884 caput
1208 839 1297 869 non
1310 825 1444 870 habet
1456 824 1637 886 aliquid,
1653 826 1722 870 ni-

333 897 393 940 hil
413 906 474 940 est
493 916 500 942 :
517 915 536 938 »
554 898 654 957 quia
667 913 769 957 crgo
785 898 866 942 hoc
883 896 1117 941 Petilianus
1133 896 1317 951 dixerat,
1336 911 1425 941 non
1440 896 1556 941 aliud
1574 897 1724 942 volens

334 967 514 1027 intelligi
540 969 747 1026 originem
772 977 813 1011 et
834 968 1020 1012 radicem
1042 977 1084 1012 et
1101 976 1233 1026 caput
1253 967 1502 1027 baptizandi
1517 967 1722 1023 hominis,

334 1039 413 1082 nisi
429 1040 648 1083 hominem
660 1055 680 1083 a
694 1054 780 1099 quo
790 1040 1096 1098 baptizaretur,
1109 1039 1273 1098 subjeci
1287 1053 1365 1097 ego
1380 1048 1422 1082 et
1437 1037 1524 1082 dixi
1542 1058 1551 1083 ι
1569 1057 1587 1081 «
1599 1041 1724 1092 Quae-

334 1110 467 1152 rimus
498 1110 645 1169 itaque
679 1124 755 1153 nos
772 1145 782 1164 ,
821 1124 920 1153 cum
950 1108 1024 1153 ille
1051 1109 1294 1168 baptizator
1322 1107 1514 1169 perfidus
1542 1109 1664 1165 latet,
1690 1110 1724 1155 si

333 1187 437 1222 tunc
476 1179 548 1222 ille
580 1194 711 1239 quem
740 1179 945 1238 baptizat,
971 1177 1102 1222 fidem
1127 1179 1329 1238 percipit,
1359 1194 1450 1226 non
1481 1187 1668 1235 reatum,
1691 1179 1726 1225 si

336 1258 438 1294 tunc
472 1251 509 1293 ei
544 1265 632 1294 non
660 1259 723 1294 est
752 1250 991 1309 baptizator
1025 1251 1116 1310 ejus
1145 1250 1264 1308 origo
1287 1259 1331 1294 et
1361 1250 1481 1295 radix
1504 1259 1547 1294 et
1572 1257 1720 1311 caput,

332 1322 428 1381 quis
455 1330 518 1365 est
541 1338 563 1365 a
585 1337 673 1382 quo
697 1321 852 1380 accipit
874 1321 1034 1365 fidem?
1053 1321 1129 1365 ubi
1149 1330 1212 1365 est
1229 1322 1351 1380 origo
1368 1321 1422 1365 de
1444 1336 1530 1382 qua
1553 1322 1725 1367 oritur?
1782 1350 1794 1359 -

333 1392 410 1435 ubi
445 1391 564 1435 radix
602 1391 718 1436 unde
753 1392 996 1450 germinat?
1037 1392 1114 1435 ubi
1143 1401 1275 1451 caput
1296 1391 1415 1436 unde
1446 1392 1631 1452 incipit?
1655 1394 1724 1437 An

333 1462 447 1506 forte
469 1478 567 1506 cum
595 1463 885 1522 baptizantem
910 1464 1125 1523 perfidum
1149 1462 1222 1507 ille
1243 1463 1319 1523 qui
1342 1463 1588 1522 baptizatur
1605 1463 1725 1522 igno-

334 1541 427 1587 rat,
462 1542 568 1578 tunc
599 1533 795 1579 Christus
819 1533 894 1577 dat
920 1534 1051 1577 fidem
1071 1569 1081 1588 ,
1106 1542 1212 1577 tunc
1235 1533 1434 1578 Christus
1455 1542 1519 1578 est
1541 1533 1660 1592 origo
1681 1540 1725 1577 et

333 1603 451 1648 radix
480 1614 522 1648 et
544 1607 712 1664 caput?
738 1624 756 1645 »
789 1607 881 1649 Hoc
904 1620 1006 1663 ergo
1028 1614 1070 1648 ct
1093 1620 1209 1649 nunc
1237 1605 1336 1649 dico
1359 1612 1401 1648 et
1423 1604 1639 1660 exclamo,
1664 1603 1722 1650 si-

333 1683 407 1719 cut
436 1676 563 1719 etiam
594 1675 682 1720 illic
707 1676 944 1720 exclamavi
972 1695 980 1720 ε
1011 1695 1030 1717 «
1058 1677 1096 1720 Ο
1123 1677 1314 1720 humana
1343 1676 1561 1721 temeritas
1582 1685 1625 1720 et
1651 1690 1724 1721 su-

333 1746 498 1805 perbia,
525 1761 602 1790 cur
632 1762 720 1791 non
743 1747 844 1791 sinis
866 1747 1010 1805 potius
1024 1755 1074 1790 ut
1089 1761 1258 1806 semper
1275 1747 1471 1792 Christus
1486 1746 1561 1791 det
1572 1745 1720 1802 fidem,

333 1817 626 1860 Christianum
658 1816 805 1860 dando
838 1816 1062 1861 facturus?
1096 1819 1186 1862 Cur
1212 1832 1301 1861 non
1330 1817 1431 1861 sinis
1466 1826 1515 1861 ut
1555 1830 1724 1877 semper

333 1888 386 1931 sit
403 1889 599 1932 Christus
618 1889 739 1947 origo
759 1888 990 1933 Christiani
1011 1924 1021 1942 ,
1047 1889 1092 1932 in
1114 1888 1286 1933 Christo
1309 1887 1497 1933 radicem
1521 1888 1725 1934 Christia-

333 1974 413 2003 nus
444 1959 622 2017 infigat,
656 1960 853 2003 Christus
886 1959 1120 2004 Christiani
1145 1960 1199 2003 sit
1220 1961 1382 2019 caput?
1414 1961 1566 2019 Neque
1608 1959 1723 2003 enim

333 2029 461 2073 etiam
490 2045 586 2073 cum
617 2044 693 2089 per
716 2038 913 2074 sanctum
944 2038 988 2074 et
1015 2029 1187 2073 fidelem
1217 2029 1559 2089 dispensatorem
1588 2029 1722 2089 gratia

333 2101 534 2159 spiritalis
566 2101 845 2146 credentibus
873 2102 1137 2161 impartitur,
1166 2101 1437 2162 dispensator
1458 2101 1722 2162 ipsejustifi-

335 2179 431 2226 cat,
464 2187 512 2215 ac
534 2187 622 2216 non
644 2172 717 2216 ille
740 2187 852 2216 unus
877 2172 932 2216 de
960 2188 1049 2232 quo
1077 2172 1243 2216 dictum
1267 2181 1354 2228 est,
1380 2171 1501 2233 quod
1517 2173 1724 2233 justificat

336 2242 517 2300 impium
531 2244 562 2285 ².
582 2261 601 2282 »
620 2245 707 2286 Aut
728 2257 829 2287 vero
847 2241 1066 2302 apostolus
1088 2241 1248 2286 Paulus
1271 2250 1362 2286 erat
1383 2251 1516 2302 caput
1536 2252 1578 2287 et
1602 2241 1724 2302 origo

335 2327 485 2356 eorum
516 2328 626 2372 quos
666 2314 955 2372 plantaverat,
987 2320 1061 2357 aut
1086 2312 1243 2371 Apollo
1276 2312 1396 2357 radix
1429 2327 1579 2358 eorum
1612 2328 1722 2375 quos

334 2382 567 2439 rigaverat,
593 2398 642 2427 ac
669 2398 757 2428 non
782 2383 855 2427 ille
874 2383 951 2443 qui
973 2383 1031 2427 eis
1052 2383 1371 2428 incrementum
1391 2382 1593 2443 dederat,
1622 2398 1721 2429 cum

336 2452 450 2495 idem
468 2453 611 2511 dicat,
639 2473 658 2496 «
679 2457 771 2512 Ego
794 2454 985 2513 plantavi
1005 2489 1016 2509 ,
1037 2454 1195 2514 Apollo
1218 2454 1370 2512 rigavit
1390 2490 1401 2510 ,
1426 2454 1500 2499 sed
1521 2458 1635 2500 Deus
1655 2456 1722 2500 in-

339 2539 358 2561 s>
385 2533 655 2567 crementum
691 2524 811 2569 dedit
829 2527 844 2551 3
871 2545 879 2568 ε
903 2526 1049 2585 itaque
1079 2541 1223 2585 neque
1249 2526 1324 2585 qui
1351 2524 1519 2586 plantat
1555 2535 1619 2571 est
1646 2525 1723 2571 ali·
1788 2570 1792 2586 ἃ

387 2612 394 2626 ¹
418 2606 496 2639 Vide
510 2618 617 2649 supra,
637 2606 691 2640 lib.
711 2619 734 2645 ι,
749 2619 820 2651 cap.
838 2608 870 2651 4,
887 2613 919 2642 et
937 2620 970 2651 11,
988 2620 1058 2652 cap.
1080 2609 1111 2642 5.
1129 2616 1192 2634 —2
1213 2612 1304 2643 Rom.
1323 2621 1370 2653 ιν,
1386 2609 1416 2642 5.
1432 2607 1519 2645 —31
1539 2613 1610 2645 Cor.
1625 2610 1671 2651 iii,
1686 2613 1716 2644 6.
1786 2598 1791 2630 ’ἶ
