<?xml version="1.0" encoding="UTF-8"?>
<!DOCTYPE html PUBLIC "-//W3C//DTD XHTML 1.0 Transitional//EN"
    "http://www.w3.org/TR/xhtml1/DTD/xhtml1-transitional.dtd">
<html xmlns="http://www.w3.org/1999/xhtml" xml:lang="en" lang="en">
 <head>
  <title>
</title>
<meta http-equiv="Content-Type" content="text/html;charset=utf-8" />
  <meta name='ocr-system' content='tesseract 3.04.00' />
  <meta name='ocr-capabilities' content='ocr_page ocr_carea ocr_par ocr_line ocrx_word'/>
</head>
<body>
  <div class='ocr_page' id='page_1' title='image "./operaomniaaccura32auguuoft_0434.png"; bbox 0 0 1825 3264; ppageno 0'>
   <div class='ocr_carea' id='block_1_1' title="bbox 324 226 1262 266">
    <p class='ocr_par' dir='ltr' id='par_1_1' title="bbox 324 226 1262 266">
     <span class='ocr_line' id='line_1_1' title="bbox 324 226 1262 266; baseline -0.006 0"><span class='ocrx_word' id='word_1_1' title='bbox 324 226 406 266; x_wconf 78' lang='lat'>424</span> <span class='ocrx_word' id='word_1_2' title='bbox 752 233 785 262; x_wconf 90' lang='lat' dir='ltr'>s.</span> <span class='ocrx_word' id='word_1_3' title='bbox 822 234 1050 262; x_wconf 67' lang='lat' dir='ltr'>At‘Gcs‘rnu</span> <span class='ocrx_word' id='word_1_4' title='bbox 1084 234 1262 261; x_wconf 75' lang='lat' dir='ltr'>EPISCOP!</span> 
     </span>
    </p>
   </div>
   <div class='ocr_carea' id='block_1_2' title="bbox 320 296 1719 2462">
    <p class='ocr_par' dir='ltr' id='par_1_2' title="bbox 320 296 1719 2462">
     <span class='ocr_line' id='line_1_2' title="bbox 324 296 1697 358; baseline -0.002 -15"><span class='ocrx_word' id='word_1_5' title='bbox 324 321 345 343; x_wconf 85' lang='lat'>»</span> <span class='ocrx_word' id='word_1_6' title='bbox 371 315 493 345; x_wconf 91' lang='lat' dir='ltr'>nosse</span> <span class='ocrx_word' id='word_1_7' title='bbox 521 297 623 343; x_wconf 91' lang='lat' dir='ltr'>nolo</span> <span class='ocrx_word' id='word_1_8' title='bbox 656 317 664 343; x_wconf 75' lang='grc' dir='ltr'>ε</span> <span class='ocrx_word' id='word_1_9' title='bbox 694 316 714 339; x_wconf 92' lang='lat'>»</span> <span class='ocrx_word' id='word_1_10' title='bbox 750 299 872 343; x_wconf 89' lang='lat' dir='ltr'>Hanc</span> <span class='ocrx_word' id='word_1_11' title='bbox 894 299 983 358; x_wconf 91' lang='lat' dir='ltr'>ejus</span> <span class='ocrx_word' id='word_1_12' title='bbox 1005 297 1326 357; x_wconf 85' lang='lat' dir='ltr'><strong>responsionem</strong></span> <span class='ocrx_word' id='word_1_13' title='bbox 1357 311 1457 341; x_wconf 92' lang='lat' dir='ltr'>cum</span> <span class='ocrx_word' id='word_1_14' title='bbox 1481 296 1598 341; x_wconf 88' lang='lat' dir='ltr'>docti</span> <span class='ocrx_word' id='word_1_15' title='bbox 1627 296 1697 340; x_wconf 81' lang='lat' dir='ltr'>in·-</span> 
     </span>
     <span class='ocr_line' id='line_1_3' title="bbox 322 366 1698 430; baseline -0.004 -14"><span class='ocrx_word' id='word_1_16' title='bbox 322 372 526 430; x_wconf 90' lang='lat' dir='ltr'>doctique</span> <span class='ocrx_word' id='word_1_17' title='bbox 540 368 730 413; x_wconf 85' lang='lat' dir='ltr'>riderent</span> <span class='ocrx_word' id='word_1_18' title='bbox 748 390 758 426; x_wconf 75' lang='lat'>3</span> <span class='ocrx_word' id='word_1_19' title='bbox 776 369 937 428; x_wconf 87' lang='lat' dir='ltr'>quippe</span> <span class='ocrx_word' id='word_1_20' title='bbox 949 368 1136 413; x_wconf 90' lang='lat' dir='ltr'>hominis</span> <span class='ocrx_word' id='word_1_21' title='bbox 1155 367 1336 412; x_wconf 88' lang='lat' dir='ltr'>dicentis</span> <span class='ocrx_word' id='word_1_22' title='bbox 1352 366 1485 411; x_wconf 88' lang='lat' dir='ltr'>verba</span> <span class='ocrx_word' id='word_1_23' title='bbox 1505 367 1585 411; x_wconf 87' lang='lat' dir='ltr'>viri</span> <span class='ocrx_word' id='word_1_24' title='bbox 1607 381 1698 426; x_wconf 86' lang='lat' dir='ltr'>pec-</span> 
     </span>
     <span class='ocr_line' id='line_1_4' title="bbox 321 436 1697 497; baseline -0.004 -12"><span class='ocrx_word' id='word_1_25' title='bbox 321 440 475 485; x_wconf 89' lang='lat' dir='ltr'>catoris</span> <span class='ocrx_word' id='word_1_26' title='bbox 497 453 540 483; x_wconf 91' lang='lat' dir='ltr'>se</span> <span class='ocrx_word' id='word_1_27' title='bbox 571 453 660 482; x_wconf 88' lang='lat' dir='ltr'>non</span> <span class='ocrx_word' id='word_1_28' title='bbox 688 438 866 493; x_wconf 87' lang='lat' dir='ltr'>timere,</span> <span class='ocrx_word' id='word_1_29' title='bbox 898 439 968 482; x_wconf 86' lang='lat' dir='ltr'>cui</span> <span class='ocrx_word' id='word_1_30' title='bbox 1001 436 1262 497; x_wconf 89' lang='lat' dir='ltr'>respondere</span> <span class='ocrx_word' id='word_1_31' title='bbox 1290 436 1469 480; x_wconf 87' lang='lat' dir='ltr'>minime</span> <span class='ocrx_word' id='word_1_32' title='bbox 1491 437 1697 494; x_wconf 76' lang='lat' dir='ltr'>auderet3</span> 
     </span>
     <span class='ocr_line' id='line_1_5' title="bbox 321 506 1701 568; baseline -0.004 -14"><span class='ocrx_word' id='word_1_33' title='bbox 321 521 363 555; x_wconf 89' lang='lat' dir='ltr'>et</span> <span class='ocrx_word' id='word_1_34' title='bbox 384 511 428 554; x_wconf 90' lang='lat' dir='ltr'>in</span> <span class='ocrx_word' id='word_1_35' title='bbox 447 524 570 554; x_wconf 93' lang='lat' dir='ltr'>aures</span> <span class='ocrx_word' id='word_1_36' title='bbox 591 509 878 568; x_wconf 88' lang='lat' dir='ltr'>imprudentis</span> <span class='ocrx_word' id='word_1_37' title='bbox 899 507 1015 553; x_wconf 89' lang='lat' dir='ltr'>nolle</span> <span class='ocrx_word' id='word_1_38' title='bbox 1037 523 1081 552; x_wconf 92' lang='lat' dir='ltr'>se</span> <span class='ocrx_word' id='word_1_39' title='bbox 1102 506 1269 567; x_wconf 86' lang='lat' dir='ltr'>aliquid</span> <span class='ocrx_word' id='word_1_40' title='bbox 1290 506 1449 560; x_wconf 85' lang='lat' dir='ltr'>dicere,</span> <span class='ocrx_word' id='word_1_41' title='bbox 1474 506 1597 566; x_wconf 84' lang='lat' dir='ltr'><strong>quasi</strong></span> <span class='ocrx_word' id='word_1_42' title='bbox 1619 506 1701 550; x_wconf 89' lang='lat' dir='ltr'>ali-</span> 
     </span>
     <span class='ocr_line' id='line_1_6' title="bbox 321 577 1701 641; baseline -0.004 -16"><span class='ocrx_word' id='word_1_43' title='bbox 321 579 442 641; x_wconf 91' lang='lat' dir='ltr'>quod</span> <span class='ocrx_word' id='word_1_44' title='bbox 458 587 672 624; x_wconf 90' lang='lat' dir='ltr'>secretum</span> <span class='ocrx_word' id='word_1_45' title='bbox 704 578 846 623; x_wconf 88' lang='lat' dir='ltr'>fuerat</span> <span class='ocrx_word' id='word_1_46' title='bbox 867 577 1158 638; x_wconf 89' lang='lat' dir='ltr'>imprudentis</span> <span class='ocrx_word' id='word_1_47' title='bbox 1187 577 1361 621; x_wconf 88' lang='lat' dir='ltr'>auribus</span> <span class='ocrx_word' id='word_1_48' title='bbox 1389 585 1549 620; x_wconf 89' lang='lat' dir='ltr'>temere</span> <span class='ocrx_word' id='word_1_49' title='bbox 1579 590 1701 620; x_wconf 89' lang='lat' dir='ltr'>com-</span> 
     </span>
     <span class='ocr_line' id='line_1_7' title="bbox 320 645 1702 707; baseline -0.004 -13"><span class='ocrx_word' id='word_1_50' title='bbox 320 651 546 703; x_wconf 83' lang='lat' dir='ltr'>missuruS‚</span> <span class='ocrx_word' id='word_1_51' title='bbox 583 663 684 692; x_wconf 90' lang='lat' dir='ltr'>cum</span> <span class='ocrx_word' id='word_1_52' title='bbox 705 663 754 692; x_wconf 92' lang='lat' dir='ltr'>ea</span> <span class='ocrx_word' id='word_1_53' title='bbox 787 663 886 707; x_wconf 85' lang='lat' dir='ltr'>quae</span> <span class='ocrx_word' id='word_1_54' title='bbox 920 648 1083 691; x_wconf 90' lang='lat' dir='ltr'>diceret</span> <span class='ocrx_word' id='word_1_55' title='bbox 1107 645 1234 690; x_wconf 89' lang='lat' dir='ltr'>multi</span> <span class='ocrx_word' id='word_1_56' title='bbox 1257 654 1432 705; x_wconf 85' lang='lat' dir='ltr'><strong>possent</strong></span> <span class='ocrx_word' id='word_1_57' title='bbox 1463 645 1702 704; x_wconf 88' lang='lat' dir='ltr'>prudentes</span> 
     </span>
     <span class='ocr_line' id='line_1_8' title="bbox 321 715 1704 778; baseline -0.004 -15"><span class='ocrx_word' id='word_1_58' title='bbox 321 719 469 764; x_wconf 90' lang='lat' dir='ltr'>audire</span> <span class='ocrx_word' id='word_1_59' title='bbox 484 753 495 774; x_wconf 96' lang='lat'>,</span> <span class='ocrx_word' id='word_1_60' title='bbox 528 718 724 778; x_wconf 89' lang='lat' dir='ltr'>qualium</span> <span class='ocrx_word' id='word_1_61' title='bbox 749 732 875 761; x_wconf 88' lang='lat' dir='ltr'>causa</span> <span class='ocrx_word' id='word_1_62' title='bbox 898 726 940 761; x_wconf 92' lang='lat' dir='ltr'>et</span> <span class='ocrx_word' id='word_1_63' title='bbox 962 716 1170 761; x_wconf 89' lang='lat' dir='ltr'>Dominus</span> <span class='ocrx_word' id='word_1_64' title='bbox 1195 715 1391 760; x_wconf 88' lang='lat' dir='ltr'>Christus</span> <span class='ocrx_word' id='word_1_65' title='bbox 1414 724 1534 759; x_wconf 87' lang='lat' dir='ltr'>tanta</span> <span class='ocrx_word' id='word_1_66' title='bbox 1554 715 1704 759; x_wconf 87' lang='lat' dir='ltr'>Phari-</span> 
     </span>
     <span class='ocr_line' id='line_1_9' title="bbox 322 784 1705 848; baseline -0.003 -15"><span class='ocrx_word' id='word_1_67' title='bbox 322 789 413 834; x_wconf 85' lang='lat' dir='ltr'>saeis</span> <span class='ocrx_word' id='word_1_68' title='bbox 435 788 633 848; x_wconf 88' lang='lat' dir='ltr'>quamvis</span> <span class='ocrx_word' id='word_1_69' title='bbox 650 787 1001 846; x_wconf 79' lang='lat' dir='ltr'>imprudentibus</span> <span class='ocrx_word' id='word_1_70' title='bbox 1021 786 1282 846; x_wconf 87' lang='lat' dir='ltr'>loquebatur</span> <span class='ocrx_word' id='word_1_71' title='bbox 1300 807 1311 843; x_wconf 77' lang='lat'>3</span> <span class='ocrx_word' id='word_1_72' title='bbox 1329 795 1373 830; x_wconf 89' lang='lat' dir='ltr'>et</span> <span class='ocrx_word' id='word_1_73' title='bbox 1389 784 1506 830; x_wconf 90' lang='lat' dir='ltr'>nolle</span> <span class='ocrx_word' id='word_1_74' title='bbox 1518 800 1561 829; x_wconf 92' lang='lat' dir='ltr'>se</span> <span class='ocrx_word' id='word_1_75' title='bbox 1581 800 1705 830; x_wconf 90' lang='lat' dir='ltr'>nosse</span> 
     </span>
     <span class='ocr_line' id='line_1_10' title="bbox 322 855 1706 918; baseline -0.002 -15"><span class='ocrx_word' id='word_1_76' title='bbox 322 860 411 904; x_wconf 90' lang='lat' dir='ltr'>vias</span> <span class='ocrx_word' id='word_1_77' title='bbox 431 858 680 918; x_wconf 90' lang='lat' dir='ltr'>impiorum,</span> <span class='ocrx_word' id='word_1_78' title='bbox 704 857 827 917; x_wconf 86' lang='lat' dir='ltr'>quasi</span> <span class='ocrx_word' id='word_1_79' title='bbox 854 857 943 901; x_wconf 78' lang='lat' dir='ltr'>vias</span> <span class='ocrx_word' id='word_1_80' title='bbox 966 872 1062 901; x_wconf 91' lang='lat' dir='ltr'>suas</span> <span class='ocrx_word' id='word_1_81' title='bbox 1093 872 1193 901; x_wconf 92' lang='lat' dir='ltr'>eum</span> <span class='ocrx_word' id='word_1_82' title='bbox 1215 856 1373 902; x_wconf 89' lang='lat' dir='ltr'>docere</span> <span class='ocrx_word' id='word_1_83' title='bbox 1404 855 1566 900; x_wconf 92' lang='lat' dir='ltr'>vellent</span> <span class='ocrx_word' id='word_1_84' title='bbox 1597 871 1706 916; x_wconf 91' lang='lat' dir='ltr'>quos</span> 
     </span>
     <span class='ocr_line' id='line_1_11' title="bbox 322 926 1704 988; baseline -0.003 -15"><span class='ocrx_word' id='word_1_85' title='bbox 322 930 477 988; x_wconf 90' lang='lat' dir='ltr'>impios</span> <span class='ocrx_word' id='word_1_86' title='bbox 509 929 717 987; x_wconf 86' lang='lat' dir='ltr'>putabat,</span> <span class='ocrx_word' id='word_1_87' title='bbox 750 942 798 971; x_wconf 87' lang='lat' dir='ltr'>ac</span> <span class='ocrx_word' id='word_1_88' title='bbox 826 943 915 972; x_wconf 89' lang='lat' dir='ltr'>non</span> <span class='ocrx_word' id='word_1_89' title='bbox 946 928 1090 985; x_wconf 88' lang='lat' dir='ltr'>potius</span> <span class='ocrx_word' id='word_1_90' title='bbox 1118 927 1208 985; x_wconf 91' lang='lat' dir='ltr'>ipse</span> <span class='ocrx_word' id='word_1_91' title='bbox 1231 927 1265 971; x_wconf 91' lang='lat' dir='ltr'>si</span> <span class='ocrx_word' id='word_1_92' title='bbox 1293 935 1459 970; x_wconf 90' lang='lat' dir='ltr'>teneret</span> <span class='ocrx_word' id='word_1_93' title='bbox 1490 926 1579 970; x_wconf 89' lang='lat' dir='ltr'>vias</span> <span class='ocrx_word' id='word_1_94' title='bbox 1602 927 1704 977; x_wconf 90' lang='lat' dir='ltr'>Dei,</span> 
     </span>
     <span class='ocr_line' id='line_1_12' title="bbox 324 997 1708 1056; baseline -0.001 -13"><span class='ocrx_word' id='word_1_95' title='bbox 324 1000 455 1043; x_wconf 86' lang='lat' dir='ltr'>etiarn</span> <span class='ocrx_word' id='word_1_96' title='bbox 487 999 642 1056; x_wconf 90' lang='lat' dir='ltr'>impios</span> <span class='ocrx_word' id='word_1_97' title='bbox 665 997 822 1041; x_wconf 89' lang='lat' dir='ltr'>docere</span> <span class='ocrx_word' id='word_1_98' title='bbox 850 997 1056 1051; x_wconf 86' lang='lat' dir='ltr'>deberet,</span> <span class='ocrx_word' id='word_1_99' title='bbox 1082 998 1192 1041; x_wconf 90' lang='lat' dir='ltr'>sicut</span> <span class='ocrx_word' id='word_1_100' title='bbox 1219 997 1426 1056; x_wconf 87' lang='lat' dir='ltr'>scriptum</span> <span class='ocrx_word' id='word_1_101' title='bbox 1453 1005 1517 1040; x_wconf 87' lang='lat' dir='ltr'>est</span> <span class='ocrx_word' id='word_1_102' title='bbox 1542 1015 1550 1041; x_wconf 83' lang='lat' dir='ltr'>z</span> <span class='ocrx_word' id='word_1_103' title='bbox 1580 999 1708 1041; x_wconf 91' lang='lat' dir='ltr'>«Do-</span> 
     </span>
     <span class='ocr_line' id='line_1_13' title="bbox 327 1066 1704 1126; baseline -0.001 -16"><span class='ocrx_word' id='word_1_104' title='bbox 327 1088 346 1110; x_wconf 88' lang='lat'>»</span> <span class='ocrx_word' id='word_1_105' title='bbox 373 1083 493 1112; x_wconf 86' lang='lat' dir='ltr'>ceam</span> <span class='ocrx_word' id='word_1_106' title='bbox 517 1068 689 1126; x_wconf 87' lang='lat' dir='ltr'>iniquos</span> <span class='ocrx_word' id='word_1_107' title='bbox 710 1066 798 1111; x_wconf 90' lang='lat' dir='ltr'>vias</span> <span class='ocrx_word' id='word_1_108' title='bbox 822 1076 931 1117; x_wconf 87' lang='lat' dir='ltr'>tuas,</span> <span class='ocrx_word' id='word_1_109' title='bbox 952 1076 995 1111; x_wconf 88' lang='lat' dir='ltr'>et</span> <span class='ocrx_word' id='word_1_110' title='bbox 1016 1067 1136 1126; x_wconf 87' lang='lat' dir='ltr'>impii</span> <span class='ocrx_word' id='word_1_111' title='bbox 1162 1067 1217 1111; x_wconf 87' lang='lat' dir='ltr'>ad</span> <span class='ocrx_word' id='word_1_112' title='bbox 1237 1076 1277 1111; x_wconf 91' lang='lat' dir='ltr'>te</span> <span class='ocrx_word' id='word_1_113' title='bbox 1299 1075 1609 1112; x_wconf 86' lang='lat' dir='ltr'>convertentur</span> <span class='ocrx_word' id='word_1_114' title='bbox 1627 1070 1638 1091; x_wconf 91' lang='lat'>¹</span> <span class='ocrx_word' id='word_1_115' title='bbox 1665 1085 1704 1110; x_wconf 86' lang='lat'>.»</span> 
     </span>
     <span class='ocr_line' id='line_1_14' title="bbox 326 1136 1710 1196; baseline -0.001 -14"><span class='ocrx_word' id='word_1_116' title='bbox 326 1140 438 1183; x_wconf 87' lang='lat' dir='ltr'>Cum</span> <span class='ocrx_word' id='word_1_117' title='bbox 471 1153 573 1196; x_wconf 82' lang='lat' dir='ltr'>ergo</span> <span class='ocrx_word' id='word_1_118' title='bbox 603 1138 682 1181; x_wconf 89' lang='lat' dir='ltr'>ista</span> <span class='ocrx_word' id='word_1_119' title='bbox 717 1138 936 1196; x_wconf 87' lang='lat' dir='ltr'>responsio</span> <span class='ocrx_word' id='word_1_120' title='bbox 964 1154 987 1181; x_wconf 87' lang='lat' dir='ltr'>a</span> <span class='ocrx_word' id='word_1_121' title='bbox 1010 1137 1158 1181; x_wconf 89' lang='lat' dir='ltr'>multis</span> <span class='ocrx_word' id='word_1_122' title='bbox 1190 1136 1530 1196; x_wconf 84' lang='lat' dir='ltr'>intelligeretur,</span> <span class='ocrx_word' id='word_1_123' title='bbox 1564 1136 1710 1181; x_wconf 91' lang='lat' dir='ltr'>multis</span> 
     </span>
     <span class='ocr_line' id='line_1_15' title="bbox 327 1208 1710 1268; baseline -0.001 -16"><span class='ocrx_word' id='word_1_124' title='bbox 327 1209 454 1253; x_wconf 85' lang='lat' dir='ltr'>etiarn</span> <span class='ocrx_word' id='word_1_125' title='bbox 474 1208 861 1263; x_wconf 84' lang='lat' dir='ltr'>demonstraretur,</span> <span class='ocrx_word' id='word_1_126' title='bbox 886 1224 1018 1268; x_wconf 87' lang='lat' dir='ltr'>quam</span> <span class='ocrx_word' id='word_1_127' title='bbox 1042 1208 1179 1252; x_wconf 90' lang='lat' dir='ltr'>inanis</span> <span class='ocrx_word' id='word_1_128' title='bbox 1206 1219 1331 1263; x_wconf 88' lang='lat' dir='ltr'>esset,</span> <span class='ocrx_word' id='word_1_129' title='bbox 1357 1217 1574 1268; x_wconf 89' lang='lat' dir='ltr'>quantum</span> <span class='ocrx_word' id='word_1_130' title='bbox 1606 1208 1710 1252; x_wconf 84' lang='lat' dir='ltr'>atti-</span> 
     </span>
     <span class='ocr_line' id='line_1_16' title="bbox 327 1278 1712 1339; baseline 0 -16"><span class='ocrx_word' id='word_1_131' title='bbox 327 1281 459 1324; x_wconf 85' lang='lat' dir='ltr'>nebat</span> <span class='ocrx_word' id='word_1_132' title='bbox 478 1278 532 1323; x_wconf 87' lang='lat' dir='ltr'>ad</span> <span class='ocrx_word' id='word_1_133' title='bbox 560 1294 759 1337; x_wconf 82' lang='lat' dir='ltr'>causam3</span> <span class='ocrx_word' id='word_1_134' title='bbox 795 1294 926 1339; x_wconf 89' lang='lat' dir='ltr'>quam</span> <span class='ocrx_word' id='word_1_135' title='bbox 956 1295 1058 1324; x_wconf 90' lang='lat' dir='ltr'>vero</span> <span class='ocrx_word' id='word_1_136' title='bbox 1082 1294 1227 1324; x_wconf 88' lang='lat' dir='ltr'>amara</span> <span class='ocrx_word' id='word_1_137' title='bbox 1268 1288 1311 1323; x_wconf 91' lang='lat' dir='ltr'>et</span> <span class='ocrx_word' id='word_1_138' title='bbox 1339 1278 1566 1334; x_wconf 90' lang='lat' dir='ltr'>maledica,</span> <span class='ocrx_word' id='word_1_139' title='bbox 1591 1280 1712 1339; x_wconf 92' lang='lat' dir='ltr'>quod</span> 
     </span>
     <span class='ocr_line' id='line_1_17' title="bbox 328 1349 1713 1409; baseline 0.001 -16"><span class='ocrx_word' id='word_1_140' title='bbox 328 1365 417 1394; x_wconf 90' lang='lat' dir='ltr'>non</span> <span class='ocrx_word' id='word_1_141' title='bbox 446 1350 690 1408; x_wconf 88' lang='lat' dir='ltr'>pertinebat</span> <span class='ocrx_word' id='word_1_142' title='bbox 724 1350 780 1394; x_wconf 89' lang='lat' dir='ltr'>ad</span> <span class='ocrx_word' id='word_1_143' title='bbox 813 1365 1015 1407; x_wconf 64' lang='lat' dir='ltr'>causam,</span> <span class='ocrx_word' id='word_1_144' title='bbox 1050 1359 1180 1409; x_wconf 86' lang='lat' dir='ltr'>atque</span> <span class='ocrx_word' id='word_1_145' title='bbox 1215 1351 1274 1394; x_wconf 88' lang='lat' dir='ltr'>ita</span> <span class='ocrx_word' id='word_1_146' title='bbox 1300 1350 1419 1409; x_wconf 88' lang='lat' dir='ltr'>ejus,</span> <span class='ocrx_word' id='word_1_147' title='bbox 1454 1351 1566 1394; x_wconf 84' lang='lat' dir='ltr'>sieut</span> <span class='ocrx_word' id='word_1_148' title='bbox 1596 1349 1713 1409; x_wconf 90' lang='lat' dir='ltr'>apud</span> 
     </span>
     <span class='ocr_line' id='line_1_18' title="bbox 329 1420 1714 1474; baseline -0.001 -10"><span class='ocrx_word' id='word_1_149' title='bbox 329 1435 405 1464; x_wconf 90' lang='lat' dir='ltr'>vos</span> <span class='ocrx_word' id='word_1_150' title='bbox 417 1421 620 1474; x_wconf 88' lang='lat' dir='ltr'>habetur,</span> <span class='ocrx_word' id='word_1_151' title='bbox 642 1420 889 1465; x_wconf 84' lang='lat' dir='ltr'>doctissima</span> <span class='ocrx_word' id='word_1_152' title='bbox 917 1421 1149 1474; x_wconf 82' lang='lat' dir='ltr'>annositaS,</span> <span class='ocrx_word' id='word_1_153' title='bbox 1177 1421 1379 1464; x_wconf 91' lang='lat' dir='ltr'>hesterno</span> <span class='ocrx_word' id='word_1_154' title='bbox 1401 1430 1551 1465; x_wconf 88' lang='lat' dir='ltr'>contra</span> <span class='ocrx_word' id='word_1_155' title='bbox 1573 1429 1714 1465; x_wconf 87' lang='lat' dir='ltr'>stante</span> 
     </span>
     <span class='ocr_line' id='line_1_19' title="bbox 332 1489 1715 1550; baseline 0.001 -17"><span class='ocrx_word' id='word_1_156' title='bbox 332 1500 486 1548; x_wconf 88' lang='lat' dir='ltr'>tyrone</span> <span class='ocrx_word' id='word_1_157' title='bbox 508 1490 618 1534; x_wconf 91' lang='lat' dir='ltr'>nihil</span> <span class='ocrx_word' id='word_1_158' title='bbox 631 1489 857 1534; x_wconf 86' lang='lat' dir='ltr'>adversum</span> <span class='ocrx_word' id='word_1_159' title='bbox 873 1491 1096 1535; x_wconf 89' lang='lat' dir='ltr'>veritatem</span> <span class='ocrx_word' id='word_1_160' title='bbox 1111 1505 1233 1550; x_wconf 87' lang='lat' dir='ltr'>posse</span> <span class='ocrx_word' id='word_1_161' title='bbox 1251 1491 1526 1549; x_wconf 85' lang='lat' dir='ltr'>probaretur,</span> <span class='ocrx_word' id='word_1_162' title='bbox 1552 1491 1715 1534; x_wconf 89' lang='lat' dir='ltr'>ridere-</span> 
     </span>
     <span class='ocr_line' id='line_1_20' title="bbox 333 1559 1716 1619; baseline -0.001 -15"><span class='ocrx_word' id='word_1_163' title='bbox 333 1570 405 1604; x_wconf 89' lang='lat' dir='ltr'>tur</span> <span class='ocrx_word' id='word_1_164' title='bbox 427 1560 596 1605; x_wconf 81' lang='lat' dir='ltr'>:subito</span> <span class='ocrx_word' id='word_1_165' title='bbox 610 1569 707 1618; x_wconf 90' lang='lat' dir='ltr'>post</span> <span class='ocrx_word' id='word_1_166' title='bbox 722 1576 882 1619; x_wconf 88' lang='lat' dir='ltr'>paucos</span> <span class='ocrx_word' id='word_1_167' title='bbox 900 1559 989 1604; x_wconf 90' lang='lat' dir='ltr'>dies</span> <span class='ocrx_word' id='word_1_168' title='bbox 1002 1561 1083 1604; x_wconf 91' lang='lat' dir='ltr'>iter</span> <span class='ocrx_word' id='word_1_169' title='bbox 1097 1561 1243 1619; x_wconf 83' lang='lat' dir='ltr'>agenti</span> <span class='ocrx_word' id='word_1_170' title='bbox 1261 1560 1468 1615; x_wconf 89' lang='lat' dir='ltr'>Possidio,</span> <span class='ocrx_word' id='word_1_171' title='bbox 1485 1559 1593 1605; x_wconf 87' lang='lat' dir='ltr'>alius</span> <span class='ocrx_word' id='word_1_172' title='bbox 1605 1561 1716 1605; x_wconf 88' lang='lat' dir='ltr'>Cris-</span> 
     </span>
     <span class='ocr_line' id='line_1_21' title="bbox 334 1630 1716 1690; baseline 0.001 -17"><span class='ocrx_word' id='word_1_173' title='bbox 334 1630 462 1687; x_wconf 87' lang='lat' dir='ltr'>pinus</span> <span class='ocrx_word' id='word_1_174' title='bbox 498 1630 587 1687; x_wconf 89' lang='lat' dir='ltr'>ejus</span> <span class='ocrx_word' id='word_1_175' title='bbox 610 1630 864 1687; x_wconf 70' lang='lat' dir='ltr'>presbyter,</span> <span class='ocrx_word' id='word_1_176' title='bbox 890 1639 932 1673; x_wconf 90' lang='lat' dir='ltr'>et</span> <span class='ocrx_word' id='word_1_177' title='bbox 959 1640 1008 1673; x_wconf 92' lang='lat' dir='ltr'>ut</span> <span class='ocrx_word' id='word_1_178' title='bbox 1039 1631 1294 1689; x_wconf 85' lang='lat' dir='ltr'>perhibetur</span> <span class='ocrx_word' id='word_1_179' title='bbox 1319 1631 1614 1690; x_wconf 91' lang='lat' dir='ltr'>propinquus,</span> <span class='ocrx_word' id='word_1_180' title='bbox 1648 1640 1716 1674; x_wconf 88' lang='lat' dir='ltr'>te-</span> 
     </span>
     <span class='ocr_line' id='line_1_22' title="bbox 334 1697 1718 1758; baseline 0.001 -16"><span class='ocrx_word' id='word_1_181' title='bbox 334 1698 475 1742; x_wconf 87' lang='lat' dir='ltr'>tendit</span> <span class='ocrx_word' id='word_1_182' title='bbox 497 1697 670 1742; x_wconf 85' lang='lat' dir='ltr'>insidias</span> <span class='ocrx_word' id='word_1_183' title='bbox 693 1708 973 1753; x_wconf 89' lang='lat' dir='ltr'>armatorum,</span> <span class='ocrx_word' id='word_1_184' title='bbox 1001 1700 1044 1742; x_wconf 91' lang='lat' dir='ltr'>in</span> <span class='ocrx_word' id='word_1_185' title='bbox 1069 1715 1174 1758; x_wconf 84' lang='lat' dir='ltr'>quas</span> <span class='ocrx_word' id='word_1_186' title='bbox 1197 1715 1308 1758; x_wconf 87' lang='lat' dir='ltr'>pene</span> <span class='ocrx_word' id='word_1_187' title='bbox 1323 1701 1413 1758; x_wconf 89' lang='lat' dir='ltr'>jam</span> <span class='ocrx_word' id='word_1_188' title='bbox 1435 1710 1580 1745; x_wconf 88' lang='lat' dir='ltr'>noster</span> <span class='ocrx_word' id='word_1_189' title='bbox 1608 1701 1718 1745; x_wconf 90' lang='lat' dir='ltr'>inci-</span> 
     </span>
     <span class='ocr_line' id='line_1_23' title="bbox 335 1767 1716 1829; baseline 0.003 -19"><span class='ocrx_word' id='word_1_190' title='bbox 335 1767 486 1821; x_wconf 91' lang='lat' dir='ltr'>derat,</span> <span class='ocrx_word' id='word_1_191' title='bbox 524 1768 603 1810; x_wconf 87' lang='lat' dir='ltr'>nisi</span> <span class='ocrx_word' id='word_1_192' title='bbox 632 1768 691 1811; x_wconf 91' lang='lat' dir='ltr'>eis</span> <span class='ocrx_word' id='word_1_193' title='bbox 723 1769 959 1826; x_wconf 75' lang='lat' dir='ltr'>prospectis</span> <span class='ocrx_word' id='word_1_194' title='bbox 988 1777 1118 1828; x_wconf 88' lang='lat' dir='ltr'>atque</span> <span class='ocrx_word' id='word_1_195' title='bbox 1140 1769 1374 1823; x_wconf 88' lang='lat' dir='ltr'>nuntiatis,</span> <span class='ocrx_word' id='word_1_196' title='bbox 1399 1770 1454 1813; x_wconf 81' lang='lat' dir='ltr'>ad</span> <span class='ocrx_word' id='word_1_197' title='bbox 1483 1770 1716 1829; x_wconf 90' lang='lat' dir='ltr'>quemdam</span> 
     </span>
     <span class='ocr_line' id='line_1_24' title="bbox 335 1837 1718 1895; baseline 0.003 -14"><span class='ocrx_word' id='word_1_198' title='bbox 335 1837 523 1882; x_wconf 88' lang='lat' dir='ltr'>fundum</span> <span class='ocrx_word' id='word_1_199' title='bbox 544 1837 713 1895; x_wconf 86' lang='lat' dir='ltr'>fugiens</span> <span class='ocrx_word' id='word_1_200' title='bbox 735 1837 992 1893; x_wconf 86' lang='lat' dir='ltr'>divertisset,</span> <span class='ocrx_word' id='word_1_201' title='bbox 1018 1839 1094 1882; x_wconf 90' lang='lat' dir='ltr'>ubi</span> <span class='ocrx_word' id='word_1_202' title='bbox 1111 1839 1184 1883; x_wconf 93' lang='lat' dir='ltr'>ille</span> <span class='ocrx_word' id='word_1_203' title='bbox 1201 1839 1310 1883; x_wconf 90' lang='lat' dir='ltr'>nihil</span> <span class='ocrx_word' id='word_1_204' title='bbox 1327 1838 1521 1895; x_wconf 89' lang='lat' dir='ltr'>auderet,</span> <span class='ocrx_word' id='word_1_205' title='bbox 1545 1841 1615 1885; x_wconf 88' lang='lat' dir='ltr'>vel</span> <span class='ocrx_word' id='word_1_206' title='bbox 1628 1856 1718 1885; x_wconf 91' lang='lat' dir='ltr'>non</span> 
     </span>
     <span class='ocr_line' id='line_1_25' title="bbox 337 1908 1715 1970; baseline 0.004 -19"><span class='ocrx_word' id='word_1_207' title='bbox 337 1909 607 1967; x_wconf 80' lang='lat' dir='ltr'>praevaleret,</span> <span class='ocrx_word' id='word_1_208' title='bbox 629 1908 697 1952; x_wconf 90' lang='lat' dir='ltr'>vel</span> <span class='ocrx_word' id='word_1_209' title='bbox 718 1909 752 1952; x_wconf 89' lang='lat' dir='ltr'>si</span> <span class='ocrx_word' id='word_1_210' title='bbox 775 1908 883 1968; x_wconf 88' lang='lat' dir='ltr'>quid</span> <span class='ocrx_word' id='word_1_211' title='bbox 904 1910 1033 1953; x_wconf 90' lang='lat' dir='ltr'>etiam</span> <span class='ocrx_word' id='word_1_212' title='bbox 1058 1909 1241 1965; x_wconf 81' lang='lat' dir='ltr'>fecisset,</span> <span class='ocrx_word' id='word_1_213' title='bbox 1267 1926 1424 1969; x_wconf 80' lang='lat' dir='ltr'>negare</span> <span class='ocrx_word' id='word_1_214' title='bbox 1446 1926 1535 1955; x_wconf 94' lang='lat' dir='ltr'>non</span> <span class='ocrx_word' id='word_1_215' title='bbox 1556 1921 1715 1970; x_wconf 89' lang='lat' dir='ltr'>posset.</span> 
     </span>
     <span class='ocr_line' id='line_1_26' title="bbox 337 1979 1718 2037; baseline 0.004 -16"><span class='ocrx_word' id='word_1_216' title='bbox 337 1981 435 2031; x_wconf 89' lang='lat' dir='ltr'>Quo</span> <span class='ocrx_word' id='word_1_217' title='bbox 460 1987 698 2037; x_wconf 90' lang='lat' dir='ltr'>comperto,</span> <span class='ocrx_word' id='word_1_218' title='bbox 720 1979 929 2022; x_wconf 87' lang='lat' dir='ltr'>continuo</span> <span class='ocrx_word' id='word_1_219' title='bbox 952 1989 1209 2024; x_wconf 87' lang='lat' dir='ltr'>consecutus</span> <span class='ocrx_word' id='word_1_220' title='bbox 1226 1990 1290 2024; x_wconf 91' lang='lat' dir='ltr'>est</span> <span class='ocrx_word' id='word_1_221' title='bbox 1313 1989 1433 2025; x_wconf 87' lang='lat' dir='ltr'>tanta</span> <span class='ocrx_word' id='word_1_222' title='bbox 1448 1995 1586 2025; x_wconf 85' lang='lat' dir='ltr'>caecus</span> <span class='ocrx_word' id='word_1_223' title='bbox 1601 1982 1718 2026; x_wconf 89' lang='lat' dir='ltr'>insa-</span> 
     </span>
     <span class='ocr_line' id='line_1_27' title="bbox 338 2048 1719 2108; baseline 0.004 -18"><span class='ocrx_word' id='word_1_224' title='bbox 338 2048 425 2102; x_wconf 78' lang='lat' dir='ltr'>nia,</span> <span class='ocrx_word' id='word_1_225' title='bbox 452 2056 501 2091; x_wconf 91' lang='lat' dir='ltr'>ut</span> <span class='ocrx_word' id='word_1_226' title='bbox 524 2049 614 2107; x_wconf 89' lang='lat' dir='ltr'>jam</span> <span class='ocrx_word' id='word_1_227' title='bbox 643 2048 775 2092; x_wconf 89' lang='lat' dir='ltr'>latere</span> <span class='ocrx_word' id='word_1_228' title='bbox 806 2057 932 2108; x_wconf 91' lang='lat' dir='ltr'>turpe</span> <span class='ocrx_word' id='word_1_229' title='bbox 967 2050 1263 2095; x_wconf 87' lang='lat' dir='ltr'>arbitraretur.</span> <span class='ocrx_word' id='word_1_230' title='bbox 1298 2054 1408 2095; x_wconf 90' lang='lat' dir='ltr'>Tum</span> <span class='ocrx_word' id='word_1_231' title='bbox 1437 2050 1642 2106; x_wconf 90' lang='lat' dir='ltr'>domum,</span> <span class='ocrx_word' id='word_1_232' title='bbox 1674 2053 1719 2096; x_wconf 91' lang='lat' dir='ltr'>in</span> 
     </span>
     <span class='ocr_line' id='line_1_28' title="bbox 337 2118 1719 2180; baseline 0.004 -20"><span class='ocrx_word' id='word_1_233' title='bbox 337 2133 423 2176; x_wconf 89' lang='lat' dir='ltr'>qua</span> <span class='ocrx_word' id='word_1_234' title='bbox 447 2132 548 2161; x_wconf 91' lang='lat' dir='ltr'>cum</span> <span class='ocrx_word' id='word_1_235' title='bbox 567 2118 652 2162; x_wconf 90' lang='lat' dir='ltr'>suis</span> <span class='ocrx_word' id='word_1_236' title='bbox 675 2133 718 2162; x_wconf 88' lang='lat' dir='ltr'>se</span> <span class='ocrx_word' id='word_1_237' title='bbox 736 2118 950 2163; x_wconf 89' lang='lat' dir='ltr'>Possidius</span> <span class='ocrx_word' id='word_1_238' title='bbox 969 2119 1215 2175; x_wconf 89' lang='lat' dir='ltr'>incluserat,</span> <span class='ocrx_word' id='word_1_239' title='bbox 1241 2121 1378 2179; x_wconf 90' lang='lat' dir='ltr'>sepire</span> <span class='ocrx_word' id='word_1_240' title='bbox 1394 2125 1568 2166; x_wconf 87' lang='lat' dir='ltr'>armatis</span> <span class='ocrx_word' id='word_1_241' title='bbox 1583 2156 1594 2176; x_wconf 97' lang='lat'>,</span> <span class='ocrx_word' id='word_1_242' title='bbox 1613 2121 1719 2180; x_wconf 89' lang='lat' dir='ltr'>lapi-</span> 
     </span>
     <span class='ocr_line' id='line_1_29' title="bbox 336 2187 1719 2244; baseline 0.004 -15"><span class='ocrx_word' id='word_1_243' title='bbox 336 2187 465 2230; x_wconf 89' lang='lat' dir='ltr'>dibus</span> <span class='ocrx_word' id='word_1_244' title='bbox 487 2187 838 2233; x_wconf 85' lang='lat' dir='ltr'>circumtundere</span> <span class='ocrx_word' id='word_1_245' title='bbox 853 2224 864 2244; x_wconf 93' lang='lat'>,</span> <span class='ocrx_word' id='word_1_246' title='bbox 895 2191 1058 2234; x_wconf 88' lang='lat' dir='ltr'>ambire</span> <span class='ocrx_word' id='word_1_247' title='bbox 1092 2191 1276 2234; x_wconf 88' lang='lat' dir='ltr'>flammis</span> <span class='ocrx_word' id='word_1_248' title='bbox 1291 2225 1301 2244; x_wconf 96' lang='lat'>,</span> <span class='ocrx_word' id='word_1_249' title='bbox 1335 2190 1502 2235; x_wconf 90' lang='lat' dir='ltr'>aditum</span> <span class='ocrx_word' id='word_1_250' title='bbox 1525 2206 1574 2235; x_wconf 83' lang='lat' dir='ltr'>ex</span> <span class='ocrx_word' id='word_1_251' title='bbox 1600 2192 1719 2236; x_wconf 88' lang='lat' dir='ltr'>omni</span> 
     </span>
     <span class='ocr_line' id='line_1_30' title="bbox 338 2256 1712 2317; baseline 0.004 -17"><span class='ocrx_word' id='word_1_252' title='bbox 338 2266 457 2315; x_wconf 88' lang='lat' dir='ltr'>parte</span> <span class='ocrx_word' id='word_1_253' title='bbox 488 2256 645 2301; x_wconf 90' lang='lat' dir='ltr'>moliri.</span> <span class='ocrx_word' id='word_1_254' title='bbox 685 2261 792 2311; x_wconf 87' lang='lat' dir='ltr'>Quae</span> <span class='ocrx_word' id='word_1_255' title='bbox 823 2273 926 2304; x_wconf 73' lang='lat' dir='ltr'>vero</span> <span class='ocrx_word' id='word_1_256' title='bbox 965 2260 1112 2303; x_wconf 86' lang='lat' dir='ltr'>aderat</span> <span class='ocrx_word' id='word_1_257' title='bbox 1140 2259 1424 2304; x_wconf 87' lang='lat' dir='ltr'>incolentium</span> <span class='ocrx_word' id='word_1_258' title='bbox 1460 2260 1712 2317; x_wconf 89' lang='lat' dir='ltr'>multitudo,</span> 
     </span>
     <span class='ocr_line' id='line_1_31' title="bbox 336 2328 1715 2390; baseline 0.004 -20"><span class='ocrx_word' id='word_1_259' title='bbox 336 2342 501 2372; x_wconf 89' lang='lat' dir='ltr'>memor</span> <span class='ocrx_word' id='word_1_260' title='bbox 522 2328 702 2386; x_wconf 87' lang='lat' dir='ltr'>periculi</span> <span class='ocrx_word' id='word_1_261' title='bbox 725 2329 816 2383; x_wconf 90' lang='lat' dir='ltr'>sui,</span> <span class='ocrx_word' id='word_1_262' title='bbox 841 2330 875 2374; x_wconf 92' lang='lat' dir='ltr'>si</span> <span class='ocrx_word' id='word_1_263' title='bbox 898 2329 944 2373; x_wconf 91' lang='lat' dir='ltr'>in</span> <span class='ocrx_word' id='word_1_264' title='bbox 966 2344 1016 2374; x_wconf 91' lang='lat' dir='ltr'>eo</span> <span class='ocrx_word' id='word_1_265' title='bbox 1038 2328 1134 2375; x_wconf 92' lang='lat' dir='ltr'>loco</span> <span class='ocrx_word' id='word_1_266' title='bbox 1150 2346 1395 2390; x_wconf 83' lang='lat' dir='ltr'>aggressum</span> <span class='ocrx_word' id='word_1_267' title='bbox 1420 2340 1591 2376; x_wconf 89' lang='lat' dir='ltr'>tantum</span> <span class='ocrx_word' id='word_1_268' title='bbox 1606 2331 1715 2377; x_wconf 88' lang='lat' dir='ltr'>faci-</span> 
     </span>
     <span class='ocr_line' id='line_1_32' title="bbox 338 2398 1711 2462; baseline 0.004 -21"><span class='ocrx_word' id='word_1_269' title='bbox 338 2414 418 2442; x_wconf 91' lang='lat' dir='ltr'>nus</span> <span class='ocrx_word' id='word_1_270' title='bbox 444 2398 712 2458; x_wconf 89' lang='lat' dir='ltr'>impleretur,</span> <span class='ocrx_word' id='word_1_271' title='bbox 738 2401 894 2460; x_wconf 89' lang='lat' dir='ltr'>partim</span> <span class='ocrx_word' id='word_1_272' title='bbox 925 2400 1049 2445; x_wconf 89' lang='lat' dir='ltr'>illum</span> <span class='ocrx_word' id='word_1_273' title='bbox 1082 2401 1397 2460; x_wconf 87' lang='lat' dir='ltr'>deprecabatur</span> <span class='ocrx_word' id='word_1_274' title='bbox 1426 2412 1476 2448; x_wconf 89' lang='lat' dir='ltr'>ut</span> <span class='ocrx_word' id='word_1_275' title='bbox 1501 2413 1711 2462; x_wconf 88' lang='lat' dir='ltr'>parceret,</span> 
     </span>
    </p>
   </div>
   <div class='ocr_carea' id='block_1_3' title="bbox 337 2469 1715 2593">
    <p class='ocr_par' dir='ltr' id='par_1_3' title="bbox 337 2469 1715 2593">
     <span class='ocr_line' id='line_1_33' title="bbox 337 2469 1715 2532; baseline 0.004 -22"><span class='ocrx_word' id='word_1_276' title='bbox 337 2483 467 2526; x_wconf 89' lang='lat' dir='ltr'>quem</span> <span class='ocrx_word' id='word_1_277' title='bbox 487 2469 723 2515; x_wconf 90' lang='lat' dir='ltr'>resistendo</span> <span class='ocrx_word' id='word_1_278' title='bbox 741 2485 829 2515; x_wconf 89' lang='lat' dir='ltr'>non</span> <span class='ocrx_word' id='word_1_279' title='bbox 845 2469 1034 2516; x_wconf 87' lang='lat' dir='ltr'>audebat</span> <span class='ocrx_word' id='word_1_280' title='bbox 1051 2470 1289 2528; x_wconf 82' lang='lat' dir='ltr'>offendere,</span> <span class='ocrx_word' id='word_1_281' title='bbox 1307 2473 1466 2532; x_wconf 89' lang='lat' dir='ltr'>partim</span> <span class='ocrx_word' id='word_1_282' title='bbox 1480 2488 1581 2518; x_wconf 90' lang='lat' dir='ltr'>vero</span> <span class='ocrx_word' id='word_1_283' title='bbox 1595 2474 1715 2531; x_wconf 76' lang='lat' dir='ltr'>ignes</span> 
     </span>
     <span class='ocr_line' id='line_1_34' title="bbox 386 2551 625 2593; baseline 0.017 -12"><span class='ocrx_word' id='word_1_284' title='bbox 386 2558 393 2571; x_wconf 92' lang='lat'>¹</span> <span class='ocrx_word' id='word_1_285' title='bbox 418 2551 499 2584; x_wconf 74' lang='lat' dir='ltr'>Psal.</span> <span class='ocrx_word' id='word_1_286' title='bbox 521 2563 550 2593; x_wconf 82' lang='lat' dir='ltr'>L,</span> <span class='ocrx_word' id='word_1_287' title='bbox 575 2554 625 2587; x_wconf 82' lang='lat'>15.</span> 
     </span>
    </p>
   </div>
   <div class='ocr_carea' id='block_1_4' title="bbox 1803 2297 1810 2488">
    <p class='ocr_par' dir='ltr' id='par_1_4' title="bbox 1803 2297 1810 2488">
     <span class='ocr_line' id='line_1_35' title="bbox 1803 2297 1810 2488; baseline 0 776"><span class='ocrx_word' id='word_1_288' title='bbox 1803 2297 1810 2488; x_wconf 95' lang='lat' dir='ltr'> </span> 
     </span>
    </p>
   </div>
   <div class='ocr_carea' id='block_1_5' title="bbox 1806 2498 1814 2736">
    <p class='ocr_par' dir='ltr' id='par_1_5' title="bbox 1806 2498 1815 2776">
     <span class='ocr_line' id='line_1_36' title="bbox 1806 2498 1814 2736; baseline 0 0"><span class='ocrx_word' id='word_1_289' title='bbox 1806 2498 1814 2736; x_wconf 70' lang='grc' dir='ltr'>ἱ</span> 
     </span>
    </p>
   </div>
   <div class='ocr_carea' id='block_1_6' title="bbox 1815 3074 1825 3264">
    <p class='ocr_par' dir='ltr' id='par_1_6' title="bbox 1815 3074 1825 3264">
     <span class='ocr_line' id='line_1_37' title="bbox 1815 3074 1820 3202; baseline -0.6 1"><span class='ocrx_word' id='word_1_290' title='bbox 1815 3074 1820 3202; x_wconf 64' lang='grc' dir='ltr'>ἰ</span> 
     </span>
     <span class='ocr_line' id='line_1_38' title="bbox 1817 3206 1825 3264; baseline 0 0"><span class='ocrx_word' id='word_1_291' title='bbox 1817 3206 1825 3264; x_wconf 66' lang='lat' dir='ltr'>i</span> 
     </span>
    </p>
   </div>
  </div>
 </body>
</html>
