1825 3264
278 287 360 327 538
801 296 1138 326 Annon-nonus.

276 364 441 418 voluit,
471 353 548 407 ,sed
582 360 799 407 codicum
834 359 1205 419 tradendorum,
1241 378 1293 408 ex
1331 364 1576 424 Augustino
1611 365 1657 410 in

276 437 362 478 fine
379 434 528 494 capitis
551 433 835 493 praecedentis
856 432 1285 491 intelliges.Cessavit
1297 435 1391 480 haec
1414 436 1658 495 persecutio

276 505 505 552 consulatu
520 503 774 550 Diocletiani
801 522 847 548 ix
868 513 911 549 et
927 504 1176 549 Maximiani
1195 523 1289 550 v111.

671 679 927 721 ΑΝΕΟΤΑΤΙΟ
948 677 1013 734 (3)
1033 689 1129 735 pag.
1156 679 1257 720 406.

335 837 538 895 Optatus,
562 834 638 879 lib.
663 853 693 878 1.
706 833 763 880 N
762 850 822 879 on
835 843 944 894 post
961 833 1155 897 longam
1175 844 1374 894 tempas,
1395 832 1539 879 iidem
1556 836 1663 896 ipsi,

277 910 294 964 (
316 907 393 966 qui
407 905 594 950 Cirtensi
612 905 796 949 concilio
814 903 1137 962 interfuerant)
1160 914 1226 949 tot
1250 914 1295 949 et
1313 903 1434 949 tales
1451 904 1522 949 acl
1540 905 1665 950 Car-

281 976 531 1039 thaginem
554 976 767 1038 profecti
799 975 1056 1020 traditores
1072 1011 1088 1031 ,
1116 976 1360 1037 conjurati
1386 974 1638 1022 lzomieidae
1650 1014 1665 1034 ,

280 1045 581 1109 sslajorimcm
598 1048 605 1050 ”
612 1055 723 1105 post
744 1043 1097 1090 ordinationem
1131 1044 1386 1090 Cceeiliani
1414 1045 1669 1093 ordinave-

281 1126 391 1163 rant
406 1152 421 1172 ,
446 1115 657 1161 schisma
671 1116 938 1179 facientes.
971 1115 1024 1160 Id
1060 1131 1174 1161 anno
1196 1115 1361 1161 factum
1383 1117 1542 1162 Christi
1566 1123 1668 1177 311,

283 1203 373 1234 non
399 1196 514 1232 ante.
539 1190 650 1234 Nam
672 1187 893 1233 Caeciliani
913 1187 1232 1232 ordinationem
1256 1188 1382 1248 ponit
1401 1188 1515 1232 idem
1536 1189 1673 1249 Opta-

282 1270 350 1304 tus
372 1269 470 1319 post
490 1258 810 1318 indulgentiam
833 1259 1004 1302 missam
1020 1259 1273 1303 aMaxentio
1290 1259 1336 1303 in
1358 1257 1565 1315 Africam,
1584 1275 1674 1320 qua

281 1330 534 1377 Christianis
556 1329 732 1374 libertas
753 1338 820 1374 est
836 1329 1048 1374 restituta.
1074 1332 1132 1374 At
1153 1330 1398 1375 Maxentius
1422 1327 1567 1375 Africa
1587 1345 1672 1390 po·-

283 1402 353 1446 tiri
374 1401 509 1461 coepit
531 1400 703 1446 devicto
719 1400 965 1445 Alexandro
990 1409 1173 1458 tyranno
1199 1421 1210 1458 3
1233 1399 1429 1445 devictus
1442 1408 1588 1445 autem
1606 1409 1671 1446 est

282 1473 527 1517 Alexander
547 1480 644 1532 post
664 1472 797 1532 ipsius
815 1507 826 1527 ‚
851 1480 960 1516 teste
978 1471 1150 1516 Zosimo
1167 1506 1179 1527 ,
1204 1471 1455 1517 Maximiani
1477 1469 1672 1517 Herculii

283 1544 472 1601 obitum,
497 1544 574 1603 qui
595 1558 711 1589 anno
734 1548 819 1588 310
840 1542 1037 1601 contigit.

700 1717 956 1759 Anno-nno
974 1715 1040 1772 (4)
1061 1727 1159 1773 pag.
1185 1710 1300 1758 ibid.

347 1875 560 1933 Sylvanus
586 1890 610 1919 a
635 1873 836 1919 Secundo
873 1873 1109 1932 Tigisitano
1136 1873 1363 1933 episcopus
1390 1873 1523 1918 Cirtae
1551 1873 1672 1917 ordi-

286 1955 412 1990 natus
429 1946 514 1991 fuit
534 1947 579 1991 in
599 1943 784 1991 concilio
807 1959 936 2003 supra
953 1944 1100 1989 citato.
1125 1942 1290 1990 Confer
1307 1942 1535 2003 epistolam
1555 1946 1670 2003 Aug.

287 2035 380 2073 L111,
405 2034 448 2062 n.
476 2023 518 2062 4.

687 2184 943 2226 Annorum
971 2181 1034 2237 (5)
1063 2193 1164 2240 pag.
1191 2182 1291 2223 408.

351 2341 599 2401 Legebatur
610 2342 698 2396 hic,
719 2340 1003 2385 Constantio
1020 2337 1247 2383 Maximo
1268 2336 1493 2398 Augusto
1509 2349 1520 2377 .·
1539 2334 1680 2378 Cons-

294 2413 481 2457 tantium
502 2412 715 2458 Chlorum
733 2410 1067 2469 intelligendum
1083 2417 1210 2469 putat
1226 2404 1451 2459 Baroniu8‚
1470 2405 1681 2450 Constan-

295 2483 373 2528 tini
395 2493 561 2542 patrem
579 2518 590 2538 ‚
616 2497 732 2527 anno
754 2482 911 2527 Christi
933 2486 1018 2525 306
1036 2479 1316 2525 demortuum
1336 2497 1348 2535 3
1372 2485 1416 2521 et
1439 2474 1682 2520 Constan-

297 2554 383 2597 tini
406 2553 616 2614 junioris
649 2553 826 2597 nomine
860 2553 1001 2612 ipsum
1040 2550 1178 2594 filium
1208 2551 1302 2610 ejus
1325 2545 1676 2594 Constantinum.

295 2628 457 2670 Verum
486 2638 700 2683 nusquam
728 2623 773 2667 in
796 2622 933 2681 fastisss
948 2620 1246 2668 consularibus
1276 2619 1525 2678 junguntur
1551 2612 1678 2661 simul
