1825 3264
333 247 416 286 386
762 254 795 281 s,
831 253 1060 283 AUGUSTHU
1094 248 1276 282 muscopr

330 338 409 382 pro
429 336 500 376 ea,
523 318 741 364 mundans
761 334 856 363 eam
873 319 1046 364 lavacro
1059 334 1184 378 aquae
1200 319 1246 363 in
1262 318 1394 363 verbo
1408 320 1441 373 ²,
1459 317 1623 363 faciens
1634 333 1713 362 nos

328 401 466 436 certos
487 390 543 435 de
556 390 682 435 bonis
701 390 802 444 suis,
819 404 874 434 ne
895 389 1020 434 malis
1037 389 1290 434 vitiaremur
1302 387 1464 432 alienis.
1484 390 1594 434 Nam
1610 402 1713 432 ecce

327 477 427 506 cum
455 461 652 505 minister
671 460 848 520 iniquus
866 459 1064 505 occultus
1088 468 1178 514 est,
1206 474 1231 504 a
1262 473 1352 519 quo
1381 467 1527 503 tamen
1559 457 1714 503 datum

327 532 591 591 baptismum
610 546 701 575 non
723 529 929 575 rescindis
944 551 954 588 3
974 544 1123 574 nonne
1139 529 1285 574 omnia
1303 529 1384 573 tibi
1400 529 1532 574 verba
1546 537 1622 573 tua
1634 528 1714 572 ista

327 601 526 662 replicari
548 610 753 661 possunt,
778 602 881 662 quia
905 610 949 646 et
981 601 1182 660 purificat
1212 599 1484 653 maculosus,
1508 608 1553 644 et
1576 598 1717 644 abluit

326 672 528 717 sordidus
544 707 556 727 ,
588 682 631 716 et
657 672 867 717 emundat
893 673 1165 728 immundus,
1190 681 1233 716 et
1257 670 1333 716 dat
1354 669 1542 715 infidelis
1564 668 1713 725 fidem,

327 752 371 787 et
392 743 649 788 criminosus
663 742 796 786 efficit
819 743 1124 787 innocentem?
1151 761 1171 784 «
1194 744 1309 798 Non,
1329 741 1490 801 inquis,
1509 740 1616 800 ipse,
1641 738 1717 784 sed

325 812 441 857 fama
462 813 553 872 ejus
570 814 687 857 bona
709 812 908 871 quamvis
926 812 1067 857 inanis
1086 822 1129 856 et
1148 811 1270 857 falsa.
1293 830 1314 853 »
1336 813 1449 856 Hinc
1471 825 1562 855 non
1583 809 1646 855 vis
1667 817 1718 854 ut

324 898 405 941 ego
423 882 676 938 exclamem,
697 884 735 927 Ο
756 882 895 927 scelus
911 917 921 937 ,
954 898 980 927 o
1002 892 1280 942 portentum,
1305 897 1396 926 non
1416 882 1528 926 sicut
1546 881 1604 924 ait
1618 879 1718 938 qui-

326 953 425 996 dam
467 954 511 996 in
550 953 724 997 ultimas
762 963 897 998 terras
932 952 1252 1012 exportandum
1268 987 1279 1006 ,
1315 950 1390 996 sed
1424 951 1571 1010 potius
1599 959 1718 994 extra

325 1038 454 1067 omne
477 1023 641 1067 coelum
663 1033 706 1068 et
727 1034 877 1077 terras,
897 1023 931 1067 si
953 1024 1046 1067 fieri
1069 1023 1202 1082 possit
1223 1020 1530 1080 abigendum2.
1556 1023 1655 1066 Non
1675 1029 1718 1064 te

325 1093 465 1151 ipsum
483 1094 597 1147 dico,
613 1108 746 1153 quem
760 1102 1005 1137 correctum
1016 1092 1116 1138 volo
1128 1113 1139 1150 3
1153 1092 1228 1136 sed
1238 1093 1357 1136 hunc
1369 1106 1577 1145 errorem,
1593 1105 1617 1134 a
1628 1105 1718 1150 quo

326 1172 369 1207 te
382 1163 537 1221 corrigi
552 1164 696 1223 cupio.
720 1166 870 1207 Ita-ne
888 1163 944 1207 ad
957 1163 1264 1208 mundandum
1280 1163 1522 1217 hominem,
1538 1161 1717 1221 quando

328 1232 433 1276 boni
456 1234 641 1277 ministri
668 1233 857 1278 defuerit
880 1249 981 1278 vera
1009 1234 1096 1278 vita
1111 1268 1121 1288 ‚
1149 1243 1255 1278 tunc
1282 1232 1384 1277 mali
1407 1232 1591 1276 ministri
1610 1230 1718 1275 falsa

327 1303 489 1347 suflicit
510 1303 641 1359 fama,
657 1320 756 1364 quae
776 1305 860 1348 hoc
877 1305 1038 1349 efficiat
1051 1304 1171 1364 quod
1193 1304 1386 1348 efficeret
1402 1304 1517 1348 bona
1538 1303 1643 1356 vita,
1669 1310 1719 1346 ut

329 1373 383 1417 ad
405 1373 627 1417 hominem
644 1374 1003 1418 sanctificandum
1028 1373 1207 1433 quando
1228 1373 1414 1417 ministri
1435 1373 1542 1418 latet
1561 1371 1719 1432 iniqui·

328 1454 409 1499 tas,
430 1444 625 1488 ministra
644 1448 731 1489 Deo
748 1444 906 1490 militet
921 1444 1111 1490 falsitas?
1131 1448 1224 1490 Hoc
1242 1454 1382 1490 totum
1399 1444 1518 1499 ideo,
1537 1460 1593 1488 ue
1607 1443 1718 1488 dica-

330 1515 384 1558 tis
403 1515 525 1574 quod
552 1514 766 1572 dicimus,
794 1516 891 1561 Sive
912 1531 936 1560 a
957 1515 1093 1571 fideli,
1122 1516 1210 1560 sive
1242 1532 1266 1560 a
1296 1514 1463 1575 perfido
1495 1515 1719 1574 dispensa-

330 1594 423 1629 tore
445 1595 764 1630 sacramentum
787 1586 973 1646 quisque
1006 1586 1217 1647 percipiat
1233 1621 1245 1642 ,
1272 1601 1363 1632 non
1382 1586 1624 1631 sanctificat
1638 1585 1719 1630 nisi

334 1657 465 1698 Deus.

391 1727 465 1769 VI.
502 1727 668 1770 Deinde
689 1742 1002 1772 commemoras
1033 1728 1165 1773 verba
1193 1744 1304 1781 mea,
1329 1726 1450 1787 quod
1472 1726 1679 1771 dixerim³
1707 1743 1718 1771 ι

340 1814 359 1836 «
384 1798 562 1855 Semper
574 1797 768 1841 Christus
783 1796 856 1840 det
874 1797 1022 1852 fidem,
1043 1798 1243 1843 Christus
1261 1798 1315 1842 sit
1332 1797 1716 1854 origoChristiani,

332 1865 379 1908 in
401 1866 574 1910 Christo
603 1866 791 1910 radicem
825 1868 1093 1912 Christianus
1131 1869 1309 1927 infigat,
1341 1867 1537 1912 Christus
1572 1867 1720 1912 Chris-

335 1935 439 1979 tiani
456 1936 510 1980 sit
533 1945 679 1995 caput.
701 1955 720 1978 »
748 1937 841 1981 Dixi
869 1937 1015 1996 plane,
1037 1946 1081 1982 et
1100 1938 1199 1983 dico
1226 1957 1235 1984 ι
1260 1953 1341 1982 nec
1364 1946 1412 1981 tu
1432 1937 1611 1982 omnino
1632 1952 1721 1981 res-

335 2005 527 2065 pondere
549 2008 744 2066 potuisti.
783 2009 950 2053 Videris
985 2009 1102 2053 enim
1140 2012 1264 2069 quasi
1293 2010 1570 2055 succubuisse
1598 2018 1720 2054 tanto

334 2077 518 2135 ponderi
532 2078 736 2133 veritatis,
756 2094 856 2123 cum
878 2079 1099 2140 subjecisti
1120 2098 1130 2125 :
1154 2099 1175 2123 «
1197 2083 1290 2126 Hoc
1308 2091 1351 2126 et
1370 2097 1448 2125 nos
1469 2079 1717 2134 suademus,

335 2147 418 2191 hoc
440 2147 653 2192 volumus.
687 2169 703 2190 »
732 2148 896 2193 Deinde
924 2165 1070 2195 rursus
1094 2153 1301 2211 supponis
1324 2153 1546 2196 hominem
1569 2151 1616 2195 in
1632 2165 1721 2211 quo

334 2231 453 2275 spem
468 2217 704 2262 constituat
725 2227 981 2277 accepturus
999 2239 1009 2265 :
1034 2239 1055 2263 «
1074 2221 1159 2265 Sed
1180 2222 1432 2281 quaerimus,
1456 2221 1618 2280 inquis,
1643 2235 1721 2279 per

334 2302 467 2345 quem
488 2287 572 2331 hoc
590 2287 743 2331 melius
760 2288 862 2332 siat?
883 2308 901 2331 »
921 2291 978 2333 Et
994 2291 1097 2349 quia
1118 2292 1209 2334 sine
1232 2291 1430 2335 ministro
1453 2305 1531 2334 nec
1553 2306 1631 2334 nos
1652 2289 1720 2334 di·

334 2357 471 2402 cimus
501 2373 621 2417 posse
645 2359 870 2403 hominem
894 2359 1127 2418 baptizari,
1151 2362 1309 2420 quaeris
1332 2377 1356 2405 a
1379 2376 1465 2415 me,
1489 2370 1718 2405 utrum-ne

335 2428 489 2472 melius
510 2430 693 2487 injustus
715 2430 769 2474 sit
787 2430 997 2486 minister,
1019 2447 1074 2475 an
1084 2433 1256 2491 justus?
1276 2433 1359 2477 Ubi
1382 2431 1639 2491 respondeo,
1661 2431 1717 2476 ad

383 2536 389 2550 ¹
414 2529 528 2571 [phos.
556 2543 587 2571 v,
608 2531 662 2564 25.
681 2549 720 2555 —
739 2538 750 2555 ²
767 2533 871 2566 Cicer.
885 2535 959 2567 Act.
979 2545 992 2567 1
1008 2533 1040 2567 in
1058 2535 1200 2568 Verrem.
1215 2549 1256 2559 --
1273 2533 1286 2559 3
1303 2534 1382 2568 Vide
1398 2533 1456 2568 lib.
1475 2545 1513 2577 11,
1529 2537 1641 2568 contra
1658 2535 1717 2567 Pe-

335 2583 489 2626 stilianum,
508 2585 580 2627 οἵη».
601 2586 632 2617 5.
