1825 3264
368 210 415 244 18
664 243 666 246 ,
788 214 820 240 3.
859 216 1087 242 Accusnm
1125 215 1300 241 eviscovi

359 281 613 326 maledicere
630 295 717 323 non
736 280 968 340 quiescitis,
988 280 1033 323 in
1055 279 1174 324 vobis
1192 294 1294 323 vera
1314 276 1555 331 ostenditis,
1573 291 1673 336 quae
1687 275 1742 320 de

360 351 434 396 illo
457 351 559 394 falsa
577 350 764 409 jactatis.

418 424 627 467 XXXIII.
661 423 795 464 Porro
822 420 856 464 si
885 435 963 464 nos
985 419 1166 464 velimus
1193 418 1377 478 probare
1396 433 1471 462 vos
1494 432 1584 462 esse
1608 417 1744 460 inter-

356 494 538 538 fectores
567 491 897 549 Prophetarum,
927 490 1051 533 nimis
1079 487 1260 547 longum
1289 488 1344 532 sit
1371 497 1419 532 ut
1441 502 1517 547 per
1537 486 1634 532 loca
1651 486 1742 530 sin-

356 563 455 622 gula
481 561 757 620 colligamus,
783 576 889 620 quas
916 560 1065 604 furiosi
1087 560 1217 603 vestri
1243 558 1459 618 principes
1479 556 1741 603 Circumcel-
1761 582 1772 592 ·

354 635 522 678 lionum
554 642 595 676 et
619 633 721 691 ipsae
750 641 934 676 catervae
957 630 1280 675 vinolentorum
1310 639 1442 690 atque
1468 629 1736 684 insanorum,

356 720 443 748 non
474 712 643 747 tantum
672 702 888 746 ediderint
911 702 966 745 ab
991 701 1114 745 initio
1139 700 1378 745 schismatis
1415 699 1561 755 vestri,
1591 699 1668 744 sed
1696 707 1741 744 et

356 775 534 818 omnino
567 773 694 817 edere
729 788 816 817 non
831 772 1034 816 desistant
1070 781 1244 829 strages.
1282 774 1344 814 De
1379 770 1576 829 proximo
1614 785 1696 828 ago
1727 789 1736 814 :

355 843 631 903 proferantur
673 843 842 903 eloquia
878 843 1048 897 divina,
1077 858 1175 902 quae
1203 849 1430 886 versantur
1457 841 1503 884 in
1539 839 1740 884 manibus

357 925 399 958 ct
434 915 586 958 nostris
615 923 657 958 et
689 915 838 958 vestris
877 934 886 958 :
916 929 986 957 eos
1028 923 1250 957 teneamus
1292 909 1592 956 interfectores
1634 913 1740 955 Pro-

354 985 599 1043 phetarum,
622 1000 730 1045 quos
747 983 1084 1029 contradictores
1102 983 1393 1027 invenerimus
1424 981 1584 1041 linguis
1626 985 1735 1026 Pro-

353 1056 598 1114 phetarum.
629 1056 743 1108 Quid
775 1055 945 1099 doctius
975 1054 1060 1099 dici
1086 1063 1243 1114 potest,
1271 1052 1381 1113 quid
1407 1053 1533 1097 citius
1564 1052 1735 1097 ostendi

353 1129 532 1184 potest?
564 1127 714 1170 Mitius
755 1127 935 1185 ageretis
971 1126 1222 1185 trajiciendo
1254 1124 1419 1168 ferrum
1459 1139 1535 1183 per
1574 1123 1737 1168 viscera

354 1197 685 1254 Prophetarum,
719 1212 849 1255 quam
892 1195 1011 1256 quod
1055 1195 1206 1254 lingua
1232 1195 1476 1238 interficere
1518 1192 1738 1238 conamini

351 1266 482 1308 verba
501 1267 831 1323 Prophetarum.
861 1266 974 1309 Dicit
997 1266 1212 1324 Propheta
1237 1285 1245 1310 ι
1273 1284 1293 1308 «
1318 1264 1739 1310 Commemorabun-

352 1352 371 1374 »
400 1344 470 1377 tur
488 1343 530 1377 et
545 1344 858 1378 convertentur
873 1335 928 1379 ad
947 1335 1176 1379 Dominum
1192 1335 1380 1379 universi
1397 1335 1505 1378 fines
1527 1336 1693 1378 terrae1.
1713 1352 1733 1375 η

352 1406 464 1447 Ecce
487 1406 643 1462 agitur,
673 1420 770 1449 ecce
794 1404 1012 1463 impletur.
1037 1407 1123 1449 Vos
1143 1414 1289 1449 autem
1311 1421 1401 1449 non
1422 1403 1563 1449 solum
1586 1413 1738 1449 contra

351 1473 393 1517 id
432 1476 551 1533 quod
588 1474 762 1530 dicitur,
803 1492 925 1520 aures
960 1476 1204 1520 incredulas
1238 1476 1440 1521 clauditis
1466 1496 1478 1532 ;
1508 1475 1580 1520 sed
1607 1476 1737 1520 etiam

350 1553 499 1588 contra
517 1545 560 1588 id
579 1545 698 1604 qnod
710 1546 798 1605 jam
823 1547 1001 1604 geritur,
1026 1546 1195 1605 linguas
1223 1546 1403 1591 furiosas
1425 1547 1608 1591 exeritis.
1646 1550 1737 1590 Au-

347 1612 454 1656 divit
477 1616 695 1658 Abraham
718 1616 885 1659 dictum
904 1636 911 1660 :
937 1636 957 1658 «
978 1619 1026 1660 In
1038 1619 1201 1661 semine
1219 1626 1292 1662 tuo
1310 1617 1628 1661 benedicentur
1645 1631 1736 1661 om-

353 1700 372 1722 »
400 1697 473 1726 nes
497 1695 644 1741 gentes
671 1704 678 1727 :
705 1695 747 1728 et
769 1686 974 1741 credidit,
1001 1695 1043 1730 et
1068 1686 1326 1746 deputatum
1352 1696 1416 1731 est
1446 1685 1510 1730 illi
1532 1686 1734 1747 adjusti-

353 1770 371 1791 »
400 1753 499 1795 tiam
521 1757 552 1795 ².
582 1773 601 1794 «
628 1756 712 1798 Vos
731 1755 881 1799 videtis
899 1756 1077 1812 facturn,
1099 1767 1140 1801 et
1158 1757 1421 1814 reclamatis,
1438 1766 1483 1802 et
1498 1773 1587 1801 non
1601 1756 1733 1802 vultis

346 1821 545 1881 deputari
584 1826 704 1869 vobis
739 1825 793 1869 ad
827 1827 1106 1885 injustitiam,
1138 1828 1257 1889 quod
1289 1838 1405 1873 recte
1426 1829 1728 1888 deputaretur,

346 1892 474 1935 etiam
504 1893 536 1936 si
570 1894 764 1938 nondum
800 1896 987 1951 factum,
1021 1897 1097 1942 sed
1125 1897 1432 1943 tantummodo
1452 1898 1620 1942 dictum
1643 1913 1732 1942 non

344 1962 586 2007 crederetis.
618 1968 709 2008 Imo
738 1981 826 2009 non
863 1967 1004 2011 solum
1040 1984 1128 2012 non
1149 1968 1278 2013 vultis
1309 1969 1433 2014 vobis
1456 1969 1657 2028 deputari
1675 1967 1732 2013 ad

341 2030 591 2089 injustitiam
619 2052 628 2078 2
653 2034 727 2077 sed
745 2036 874 2079 etiam
898 2037 930 2080 si
951 2038 1059 2097 quid
1081 2053 1158 2097 pro
1180 2039 1497 2098 hacimpietate
1512 2038 1727 2098 patimini,

340 2100 539 2160 deputari
575 2105 696 2148 vobis
727 2107 858 2151 vultis
893 2109 947 2152 ad
971 2110 1199 2169 justitiam.
1234 2114 1323 2155 Aut
1346 2110 1379 2154 si
1402 2126 1492 2155 non
1512 2119 1617 2154 sunt
1636 2110 1729 2154 istae

341 2174 657 2228 persecutiones
698 2179 1039 2237 Prophetarum,
1075 2181 1177 2240 quia
1213 2197 1301 2226 non
1334 2181 1448 2225 fiunt
1471 2180 1614 2235 ferro,
1652 2179 1728 2225 sed

338 2244 470 2287 verbo
495 2264 501 2288 ;
533 2262 631 2304 quae
661 2246 742 2292 fuit
764 2265 890 2294 causa
911 2286 922 2305 ,
974 2261 1023 2295 ut
1056 2251 1265 2296 divinitus
1291 2251 1538 2296 diceretur:
1569 2271 1589 2294 «
1626 2250 1727 2295 Filii

340 2331 358 2353 »
383 2313 626 2370 hominum,
659 2316 808 2362 dentes
843 2335 994 2365 corum
1033 2337 1150 2366 arma
1193 2332 1236 2366 et
1273 2322 1455 2380 sagittae,
1494 2333 1538 2367 et
1575 2321 1724 2380 lingua

336 2400 353 2421 »
382 2399 531 2427 eorum
555 2384 723 2444 gladius
746 2399 898 2434 acutus
912 2392 959 2435 3?
985 2411 1003 2432 »
1024 2393 1108 2437 Sed
1126 2392 1303 2452 quando
1321 2392 1526 2452 colligam
1544 2407 1596 2436 ex
1612 2395 1720 2437 Pro·

332 2452 470 2507 phetis
487 2456 690 2501 omuibus
709 2459 853 2503 omnia
876 2462 1122 2506 testimonia
1150 2461 1355 2507 Ecclesiae
1379 2472 1473 2508 toto
1497 2463 1604 2507 orbe
1631 2461 1718 2506 dirt—

386 2535 390 2551 ²
418 2543 422 2556 ¹
445 2538 520 2569 Psal.
542 2549 604 2575 xxi,
622 2544 673 2573 28.
692 2559 731 2564 ——
748 2549 759 2564 ²
779 2546 857 2576 Gen.
883 2554 959 2586 xxii,
983 2545 1044 2583 18;
1065 2548 1153 2579 Rom.
1181 2556 1223 2583 iv,
1245 2547 1276 2579 3.
1292 2545 1360 2570 —3
1382 2558 1394 2579 1
1415 2547 1494 2580 Psal.
1513 2557 1577 2588 nvi,
1595 2546 1626 2579 5.
