1825 3264
0 0 18 136 §tv—q

0 141 10 256 -,,“.-

304 300 467 330 comum
498 302 764 330 cnzscommvt
797 300 1088 340 DONATISTAM‚
1126 303 1207 330 Lm.
1245 303 1304 329 ιν.
1396 320 1399 323 -
1431 291 1513 330 503

125 366 241 412 dicta
261 375 325 411 est
349 382 371 411 a
396 366 565 411 Titiano
590 367 792 411 adversus
814 366 1080 411 Felicianum
1103 377 1146 411 et
1174 371 1480 412 Praetcxtatum
1500 403 1511 422 ,

124 447 175 483 ut
196 436 464 497 pellerentur
490 437 595 482 locis
613 440 644 493 ¹,
670 447 713 482 et
736 436 836 482 vide
859 449 1024 497 quanto
1047 448 1143 498 post
1161 438 1275 482 diem
1299 438 1514 483 dilationis

123 508 241 554 illius
258 509 341 554 hoc
354 508 520 553 factum
539 519 616 554 est.
638 511 746 554 Nam
765 509 854 553 dies
872 518 937 553 est
954 509 1127 554 concilii
1144 511 1387 568 Baga'iensis
1406 526 1514 554 con-

122 579 267 624 sulatu
289 582 588 639 Augustorum
607 580 781 625 Arcadii
807 582 897 635 111,
918 589 961 624 et
982 581 1162 625 Honorii
1183 581 1342 624 iterum
1363 590 1517 626 octavo

125 649 424 695 Kalendarum
454 651 580 706 Maii,
612 651 703 695 dies
735 659 882 695 autem
908 650 1126 695 dilationis
1161 651 1263 695 hinc
1297 666 1435 711 usque
1463 651 1516 696 ad

124 731 327 767 octavum
365 721 663 767 Kalendarum
698 722 894 766 Januarii
919 741 928 767 ε
948 721 1181 782 postulatio
1208 737 1312 767 vero
1337 723 1418 767 ista
1441 722 1516 766 Ti-

124 794 231 837 tiani
265 794 381 838 dicta
417 803 481 838 est
511 803 608 853 post
632 792 756 838 illum
795 793 1071 839 consulatum
1108 794 1179 838 die
1222 802 1341 839 sexto
1373 796 1518 840 Nonas

118 863 279 909 Martii.

178 935 359 979 XLVII.
397 932 584 978 Proinde
612 942 792 993 apparet
822 934 1000 978 tertium
1037 933 1173 977 ferme
1200 934 1270 993 agi
1295 949 1510 989 mensem,

121 1020 221 1050 cum
250 1021 273 1049 a
309 1004 567 1064 proconsule
595 1006 777 1064 petitur,
802 1014 851 1049 ut
881 1008 911 1048 F
916 1005 1123 1049 elicianus
1155 1015 1199 1049 et
1228 1008 1516 1049 Praetextatus

117 1075 293 1121 sedibus
325 1075 635 1135 propulsentur
665 1086 871 1135 tanquam
901 1075 1080 1134 collegae
1101 1075 1379 1130 Maximiani,
1404 1091 1515 1135 quos

118 1148 199 1192 sibi
228 1147 553 1192 consociaverat
574 1146 628 1190 ad
649 1145 857 1191 furorem.
889 1149 997 1191 Nam
1024 1161 1127 1190 cum
1148 1155 1412 1190 memoratus
1435 1145 1515 1190 ad-

118 1227 297 1264 vocatus
313 1218 368 1263 de
395 1219 655 1263 Maximiano
672 1218 793 1278 quod
813 1219 1010 1262 sufficere
1032 1218 1280 1273 videbatur,
1301 1219 1346 1261 in
1361 1218 1514 1262 eadem

118 1289 415 1350 postulatione
432 1290 606 1334 dixisset
631 1308 639 1333 :
670 1307 690 1330 «
718 1292 803 1332 Eos
822 1304 1014 1348 quoque,
1040 1289 1210 1348 inquit,
1231 1304 1340 1348 quos
1361 1289 1513 1332 alienae

116 1360 467 1421 praesumptionis
489 1375 608 1405 error
636 1368 898 1413 attraxerat,
943 1368 1073 1418 portu
1103 1360 1245 1418 primo
1292 1359 1513 1418 proposito

115 1433 383 1493 poenitendi,
412 1434 445 1476 si
465 1433 620 1476 reverti
650 1441 888 1492 cuperent,
922 1432 1036 1475 intra
1060 1440 1232 1490 tempus
1255 1429 1310 1474 ad
1338 1429 1512 1488 religio-

117 1504 184 1548 nis
207 1504 423 1548 tramitem
445 1502 747 1560 destitutum23
771 1502 863 1562 pari
889 1501 1047 1559 vigoris
1071 1500 1368 1545 admonitione
1387 1515 1511 1544 com-

115 1574 299 1633 pescuit.
332 1573 417 1619 Sed
440 1574 524 1617 suis
546 1574 777 1627 institutis,
811 1573 981 1631 inquit,
1018 1571 1222 1631 iniquitas
1252 1570 1510 1625 delectatur,

118 1653 162 1688 et
183 1644 457 1704 semetipsam
489 1658 580 1687 non
613 1643 797 1697 deserit,
829 1657 931 1686 cum
956 1642 1089 1686 semel
1122 1642 1394 1701 praecipitata
1415 1656 1514 1685 cor-

115 1715 266 1759 ruerit.
303 1715 425 1758 Idem
455 1728 645 1774 namque
680 1713 969 1758 Maximianus
994 1720 1188 1771 coeptam
1215 1712 1354 1756 nutrit
1376 1710 1512 1756 auda·
1539 1713 1565 1753 ,”

114 1787 226 1831 ciam
243 1820 254 1840 ,
285 1794 329 1830 et
355 1785 460 1830 alios
487 1785 662 1830 sibimet
684 1784 905 1829 consociat
928 1783 984 1827 ad
1006 1782 1217 1827 furorem.
1251 1785 1370 1825 Inter
1400 1797 1510 1841 quos

115 1858 244 1901 etiam
267 1856 510 1901 Felicianus
546 1857 743 1916 quidam,
769 1856 846 1914 qui
864 1854 1006 1914 primo
1024 1862 1139 1897 recta
1154 1862 1340 1898 sectatus
1356 1852 1512 1911 depra-

114 1928 300 1973 vationis
314 1928 443 1987 hujus
472 1927 799 1971 attaminatione
812 1924 1022 1979 fuscatur,
1038 1924 1084 1968 in
1097 1923 1332 1968 Mustitana
1347 1923 1512 1982 positus

116 2000 304 2054 civitate,
332 2002 421 2043 Deo
443 1998 733 2058 omnipotenti
756 1997 938 2056 parietes
962 2005 1235 2041 consecratos
1251 2031 1263 2049 ,
1284 1995 1510 2040 ecclesiam

115 2070 407 2116 venerandam
440 2070 567 2130 quasi
588 2068 778 2128 quadam
807 2067 1054 2112 obsessione
1085 2065 1271 2110 credidit
1313 2054 1509 2110 retinen-

116 2142 232 2186 dam.
245 2143 373 2185 Hunc
387 2142 517 2185 etiam
532 2144 816 2185 Praetextatus
826 2139 870 2183 in
881 2138 1141 2183 Assuritanis
1154 2138 1352 2197 partibus
1362 2137 1506 2181 imita-

117 2221 233 2257 tur.»
253 2211 469 2256 Audis-ne
490 2211 687 2256 advocati
704 2210 835 2254 verba
851 2208 1173 2268 praeclarissima
1189 2218 1232 2252 et
1253 2207 1510 2252 manifestis-

116 2283 223 2328 sima
243 2318 254 2338 ,
274 2284 435 2344 quibus
463 2282 568 2326 dicit
593 2283 696 2326 istos
729 2281 784 2325 de
807 2281 969 2339 quibus
993 2280 1181 2336 agimus,
1207 2279 1307 2338 quia
1331 2286 1505 2337 portum

113 2354 386 2414 propositum
411 2352 676 2412 poenitendi,
714 2353 821 2395 dum
851 2351 936 2394 suis
968 2350 1175 2394 institutis
1199 2349 1401 2409 iniquitas
1424 2348 1505 2392 de-

118 2425 317 2478 lectatur,
338 2439 437 2468 cum
455 2424 587 2467 semel
606 2423 869 2482 praecipitata
888 2422 1113 2473 corruerit,
1132 2430 1301 2464 contem
1311 2430 1501 2480 pserunt,

114 2495 219 2540 locis
246 2493 541 2538 ecelesiasticis
569 2492 874 2551 expellendos?
911 2491 992 2534 Ubi
1022 2491 1056 2533 si
1084 2490 1174 2533 dies
1208 2500 1349 2549 posset
1372 2489 1504 2533 latere

119 2573 361 2624 gestorum,
395 2563 530 2606 cuivis
557 2562 834 2606 obtusissimo
860 2560 960 2604 satis
984 2559 1198 2614 eluceret,
1220 2559 1339 2619 quod
1357 2566 1504 2603 contrr

168 2656 175 2671 ¹
202 2649 286 2682 Vide
303 2658 411 2691 supra,
428 2647 483 2679 lib.
504 2659 550 2689 ui,
573 2658 644 2689 cap.
666 2647 718 2679 56.
736 2664 776 2671 —
794 2653 804 2668 ²
828 2646 931 2678 Forte
946 2645 1168 2687 praestitutum.
