1825 3264
256 286 419 315 com-M
451 287 715 315 cnuscomtm
745 288 1032 329 nonnis-mm,
1068 291 1150 317 mn.
1188 291 1234 317 11.
1361 276 1444 317 347

61 353 233 398 tianum
261 352 415 411 recipis
437 353 454 394 ’.Ρ
474 353 549 396 His
570 352 684 395 enim
708 352 957 397 nominibus
979 369 1069 399 non
1091 355 1250 413 gradus
1271 354 1447 398 honoris

60 438 84 467 a
101 422 273 482 plebeia
295 421 521 480 dignitate,
542 422 617 466 sed
630 422 799 466 ‘crimen
819 424 974 468 erroris
996 440 1018 468 a
1040 425 1252 469 catholica
1267 425 1448 469 veritate

60 493 357 552 distinguitur.
386 492 572 538 Proinde
594 492 667 537 illa
689 502 898 552 tanquam
925 494 1208 539 ecclesiastica
1233 510 1410 539 munera
1429 529 1444 550 ,

59 564 188 609 etiam
211 563 256 607 in
289 563 438 608 alienis
465 563 666 618 inventa,
689 563 766 623 qui
796 578 873 608 vos
899 563 1187 625 relinquendo
1216 574 1259 610 et
1291 565 1345 609 ad
1368 581 1447 610 nos

59 633 326 679 transeundo
346 634 481 679 nostri
503 635 617 678 fiunt
631 669 642 687 ,
668 649 748 693 pro
771 633 956 678 utilitate
978 635 1266 693 populorum,
1289 636 1447 696 quibus

58 705 140 750 hac
162 704 482 764 dispensatione
494 705 717 760 servimus,
742 704 811 750 vel
833 705 1144 764 suscipiuntur,
1161 706 1228 750 vel
1245 722 1334 751 non
1355 721 1448 751 sus-

58 775 281 834 cipiuntur
306 795 314 820 :
340 775 414 820 illa
433 791 536 820 vero
563 775 715 820 vitiosa
742 784 784 820 et
816 775 990 835 proprie
1018 785 1159 820 vestra
1177 811 1188 831 ,
1208 785 1418 820 sanantur
1434 811 1445 832 ,

58 846 360 908 corriguntur,
386 855 611 890 mutantur
637 867 648 903 3
676 845 782 890 dum
809 855 955 890 tamen
984 861 1032 890 ea
1060 855 1327 891 sacramenta
1359 848 1449 890 sine

58 915 215 976 quibus
236 917 372 961 homo
389 932 478 961 non
499 925 643 976 potest
664 915 756 959 fieri
778 915 1065 970 Christianus,
1093 916 1222 960 etiam
1241 917 1286 960 in
1308 917 1448 960 haere—

60 986 156 1030 ticis
173 986 233 1030 sic
246 996 502 1041 tractentur,
528 996 578 1030 ut
595 1002 695 1031 cum
709 985 762 1030 ad
776 985 1011 1030 Ecclesiam
1026 987 1222 1041 veniunt,
1237 987 1358 1047 quod
1377 987 1450 1032 de-

58 1055 192 1100 fuerit
204 1055 406 1111 addatur,
422 1056 542 1117 quod
553 1056 745 1114 agnitum
760 1055 1190 1115 fueritapp1·obetur;
1204 1072 1259 1101 ne
1270 1057 1376 1101 dum
1387 1059 1450 1102 ni-

58 1126 140 1171 mis
151 1126 419 1170 offendimur
432 1127 490 1171 eis
503 1126 625 1170 malis
633 1142 730 1186 quae
744 1136 895 1171 contra
909 1127 1147 1171 Ecclesiam
1160 1138 1447 1187 pepererunt,

59 1211 374 1256 persequamur
387 1198 514 1241 etiam
530 1197 644 1241 bona
659 1213 758 1257 quae
773 1197 826 1241 de
837 1197 1030 1241 Ecclesia
1042 1196 1306 1243 discedendo
1319 1207 1451 1243 traxe-

58 1277 177 1312 runt.
193 1270 300 1314 Nam
319 1268 448 1312 etiam
467 1284 610 1313 ramus
627 1269 807 1323 fractus,
827 1269 861 1312 si
879 1284 1043 1323 rursuS,
1062 1270 1172 1313 sicut
1191 1271 1249 1314 ait
1263 1273 1451 1328 Aposto-

58 1337 143 1392 lus,
162 1339 415 1382 inserendus
433 1339 503 1394 sit,
522 1338 645 1383 radix
664 1339 702 1382 ei
717 1338 931 1393 redditur,
945 1354 1033 1382 non
1051 1337 1191 1382 forma
1209 1343 1445 1384 mutatur1.

116 1410 213 1453 XV.
259 1427 278 1450 «
313 1412 370 1453 At
392 1409 506 1453 enim
536 1410 639 1469 quia
662 1418 851 1462 nostros,
877 1409 1020 1468 inquis
1036 1444 1046 1463 ,
1072 1409 1297 1453 haereticos
1320 1419 1362 1453 ct
1383 1425 1450 1454 sa-

59 1477 241 1537 crilegos
259 1495 388 1524 vocas
403 1515 414 1533 ,
439 1479 558 1540 quod
582 1478 795 1524 nefarium
825 1490 868 1523 et
892 1480 1155 1538 inexpiabile
1176 1481 1340 1524 crimen
1361 1490 1446 1533 est,

58 1549 275 1609 numquid
298 1549 455 1594 talibus
478 1550 568 1594 sine
590 1550 735 1609 aliqua
764 1549 1007 1608 expiatione
1034 1550 1199 1608 ignosci
1221 1550 1353 1595 debet
1376 1560 1451 1595 aut

59 1620 230 1679 potest?
247 1620 336 1664 Cur
366 1636 491 1678 ergo,
518 1620 684 1680 inquis,
711 1635 799 1664 non
818 1619 1034 1664 emaculas
1056 1620 1301 1665 venientem
1325 1624 1342 1664 ἱ)
1372 1638 1450 1666 cur

58 1704 148 1734 non
170 1689 310 1749 primo
332 1689 472 1734 abluis
494 1698 537 1733 et
559 1690 770 1734 emundas
788 1724 798 1744 ,
820 1699 860 1734 et
881 1690 939 1733 sic
961 1690 1040 1733 tibi
1063 1691 1360 1735 communicat
1383 1694 1401 1736 P
1428 1712 1445 1734 »

55 1758 175 1812 Quid
197 1761 316 1819 quod
339 1775 390 1804 ex
420 1761 485 1804 his
513 1760 657 1804 verbis
690 1760 775 1804 tuis
806 1759 945 1804 multo
979 1762 1309 1806 convenientius
1341 1763 1450 1807 alius

58 1829 232 1884 dixerit,
257 1829 417 1874 talibus
438 1839 525 1874 tam
545 1831 707 1888 ignosci
731 1846 811 1874 nec
829 1831 989 1874 debere
1007 1866 1018 1886 ,
1044 1847 1123 1876 nec
1146 1847 1293 1891 posse:
1318 1842 1450 1893 teque

60 1900 137 1946 tibi
159 1900 240 1960 ipsi
260 1901 476 1946 contraria
498 1900 695 1945 locutum
722 1916 811 1946 esse
833 1903 1165 1956 monstraverit,
1192 1913 1240 1947 ut
1269 1903 1368 1948 ideo
1387 1904 1450 1947 di-

58 1986 175 2016 ceres
196 1986 298 2015 cum
318 1971 463 2031 aliqua
483 1972 728 2030 expiatione
749 1971 910 2015 talibus
932 1972 1262 2030 ignoscendum,
1281 1975 1380 2033 quia
1403 1974 1449 2017 id

58 2041 180 2102 quod
201 2041 406 2101 objicitur
427 2061 446 2084 «
470 2041 728 2101 inexpiabile
749 2040 912 2086 crimen
939 2060 958 2083 »
993 2052 1069 2087 est.
1095 2043 1326 2096 Quomodo
1346 2060 1449 2103 ergo

58 2112 255 2172 expiatur
276 2113 396 2172 quod
420 2112 680 2172 inexpiabile
697 2115 792 2157 est?
813 2114 1046 2166 Quomodo
1067 2130 1234 2174 sperem
1258 2125 1299 2159 te
1322 2116 1448 2160 audi-

58 2191 207 2227 turum
223 2198 313 2228 esse
329 2183 449 2243 quod
466 2183 565 2228 dico
582 2218 593 2238 ,
618 2184 693 2243 qui
718 2192 803 2227 tam
827 2184 871 2227 in
890 2185 1085 2243 proximo
1103 2200 1191 2229 non
1214 2185 1336 2230 audis
1359 2185 1449 2245 ipse

58 2245 180 2315 quod
199 2254 329 2311 dicis,
354 2271 454 2300 cum
483 2255 562 2300 tibi
584 2253 794 2300 continuo
816 2255 1074 2301 contradicis
1091 2292 1101 2311 ,
1129 2257 1345 2302 censendo
1376 2273 1449 2300 ex-

58 2325 267 2386 piandum
287 2326 408 2386 quod
425 2326 685 2386 inexpiabile
703 2326 885 2371 dixeris?
906 2330 993 2372 Nos
1015 2337 1160 2372 autern
1183 2329 1240 2372 ita
1257 2339 1446 2373 vestrum

57 2394 242 2442 dicimus
263 2397 517 2441 haereticum
535 2407 578 2441 et
597 2397 852 2455 sacrilegum
872 2413 1079 2449 errorem,
1098 2408 1148 2442 ut
1166 2408 1310 2442 tamen
1334 2400 1450 2442 inex·

58 2466 265 2526 piabilem
286 2482 375 2511 non
393 2467 588 2512 dicamus
615 2486 623 2511 ε
652 2466 844 2526 alioquin
865 2465 1023 2511 frustra
1055 2468 1279 2513 vobiscum
1295 2503 1305 2523 ,
1326 2478 1377 2512 ut
1397 2485 1448 2513 co

57 2537 209 2582 relicto
228 2539 410 2583 correcti
428 2537 483 2583 ad
502 2537 740 2584 Ecclesiam
755 2537 1013 2583 catholicam
1037 2540 1274 2595 transeatis,
1291 2540 1449 2599 quibus

107 2628 116 2645 ¹
137 2623 229 2656 Rom.
253 2633 297 2663 xi,
316 2622 370 2656 23.
