1825 3264
282 288 445 318 CONTRA
479 287 743 318 cnssscommt
775 288 1064 330 noua-nsum,
1100 291 1182 318 Lm.
1218 290 1284 316 111.
1392 275 1476 316 395

89 355 247 411 vestri,
271 369 348 400 seu
367 356 534 410 nostri,
561 354 932 415 quemadmodum
954 356 1010 400 de
1038 355 1114 400 illo
1138 354 1432 415 judicaverint
1465 373 1475 398 :

89 426 171 486 ipsi
192 441 369 471 suarum
394 426 710 471 sententiarum
742 425 952 470 rationem
975 425 1183 480 reddant,
1207 426 1288 485 ipsi
1304 433 1480 484 portent

89 512 166 542 seu
187 496 288 542 mali
318 512 394 542 seu
427 498 531 542 boni
558 498 625 542 sui
652 497 792 556 operis
820 497 1030 541 sarcinam
1058 517 1067 542 ε
1093 497 1219 541 nobis
1245 496 1301 541 de
1330 495 1480 540 alienis

90 567 213 613 factis
231 569 385 613 saltem
403 568 607 613 dubitare
630 568 884 628 permittite,
906 583 962 612 ne
984 583 1193 626 cogamur
1214 567 1259 611 in
1288 566 1415 611 nobis
1430 581 1480 611 ea

89 647 356 684 sacramenta
378 638 585 683 damnare
603 673 615 694 ,
648 638 703 682 de
729 638 890 698 quibus
911 653 1000 682 non
1019 637 1121 682 licet
1146 637 1364 682 dubitare.
1395 634 1480 681 Sed

87 711 178 770 jam
199 709 313 766 dixi,
338 711 449 755 senti
469 710 524 754 de
538 712 700 770 Optato
722 709 845 769 quod
866 711 928 754 vis
950 728 958 754 :
984 724 1127 770 neque
1146 708 1263 753 enim
1279 717 1343 752 est
1363 706 1482 752 unde

90 781 398 826 convincamus
430 796 531 825 eum
552 815 563 834 ,
595 781 673 840 qui
702 796 791 825 non
826 780 943 839 apud
979 789 1073 824 acta
1102 780 1318 824 commisit
1343 800 1355 836 3
1379 792 1480 838 quae

91 861 239 896 tamen
259 851 319 896 ita
333 852 574 906 commisit,
593 860 643 895 ut
658 851 772 896 inter
794 850 990 896 Gildonis
1013 850 1217 895 satellites
1233 850 1485 908 praecipuus

90 922 340 977 haberetur,
365 931 602 977 teneretur,
628 930 884 966 moreretur.
903 921 1126 981 Numquid
1141 921 1270 964 etiam
1293 920 1348 963 de
1367 918 1486 962 Feli-

89 993 215 1038 ciano
246 1003 290 1038 et
319 996 580 1038 Praetextato
608 993 730 1037 sociis
772 992 1053 1046 Maximiani,
1083 1007 1194 1051 quos
1228 990 1410 1035 trecenti
1442 999 1485 1033 et

89 1062 240 1107 decem
272 1064 462 1122 episcopi
486 1064 615 1108 vestri
643 1077 743 1107 cum
778 1063 950 1106 caeteris
983 1060 1181 1106 similiter
1222 1059 1484 1104 nominatim

88 1134 310 1191 expressis,
329 1149 416 1177 una
427 1134 667 1193 eademque
687 1133 900 1177 sententia
922 1132 1146 1190 Bagai'tani
1159 1129 1331 1175 concilii
1354 1128 1481 1173 dam-

89 1212 330 1258 naverunt,
355 1204 617 1264 eosdemque
639 1219 729 1248 non
752 1213 848 1262 post
867 1218 1051 1262 parvum
1069 1211 1242 1261 tempus
1264 1216 1365 1245 cum
1386 1215 1484 1244 om-

89 1274 218 1318 nibus
247 1290 358 1334 quos
378 1274 572 1319 damnati
594 1274 957 1333 baptizaverunt,
995 1275 1107 1318 sieut
1135 1274 1318 1318 suerunt
1335 1306 1345 1326 ‚
1371 1271 1484 1330 epis-

89 1360 220 1404 copos
242 1355 526 1404 susceperunt
546 1380 557 1399 ,
578 1344 812 1404 quodlibet
835 1345 956 1389 vobis
986 1345 1148 1403 garrire
1180 1343 1445 1402 permittitur
1468 1343 1486 1386 Ρ

148 1416 513 1469 XV11.Quocirca
532 1431 826 1476 quaecumque
846 1415 891 1458 in
910 1430 988 1459 nos
1007 1415 1094 1458 sive
1113 1414 1157 1457 in
1174 1422 1342 1457 nostros
1365 1413 1486 1472 quasi

90 1487 313 1545 parcendo
341 1496 384 1531 et
415 1486 723 1546 praetereundo
752 1485 928 1540 dixisti,
956 1486 1047 1528 sine
1078 1483 1330 1529 nominibus
1350 1517 1360 1537 ,
1395 1483 1487 1526 sine

89 1556 289 1610 testibus,
314 1558 405 1601 sine
427 1555 526 1600 ullis
550 1557 730 1601 omnino
759 1557 1050 1609 documentis,
1077 1555 1232 1615 partim
1265 1551 1486 1612 culpando

88 1642 189 1688 quae
213 1627 431 1687 culpanda
453 1643 542 1672 non
567 1636 693 1681 sunt,
718 1627 874 1686 partim
897 1642 996 1686 quae
1018 1625 1235 1684 culpanda
1258 1632 1360 1668 sunt
1395 1638 1485 1667 non

89 1696 317 1756 probando
333 1732 343 1752 ,
369 1712 739 1756 supervacaneum
764 1707 828 1741 est
860 1696 972 1740 velle
995 1710 1194 1756 purgare.
1221 1697 1329 1738 Istos
1347 1728 1357 1748 ,
1383 1693 1486 1738 istos

88 1767 248 1812 iterum
270 1767 462 1823 attende,
492 1768 760 1812 Felicianum
784 1767 1072 1812 Mustitanum
1101 1776 1145 1810 et
1171 1769 1486 1809 Praetextatum

58 1882 63 1886 .
88 1838 391 1883 Assuritanum
416 1838 639 1898 aliquanto
656 1837 907 1896 diligentius
932 1837 1117 1890 intuere,
1143 1849 1332 1895 quorum
1349 1842 1486 1878 totam

88 1923 263 1953 causam
284 1924 364 1954 suo
382 1909 480 1953 loco
497 1909 556 1953 ita
580 1911 593 1934 ¹
611 1943 622 1963 ,
646 1908 681 1952 si
702 1907 914 1953 Dominus
938 1906 1205 1966 permiserit,
1230 1904 1456 1964 explicabo
1473 1938 1483 1957 ,

88 1989 139 2023 ut
160 1980 291 2024 etiam
307 1981 342 2024 si
366 1980 524 2024 nimius
547 1981 679 2024 hostis
692 1979 885 2024 veritatis
908 1993 1001 2022 esse
1018 1977 1224 2031 volueris,
1241 1985 1483 2021 vestrorum

87 2050 366 2094 mendacium
387 2049 624 2094 defendere
651 2049 722 2094 vel
750 2064 906 2107 negare
939 2064 1027 2093 non
1062 2047 1196 2108 possis
1223 2066 1231 2090 :
1266 2046 1339 2090 sed
1367 2059 1486 2088 nunc

88 2121 262 2165 interim
295 2122 538 2166 secundum
567 2122 649 2166 hoc
672 2119 779 2164 mihi
799 2119 942 2180 placet
973 2134 1100 2178 agere
1118 2116 1241 2178 quod
1259 2117 1339 2162 tibi
1360 2115 1487 2160 dixe-

88 2202 223 2250 runt,
246 2193 445 2238 nondum
468 2193 654 2238 discutio
685 2208 818 2253 quam
848 2207 1001 2237 verum
1036 2191 1225 2236 dixerint
1245 2225 1256 2244 ,
1287 2189 1486 2234 nondum

89 2263 272 2308 ostendo
305 2279 440 2324 quam
483 2265 592 2309 mira
630 2263 918 2324 impudentiae
948 2264 1144 2308 caecitate
1180 2261 1349 2305 mentiti
1381 2261 1481 2304 sint.

92 2351 115 2376 «
156 2335 284 2379 Certe
315 2349 416 2379 cum
451 2334 506 2378 de
546 2335 596 2379 iis
620 2370 632 2390 ,
675 2349 786 2394 quos
825 2334 1210 2379 Maximinianistas
1241 2330 1483 2390 appellavi,

89 2413 134 2449 et
171 2402 385 2449 damnatis
405 2413 646 2450 vestrorum
679 2404 864 2450 concilio
893 2414 936 2448 et
972 2404 1152 2462 receptis
1173 2437 1184 2456 ,
1226 2403 1269 2446 in
1293 2399 1486 2460 Epistola

90 2488 185 2518 mea
204 2473 470 2533 perlegeres,
497 2475 610 2519 sicut
623 2474 796 2529 scribis,
822 2473 947 2519 valde
966 2482 1188 2532 permotus
1202 2487 1246 2516 es
1267 2491 1276 2517 :
1293 2471 1487 2531 «quippe

90 2559 193 2590 cum
226 2544 371 2590 adhuc
404 2546 588 2603 (verbis
620 2546 738 2590 enim
774 2546 860 2592 tuis
894 2554 993 2590 utar
1023 2548 1067 2602 ),
1102 2564 1122 2587 «
1155 2542 1275 2604 quod
1309 2542 1487 2587 haberet

142 2636 149 2652 ¹
168 2629 245 2662 Vide
263 2629 358 2671 intra,
382 2633 452 2662 toto
466 2629 520 2663 lib.
544 2640 584 2662 iv.
