1825 3264
342 275 426 316 406
765 283 800 314 s.
835 283 1066 314 Auens-run
1098 286 1279 314 nrrscorr

339 349 563 410 respondit
587 368 597 396 :
625 348 734 395 Dedi
753 349 879 396 Pollo
899 348 1144 406 chartulas,
1171 365 1271 394 nam
1306 348 1474 394 codices
1500 349 1588 395 mei
1617 349 1723 397 salvi
1800 355 1801 360 ’

335 430 453 466 sunt.
478 420 704 466 Secundus
720 419 850 466 dixit:
879 422 1028 466 Transi
1047 436 1133 465 una
1151 429 1287 480 parte.
1308 419 1532 465 Secundus
1553 423 1723 466 Donato

334 491 577 537 Calamensi
598 490 708 535 dixit
728 510 737 535 ε
757 491 924 536 Dicitur
945 500 987 535 te
1010 489 1251 535 tradidisse.
1270 493 1462 535 Donatus
1477 491 1720 551 respondit:
1798 487 1801 509 ²

334 562 442 607 Dedi
473 562 643 607 codices
681 560 975 606 medicinales.
1019 560 1245 607 Secundus
1277 561 1384 606 dixit
1410 580 1419 606 :
1456 563 1605 606 Transi
1635 577 1725 607 una

331 642 506 693 parte.»
527 634 583 676 Et
605 631 689 676 alio
706 631 1252 687 loco,«SecundusVictori
1273 647 1296 676 a
1319 631 1561 677 Rusiccade
1583 631 1691 677 dixit
1710 650 1720 678 ι
1794 622 1796 627 ’

334 703 503 748 Dicitur
524 711 567 746 te
588 702 813 746 tradidisse
835 711 1023 761 quatuor
1045 701 1451 761 Evangelia.Victor
1473 700 1721 762 respondit:

333 772 618 818 Valentianus
638 781 812 817 curator
836 771 922 817 fuit
937 808 948 827 ‚
975 772 1064 831 ipse
1084 787 1153 816 me
1181 771 1325 830 coegit
1345 781 1395 816 ut
1417 773 1635 816 mitterem
1652 770 1726 816 illa
1796 778 1797 783 ’

333 846 378 889 in
395 845 557 903 ignem.
582 845 779 889 Sciebam
803 843 875 887 illa
893 843 1086 888 deletitia
1107 841 1251 888 fuisse.
1279 845 1372 887 Hoc
1386 842 1595 888 delictum
1616 843 1726 886 mihi

333 914 536 973 indulge,
554 924 597 959 et
614 914 817 973 indulget
829 914 935 958 mihi
957 923 1001 958 et
1019 916 1147 958 Deus.
1172 912 1397 958 Secundus
1418 912 1551 958 dixit:
1577 913 1726 958 Transi

331 1001 418 1029 una
438 994 574 1043 parte.
601 1003 622 1026 »
648 988 704 1028 Et
726 984 809 1028 alio
831 983 950 1028 loco:
981 1002 1000 1026 «
1029 983 1257 1028 Secundus
1281 983 1496 1041 Purpurio
1511 997 1534 1026 a
1558 983 1726 1027 Limata

331 1055 439 1099 dixit
466 1074 474 1099 ε
508 1055 672 1098 Dicitur
705 1064 749 1098 te
781 1069 953 1098 necasse
988 1053 1100 1098 filios
1141 1053 1298 1098 sororis
1332 1063 1421 1098 tuae
1451 1052 1563 1098 duos
1589 1053 1724 1098 Milei,

334 1126 574 1184 Purpurius
589 1126 833 1185 respondit:
856 1129 987 1169 Putas
1008 1140 1078 1169 me
1097 1125 1283 1169 terreria
1301 1133 1358 1179 te,
1374 1124 1486 1169 sicut
1507 1133 1551 1168 et
1573 1122 1729 1168 alteri?

335 1199 401 1240 Tu
423 1196 531 1255 quid
548 1196 772 1254 egisti,qui
791 1205 934 1240 tentus
947 1211 989 1240 es
1003 1211 1026 1239 a
1039 1197 1250 1240 Curatore
1267 1203 1310 1239 et
1327 1195 1490 1240 Ordine
1510 1204 1560 1240 ut
1585 1196 1730 1254 Scrip-
1792 1247 1793 1251 Ἰ

332 1276 450 1311 turas
473 1266 596 1310 dares
616 1268 633 1310 P
655 1259 881 1326 quomodo'
899 1275 942 1310 te
961 1265 1153 1310 liberasti
1183 1266 1237 1311 ab
1269 1265 1370 1325 ipsis
1389 1300 1401 1321 ‚
1425 1266 1506 1310 nisi
1528 1266 1630 1326 quia
1648 1265 1728 1310 de-

334 1336 435 1381 disti
454 1346 530 1381 aut
539 1337 701 1396 jussisti
717 1333 811 1380 dari
825 1335 1279 1396 quodcumque?Nam
1293 1351 1382 1380 non
1397 1345 1440 1380 te
1449 1336 1731 1380 dimittebant
1792 1335 1794 1380 J
1810 1363 1812 1366 >

331 1408 505 1467 passim.
519 1410 628 1452 Nam
640 1423 720 1466 ego
737 1407 875 1452 occidi
888 1416 930 1451 et
942 1406 1092 1452 occido
1105 1422 1178 1452 eos
1190 1407 1266 1466 qui
1286 1417 1437 1452 contra
1454 1422 1525 1451 me
1543 1405 1726 1452 faciunt.

333 1477 439 1522 Ideo
461 1478 550 1522 noli
574 1493 642 1521 rne
663 1492 898 1537 provocare
916 1487 964 1522 ut
978 1478 1075 1537 plus
1096 1476 1255 1522 dicam.
1283 1477 1372 1522 Scis
1394 1493 1463 1522 me
1479 1476 1534 1521 de
1557 1477 1731 1522 nemine
1793 1514 1811 1534 Ι,

333 1558 533 1593 tractare.
562 1550 789 1593 Secundus
810 1549 951 1593 minor
972 1558 1128 1608 patruo
1149 1564 1227 1593 suo
1252 1548 1455 1594 Secundo
1478 1548 1586 1592 dixit
1607 1566 1616 1593 t
1643 1550 1733 1592 Au-

335 1619 400 1662 dis
412 1635 512 1678 quae
529 1619 645 1663 dicat
666 1620 711 1662 in
735 1621 804 1663 te?
824 1623 1001 1664 Paratus
1015 1628 1077 1663 est
1096 1618 1298 1663 recedere
1314 1627 1358 1662 et
1375 1619 1557 1663 schisma
1569 1618 1728 1672 facere,
1788 1647 1813 1668 ῃ.

334 1705 426 1733 non
449 1697 621 1732 tantum
650 1690 742 1747 ipse
761 1724 772 1744 ,
797 1689 873 1733 sed
904 1699 947 1733 et
977 1705 1126 1733 omnes
1157 1705 1266 1749 quos
1294 1690 1438 1748 arguis
1469 1708 1477 1734 ε
1507 1704 1616 1749 quos
1643 1688 1731 1734 scio
1788 1702 1811 1709 ¹·

334 1760 436 1818 quia
454 1757 670 1802 dimittere
689 1768 731 1802 te
750 1758 930 1813 habent,
959 1768 1001 1803 et
1024 1757 1128 1802 dare
1150 1759 1195 1801 in
1220 1767 1261 1802 te
1285 1759 1545 1803 sententiam
1565 1794 1577 1814 ,
1599 1767 1642 1802 et
1664 1774 1734 1803 re-

335 1829 531 1873 manebis
554 1829 668 1872 solus
690 1828 934 1872 haereticus.
973 1827 1080 1872 Ideo
1102 1828 1211 1888 quid
1233 1827 1289 1872 ad
1311 1837 1353 1872 te
1381 1828 1571 1887 pertinet
1592 1863 1602 1884 ‚
1635 1828 1733 1887 quis
1788 1859 1794 1886 5

335 1898 444 1959 quid
466 1898 588 1957 egit?
611 1901 700 1942 Deo
720 1898 856 1942 habet
881 1897 1064 1942 reddere
1091 1898 1321 1942 rationem.
1350 1898 1576 1943 Secundus
1599 1898 1733 1942 Felici
1788 1938 1792 1949 ,

337 1985 359 2013 a
385 1970 559 2013 Rotaria
575 1968 834 2013 Centurioni
857 1977 898 2012 et
919 1967 1084 2012 Victori
1102 1984 1126 2012 a
1146 1967 1289 2012 Garbe
1312 1967 1423 2013 dixit
1443 1987 1452 2013 ;
1470 1969 1589 2022 Quid
1610 1968 1733 2013 vobis
1808 1988 1809 1994 ¹

336 2038 541 2083 videtur?
560 2037 897 2098 Responderunt
922 2057 930 2083 :
958 2039 1134 2082 Habent
1157 2041 1295 2082 Deum
1316 2072 1326 2093 ‚
1361 2039 1434 2082 cui
1455 2037 1643 2083 reddant
1664 2054 1734 2083 ra-
1787 2065 1801 2075 ν

338 2110 517 2153 tionem.
554 2108 779 2154 Secundus
811 2109 921 2153 dixit
948 2109 1068 2153 :Vos
1089 2108 1203 2153 scitis
1235 2117 1279 2152 et
1317 2111 1444 2153 Deus.
1483 2108 1652 2154 Sedete.
1676 2112 1734 2154 Et
1784 2102 1785 2107 ¹

339 2196 490 2225 omnes
512 2182 830 2239 responderunt
852 2200 861 2225 z
880 2183 968 2224 Deo
982 2179 1152 2238 gratias.
1179 2196 1199 2220 υ
1266 2213 1270 2216 .

399 2252 563 2294 XXXI.
602 2253 689 2294 Hos
712 2259 761 2294 tu
783 2249 1028 2304 traditores,
1055 2249 1132 2308 qui
1165 2262 1266 2292 cum
1295 2247 1386 2291 aliis
1411 2247 1530 2307 apud
1550 2249 1733 2294 Cartha-
1792 2275 1794 2279 ν

340 2322 485 2379 ginem
502 2322 548 2364 in
569 2321 924 2376 Caecilianum-3)
939 2329 981 2364 et
992 2320 1129 2364 socios
1149 2320 1239 2379 ejus
1260 2318 1463 2364 dixerunt
1481 2321 1729 2376 sententias,
1798 2347 1803 2355 =

338 2393 449 2436 inter
467 2408 580 2452 quos
601 2402 643 2436 et
658 2392 869 2450 Sylvanus
881 2391 1086 2437 Cirtensis
1106 2390 1277 2448 fuit(4),
1289 2389 1344 2434 de
1361 2392 1483 2451 cujus
1497 2390 1732 2436 traditione

339 2472 454 2518 gesta
477 2478 575 2506 mox
598 2464 781 2506 inseram
798 2496 809 2516 ‚
836 2461 1042 2521 praeclara
1063 2460 1268 2506 videlicet
1300 2461 1466 2505 ratione
1494 2460 1695 2506 defendis
1718 2480 1728 2507 :
1795 2470 1797 2476 '

340 2531 423 2574 hoe
438 2532 552 2574 enim
575 2532 628 2575 dc
643 2532 708 2576 his
723 2534 814 2591 jam
835 2531 1034 2591 pluribus
1052 2531 1204 2590 utique
1222 2530 1418 2575 dicturus
1440 2546 1483 2575 es
1503 2565 1514 2588 ‚
1539 2531 1661 2591 quod
1675 2531 1731 2576 de
1776 2570 1780 2584 ,

343 2616 431 2643 uno
450 2601 638 2657 Sylvano
652 2612 862 2661 tanquam
881 2616 1087 2660 magnum
1106 2600 1270 2660 aliquid
1281 2600 1535 2646 dictandum
1549 2602 1726 2660 putasti,
1776 2593 1779 2661 Ξ
