<?xml version="1.0" encoding="UTF-8"?>
<!DOCTYPE html PUBLIC "-//W3C//DTD XHTML 1.0 Transitional//EN"
    "http://www.w3.org/TR/xhtml1/DTD/xhtml1-transitional.dtd">
<html xmlns="http://www.w3.org/1999/xhtml" xml:lang="en" lang="en">
 <head>
  <title>
</title>
<meta http-equiv="Content-Type" content="text/html;charset=utf-8" />
  <meta name='ocr-system' content='tesseract 3.04.00' />
  <meta name='ocr-capabilities' content='ocr_page ocr_carea ocr_par ocr_line ocrx_word'/>
</head>
<body>
  <div class='ocr_page' id='page_1' title='image "./operaomniaaccura32auguuoft_0253.png"; bbox 0 0 1825 3264; ppageno 0'>
   <div class='ocr_carea' id='block_1_1' title="bbox 499 246 1456 287">
    <p class='ocr_par' dir='ltr' id='par_1_1' title="bbox 499 246 1456 287">
     <span class='ocr_line' id='line_1_1' title="bbox 499 246 1456 287; baseline 0 -1"><span class='ocrx_word' id='word_1_1' title='bbox 499 259 553 286; x_wconf 73' lang='grc' dir='ltr'><strong>ΒΕ</strong></span> <span class='ocrx_word' id='word_1_2' title='bbox 588 256 773 286; x_wconf 60' lang='lat' dir='ltr'><strong>trin-Ara</strong></span> <span class='ocrx_word' id='word_1_3' title='bbox 806 259 1022 287; x_wconf 66' lang='lat' dir='ltr'><strong>EchEsrffi.</strong></span> <span class='ocrx_word' id='word_1_4' title='bbox 1373 246 1456 287; x_wconf 81' lang='lat'><strong>243</strong></span> 
     </span>
    </p>
   </div>
   <div class='ocr_carea' id='block_1_2' title="bbox 73 321 1469 2645">
    <p class='ocr_par' dir='ltr' id='par_1_2' title="bbox 73 321 1469 2080">
     <span class='ocr_line' id='line_1_2' title="bbox 79 321 1460 379; baseline -0.001 -10"><span class='ocrx_word' id='word_1_5' title='bbox 79 334 148 369; x_wconf 91' lang='lat' dir='ltr'><strong>tur</strong></span> <span class='ocrx_word' id='word_1_6' title='bbox 174 324 276 369; x_wconf 90' lang='lat' dir='ltr'><strong>ituri</strong></span> <span class='ocrx_word' id='word_1_7' title='bbox 303 322 359 368; x_wconf 91' lang='lat' dir='ltr'><strong>ad</strong></span> <span class='ocrx_word' id='word_1_8' title='bbox 386 321 562 379; x_wconf 85' lang='lat' dir='ltr'><strong>inferos,</strong></span> <span class='ocrx_word' id='word_1_9' title='bbox 595 338 724 368; x_wconf 90' lang='lat' dir='ltr'><strong>nemo</strong></span> <span class='ocrx_word' id='word_1_10' title='bbox 752 338 854 367; x_wconf 88' lang='lat' dir='ltr'><strong>eum</strong></span> <span class='ocrx_word' id='word_1_11' title='bbox 881 323 986 368; x_wconf 89' lang='lat' dir='ltr'><strong>dicit</strong></span> <span class='ocrx_word' id='word_1_12' title='bbox 1018 338 1107 367; x_wconf 85' lang='lat' dir='ltr'><strong>esse</strong></span> <span class='ocrx_word' id='word_1_13' title='bbox 1137 323 1385 379; x_wconf 89' lang='lat' dir='ltr'><strong>mentitum,</strong></span> <span class='ocrx_word' id='word_1_14' title='bbox 1416 333 1460 368; x_wconf 92' lang='lat' dir='ltr'><strong>et</strong></span> 
     </span>
     <span class='ocr_line' id='line_1_3' title="bbox 77 393 1458 455; baseline -0.001 -15"><span class='ocrx_word' id='word_1_15' title='bbox 77 396 233 455; x_wconf 86' lang='lat' dir='ltr'><strong>impius</strong></span> <span class='ocrx_word' id='word_1_16' title='bbox 248 395 469 455; x_wconf 88' lang='lat' dir='ltr'><strong>judicatur</strong></span> <span class='ocrx_word' id='word_1_17' title='bbox 486 396 637 450; x_wconf 82' lang='lat' dir='ltr'><strong>haeres,</strong></span> <span class='ocrx_word' id='word_1_18' title='bbox 662 395 737 454; x_wconf 86' lang='lat' dir='ltr'><strong>qui</strong></span> <span class='ocrx_word' id='word_1_19' title='bbox 761 393 872 438; x_wconf 85' lang='lat' dir='ltr'><strong>forte</strong></span> <span class='ocrx_word' id='word_1_20' title='bbox 894 395 966 438; x_wconf 83' lang='lat' dir='ltr'><strong>illa</strong></span> <span class='ocrx_word' id='word_1_21' title='bbox 990 395 1296 454; x_wconf 84' lang='lat' dir='ltr'>contempserit</span> <span class='ocrx_word' id='word_1_22' title='bbox 1315 413 1324 439; x_wconf 73' lang='grc' dir='ltr'>ε</span> <span class='ocrx_word' id='word_1_23' title='bbox 1345 409 1458 454; x_wconf 87' lang='lat' dir='ltr'><strong>quo-</strong></span> 
     </span>
     <span class='ocr_line' id='line_1_4' title="bbox 75 464 1461 525; baseline -0.001 -14"><span class='ocrx_word' id='word_1_24' title='bbox 75 466 208 512; x_wconf 89' lang='lat' dir='ltr'><strong>modo</strong></span> <span class='ocrx_word' id='word_1_25' title='bbox 231 481 333 524; x_wconf 87' lang='lat' dir='ltr'><strong>ergo</strong></span> <span class='ocrx_word' id='word_1_26' title='bbox 354 466 613 525; x_wconf 82' lang='lat' dir='ltr'><strong>effugiemus</strong></span> <span class='ocrx_word' id='word_1_27' title='bbox 631 466 738 510; x_wconf 90' lang='lat' dir='ltr'><strong>iram</strong></span> <span class='ocrx_word' id='word_1_28' title='bbox 754 465 846 520; x_wconf 90' lang='lat' dir='ltr'><strong>Dei,</strong></span> <span class='ocrx_word' id='word_1_29' title='bbox 873 465 908 509; x_wconf 89' lang='lat' dir='ltr'><strong>si</strong></span> <span class='ocrx_word' id='word_1_30' title='bbox 932 464 1000 509; x_wconf 90' lang='lat' dir='ltr'><strong>vel</strong></span> <span class='ocrx_word' id='word_1_31' title='bbox 1025 481 1114 510; x_wconf 92' lang='lat' dir='ltr'><strong>non</strong></span> <span class='ocrx_word' id='word_1_32' title='bbox 1131 465 1371 521; x_wconf 86' lang='lat' dir='ltr'><strong>credentes,</strong></span> <span class='ocrx_word' id='word_1_33' title='bbox 1391 464 1461 509; x_wconf 91' lang='lat' dir='ltr'><strong>vel</strong></span> 
     </span>
     <span class='ocr_line' id='line_1_5' title="bbox 74 534 1462 596; baseline -0.001 -15"><span class='ocrx_word' id='word_1_34' title='bbox 74 545 402 582; x_wconf 84' lang='lat' dir='ltr'><strong>contemnentes</strong></span> <span class='ocrx_word' id='word_1_35' title='bbox 427 536 713 596; x_wconf 84' lang='lat' dir='ltr'><strong>repulerimus</strong></span> <span class='ocrx_word' id='word_1_36' title='bbox 735 534 868 580; x_wconf 90' lang='lat' dir='ltr'><strong>verba</strong></span> <span class='ocrx_word' id='word_1_37' title='bbox 889 536 1144 590; x_wconf 86' lang='lat' dir='ltr'><strong>novissima,</strong></span> <span class='ocrx_word' id='word_1_38' title='bbox 1164 545 1207 580; x_wconf 94' lang='lat' dir='ltr'><strong>et</strong></span> <span class='ocrx_word' id='word_1_39' title='bbox 1226 536 1342 580; x_wconf 91' lang='lat' dir='ltr'><strong>unici</strong></span> <span class='ocrx_word' id='word_1_40' title='bbox 1362 534 1462 580; x_wconf 88' lang='lat' dir='ltr'>Filii</span> 
     </span>
     <span class='ocr_line' id='line_1_6' title="bbox 74 606 1462 662; baseline -0.001 -10"><span class='ocrx_word' id='word_1_41' title='bbox 74 606 176 662; x_wconf 88' lang='lat' dir='ltr'><strong>Dei,</strong></span> <span class='ocrx_word' id='word_1_42' title='bbox 201 617 246 652; x_wconf 88' lang='lat' dir='ltr'><strong>et</strong></span> <span class='ocrx_word' id='word_1_43' title='bbox 270 608 406 652; x_wconf 84' lang='lat' dir='ltr'>nostri</span> <span class='ocrx_word' id='word_1_44' title='bbox 428 607 602 652; x_wconf 89' lang='lat' dir='ltr'>Domini</span> <span class='ocrx_word' id='word_1_45' title='bbox 623 623 672 652; x_wconf 88' lang='lat' dir='ltr'><strong>ac</strong></span> <span class='ocrx_word' id='word_1_46' title='bbox 696 606 943 661; x_wconf 84' lang='lat' dir='ltr'><strong>Salvatoris,</strong></span> <span class='ocrx_word' id='word_1_47' title='bbox 967 616 1010 651; x_wconf 92' lang='lat' dir='ltr'><strong>et</strong></span> <span class='ocrx_word' id='word_1_48' title='bbox 1031 606 1135 651; x_wconf 91' lang='lat' dir='ltr'><strong>ituri</strong></span> <span class='ocrx_word' id='word_1_49' title='bbox 1152 607 1198 650; x_wconf 87' lang='lat' dir='ltr'><strong>in</strong></span> <span class='ocrx_word' id='word_1_50' title='bbox 1217 606 1398 661; x_wconf 88' lang='lat' dir='ltr'><strong>coelum,</strong></span> <span class='ocrx_word' id='word_1_51' title='bbox 1419 616 1462 650; x_wconf 88' lang='lat' dir='ltr'><strong>et</strong></span> 
     </span>
     <span class='ocr_line' id='line_1_7' title="bbox 74 676 1463 739; baseline -0.002 -17"><span class='ocrx_word' id='word_1_52' title='bbox 74 677 177 722; x_wconf 90' lang='lat' dir='ltr'><strong>inde</strong></span> <span class='ocrx_word' id='word_1_53' title='bbox 200 679 469 738; x_wconf 85' lang='lat' dir='ltr'><strong>prospecturi</strong></span> <span class='ocrx_word' id='word_1_54' title='bbox 488 679 585 739; x_wconf 85' lang='lat' dir='ltr'><strong>quis</strong></span> <span class='ocrx_word' id='word_1_55' title='bbox 605 694 655 722; x_wconf 92' lang='lat' dir='ltr'><strong>ea</strong></span> <span class='ocrx_word' id='word_1_56' title='bbox 678 677 892 736; x_wconf 85' lang='lat' dir='ltr'><strong>negligat,</strong></span> <span class='ocrx_word' id='word_1_57' title='bbox 916 677 1013 738; x_wconf 88' lang='lat' dir='ltr'><strong>quis</strong></span> <span class='ocrx_word' id='word_1_58' title='bbox 1037 678 1236 722; x_wconf 75' lang='lat' dir='ltr'><strong>observet</strong></span> <span class='ocrx_word' id='word_1_59' title='bbox 1258 699 1269 735; x_wconf 78' lang='lat'>3</span> <span class='ocrx_word' id='word_1_60' title='bbox 1299 687 1342 721; x_wconf 91' lang='lat' dir='ltr'><strong>et</strong></span> <span class='ocrx_word' id='word_1_61' title='bbox 1361 676 1463 720; x_wconf 89' lang='lat' dir='ltr'><strong>inde</strong></span> 
     </span>
     <span class='ocr_line' id='line_1_8' title="bbox 75 747 1465 808; baseline -0.001 -16"><span class='ocrx_word' id='word_1_62' title='bbox 75 750 274 804; x_wconf 88' lang='lat' dir='ltr'><strong>venturi,</strong></span> <span class='ocrx_word' id='word_1_63' title='bbox 301 758 349 793; x_wconf 91' lang='lat' dir='ltr'><strong>ut</strong></span> <span class='ocrx_word' id='word_1_64' title='bbox 370 749 426 793; x_wconf 91' lang='lat' dir='ltr'><strong>de</strong></span> <span class='ocrx_word' id='word_1_65' title='bbox 449 749 650 794; x_wconf 89' lang='lat' dir='ltr'><strong>omnibus</strong></span> <span class='ocrx_word' id='word_1_66' title='bbox 670 748 866 808; x_wconf 76' lang='lat' dir='ltr'><strong>judicet?</strong></span> <span class='ocrx_word' id='word_1_67' title='bbox 898 748 1050 793; x_wconf 87' lang='lat' dir='ltr'><strong>Habeo</strong></span> <span class='ocrx_word' id='word_1_68' title='bbox 1073 747 1465 792; x_wconf 83' lang='lat' dir='ltr'><strong>manifestissimam</strong></span> 
     </span>
     <span class='ocr_line' id='line_1_9' title="bbox 73 817 1464 879; baseline -0.002 -15"><span class='ocrx_word' id='word_1_69' title='bbox 73 834 223 865; x_wconf 89' lang='lat' dir='ltr'><strong>vocem</strong></span> <span class='ocrx_word' id='word_1_70' title='bbox 261 821 441 879; x_wconf 88' lang='lat' dir='ltr'><strong>pastoris</strong></span> <span class='ocrx_word' id='word_1_71' title='bbox 475 821 582 875; x_wconf 91' lang='lat' dir='ltr'><strong>mei,</strong></span> <span class='ocrx_word' id='word_1_72' title='bbox 622 818 967 865; x_wconf 87' lang='lat' dir='ltr'><strong>commendantis</strong></span> <span class='ocrx_word' id='word_1_73' title='bbox 995 820 1102 864; x_wconf 92' lang='lat' dir='ltr'><strong>mihi</strong></span> <span class='ocrx_word' id='word_1_74' title='bbox 1139 829 1183 864; x_wconf 90' lang='lat' dir='ltr'><strong>et</strong></span> <span class='ocrx_word' id='word_1_75' title='bbox 1224 820 1315 863; x_wconf 90' lang='lat' dir='ltr'><strong>sine</strong></span> <span class='ocrx_word' id='word_1_76' title='bbox 1365 817 1464 862; x_wconf 91' lang='lat' dir='ltr'><strong>ullis</strong></span> 
     </span>
     <span class='ocr_line' id='line_1_10' title="bbox 75 889 1464 950; baseline -0.001 -16"><span class='ocrx_word' id='word_1_77' title='bbox 75 890 328 948; x_wconf 87' lang='lat' dir='ltr'><strong>ambagibus</strong></span> <span class='ocrx_word' id='word_1_78' title='bbox 350 891 626 950; x_wconf 83' lang='lat' dir='ltr'><strong>exprimentis</strong></span> <span class='ocrx_word' id='word_1_79' title='bbox 649 890 887 935; x_wconf 85' lang='lat' dir='ltr'><strong>Ecclesiam</strong></span> <span class='ocrx_word' id='word_1_80' title='bbox 914 910 922 936; x_wconf 91' lang='lat'><strong>:</strong></span> <span class='ocrx_word' id='word_1_81' title='bbox 955 891 1061 934; x_wconf 90' lang='lat' dir='ltr'><strong>mihi</strong></span> <span class='ocrx_word' id='word_1_82' title='bbox 1091 889 1318 949; x_wconf 90' lang='lat' dir='ltr'><strong>imputabo</strong></span> <span class='ocrx_word' id='word_1_83' title='bbox 1348 889 1382 933; x_wconf 89' lang='lat' dir='ltr'><strong>si</strong></span> <span class='ocrx_word' id='word_1_84' title='bbox 1410 889 1464 933; x_wconf 89' lang='lat' dir='ltr'><strong>ab</strong></span> 
     </span>
     <span class='ocr_line' id='line_1_11' title="bbox 73 959 1465 1020; baseline -0.001 -16"><span class='ocrx_word' id='word_1_85' title='bbox 73 961 166 1020; x_wconf 80' lang='lat' dir='ltr'><strong>ejus</strong></span> <span class='ocrx_word' id='word_1_86' title='bbox 193 975 337 1020; x_wconf 85' lang='lat' dir='ltr'><strong>grege,</strong></span> <span class='ocrx_word' id='word_1_87' title='bbox 370 960 491 1020; x_wconf 86' lang='lat' dir='ltr'><strong>quod</strong></span> <span class='ocrx_word' id='word_1_88' title='bbox 524 970 588 1006; x_wconf 89' lang='lat' dir='ltr'><strong>est</strong></span> <span class='ocrx_word' id='word_1_89' title='bbox 617 962 708 1020; x_wconf 87' lang='lat' dir='ltr'><strong>ipsa</strong></span> <span class='ocrx_word' id='word_1_90' title='bbox 730 960 938 1016; x_wconf 87' lang='lat' dir='ltr'><strong>Ecclesia,</strong></span> <span class='ocrx_word' id='word_1_91' title='bbox 973 976 1049 1020; x_wconf 90' lang='lat' dir='ltr'><strong>per</strong></span> <span class='ocrx_word' id='word_1_92' title='bbox 1075 961 1208 1005; x_wconf 87' lang='lat' dir='ltr'><strong>verba</strong></span> <span class='ocrx_word' id='word_1_93' title='bbox 1236 959 1465 1004; x_wconf 89' lang='lat' dir='ltr'><strong>hominum</strong></span> 
     </span>
     <span class='ocr_line' id='line_1_12' title="bbox 73 1030 1467 1091; baseline -0.001 -16"><span class='ocrx_word' id='word_1_94' title='bbox 73 1030 223 1076; x_wconf 84' lang='lat' dir='ltr'><strong>seduci</strong></span> <span class='ocrx_word' id='word_1_95' title='bbox 244 1041 376 1091; x_wconf 87' lang='lat' dir='ltr'><strong>atque</strong></span> <span class='ocrx_word' id='word_1_96' title='bbox 397 1032 595 1076; x_wconf 86' lang='lat' dir='ltr'><strong>aberrare</strong></span> <span class='ocrx_word' id='word_1_97' title='bbox 617 1031 826 1090; x_wconf 80' lang='lat' dir='ltr'><strong>voluero3</strong></span> <span class='ocrx_word' id='word_1_98' title='bbox 847 1048 946 1077; x_wconf 91' lang='lat' dir='ltr'><strong>cum</strong></span> <span class='ocrx_word' id='word_1_99' title='bbox 971 1048 1040 1076; x_wconf 90' lang='lat' dir='ltr'><strong>me</strong></span> <span class='ocrx_word' id='word_1_100' title='bbox 1062 1032 1299 1091; x_wconf 84' lang='lat' dir='ltr'><strong>praesertim</strong></span> <span class='ocrx_word' id='word_1_101' title='bbox 1318 1030 1467 1075; x_wconf 88' lang='lat' dir='ltr'><strong>admo-</strong></span> 
     </span>
     <span class='ocr_line' id='line_1_13' title="bbox 74 1101 1462 1158; baseline -0.001 -13"><span class='ocrx_word' id='word_1_102' title='bbox 74 1101 221 1145; x_wconf 87' lang='lat' dir='ltr'><strong>nuerit</strong></span> <span class='ocrx_word' id='word_1_103' title='bbox 243 1101 417 1147; x_wconf 86' lang='lat' dir='ltr'><strong>dicens:</strong></span> <span class='ocrx_word' id='word_1_104' title='bbox 447 1121 468 1145; x_wconf 88' lang='lat'>«</span> <span class='ocrx_word' id='word_1_105' title='bbox 493 1105 601 1156; x_wconf 88' lang='lat' dir='ltr'><strong>Quae</strong></span> <span class='ocrx_word' id='word_1_106' title='bbox 623 1112 726 1146; x_wconf 89' lang='lat' dir='ltr'><strong>sunt</strong></span> <span class='ocrx_word' id='word_1_107' title='bbox 747 1118 848 1147; x_wconf 90' lang='lat' dir='ltr'><strong>oves</strong></span> <span class='ocrx_word' id='word_1_108' title='bbox 869 1117 977 1146; x_wconf 80' lang='lat' dir='ltr'><strong>meae</strong></span> <span class='ocrx_word' id='word_1_109' title='bbox 993 1137 1004 1158; x_wconf 96' lang='lat'><strong>,</strong></span> <span class='ocrx_word' id='word_1_110' title='bbox 1030 1118 1183 1147; x_wconf 89' lang='lat' dir='ltr'><strong>vocem</strong></span> <span class='ocrx_word' id='word_1_111' title='bbox 1211 1117 1351 1146; x_wconf 88' lang='lat' dir='ltr'><strong>meam</strong></span> <span class='ocrx_word' id='word_1_112' title='bbox 1383 1117 1462 1144; x_wconf 89' lang='lat' dir='ltr'><strong>au-</strong></span> 
     </span>
     <span class='ocr_line' id='line_1_14' title="bbox 78 1170 1466 1232; baseline 0.001 -20"><span class='ocrx_word' id='word_1_113' title='bbox 78 1189 98 1212; x_wconf 88' lang='lat'>»</span> <span class='ocrx_word' id='word_1_114' title='bbox 135 1170 279 1225; x_wconf 88' lang='lat' dir='ltr'><strong>diunt,</strong></span> <span class='ocrx_word' id='word_1_115' title='bbox 324 1181 367 1216; x_wconf 87' lang='lat' dir='ltr'><strong>et</strong></span> <span class='ocrx_word' id='word_1_116' title='bbox 403 1182 646 1232; x_wconf 88' lang='lat' dir='ltr'><strong>sequuntur</strong></span> <span class='ocrx_word' id='word_1_117' title='bbox 686 1188 754 1217; x_wconf 91' lang='lat' dir='ltr'><strong>me</strong></span> <span class='ocrx_word' id='word_1_118' title='bbox 782 1175 812 1216; x_wconf 88' lang='lat'><strong>¹.</strong></span> <span class='ocrx_word' id='word_1_119' title='bbox 843 1190 863 1214; x_wconf 90' lang='lat'>»</span> <span class='ocrx_word' id='word_1_120' title='bbox 890 1175 1002 1217; x_wconf 89' lang='lat' dir='ltr'><strong>Ecce</strong></span> <span class='ocrx_word' id='word_1_121' title='bbox 1043 1188 1127 1217; x_wconf 83' lang='lat' dir='ltr'><strong>vox</strong></span> <span class='ocrx_word' id='word_1_122' title='bbox 1156 1173 1246 1232; x_wconf 86' lang='lat' dir='ltr'><strong>ejus</strong></span> <span class='ocrx_word' id='word_1_123' title='bbox 1281 1170 1394 1216; x_wconf 87' lang='lat' dir='ltr'><strong>clara</strong></span> <span class='ocrx_word' id='word_1_124' title='bbox 1423 1179 1466 1214; x_wconf 89' lang='lat' dir='ltr'><strong>et</strong></span> 
     </span>
     <span class='ocr_line' id='line_1_15' title="bbox 76 1241 1467 1303; baseline 0 -18"><span class='ocrx_word' id='word_1_125' title='bbox 76 1250 224 1301; x_wconf 86' lang='lat' dir='ltr'><strong>aperta</strong></span> <span class='ocrx_word' id='word_1_126' title='bbox 249 1261 258 1286; x_wconf 90' lang='lat'>:</span> <span class='ocrx_word' id='word_1_127' title='bbox 283 1243 362 1288; x_wconf 90' lang='lat' dir='ltr'><strong>hac</strong></span> <span class='ocrx_word' id='word_1_128' title='bbox 395 1243 543 1287; x_wconf 88' lang='lat' dir='ltr'><strong>audita</strong></span> <span class='ocrx_word' id='word_1_129' title='bbox 570 1244 646 1303; x_wconf 84' lang='lat' dir='ltr'><strong>qui</strong></span> <span class='ocrx_word' id='word_1_130' title='bbox 672 1259 772 1287; x_wconf 88' lang='lat' dir='ltr'><strong>euni</strong></span> <span class='ocrx_word' id='word_1_131' title='bbox 806 1259 895 1288; x_wconf 92' lang='lat' dir='ltr'><strong>non</strong></span> <span class='ocrx_word' id='word_1_132' title='bbox 926 1244 1140 1303; x_wconf 82' lang='lat' dir='ltr'><strong>sequitur,</strong></span> <span class='ocrx_word' id='word_1_133' title='bbox 1176 1241 1399 1302; x_wconf 86' lang='lat' dir='ltr'><strong>quomodo</strong></span> <span class='ocrx_word' id='word_1_134' title='bbox 1423 1257 1467 1285; x_wconf 91' lang='lat' dir='ltr'><strong>se</strong></span> 
     </span>
     <span class='ocr_line' id='line_1_16' title="bbox 75 1312 1467 1373; baseline -0.001 -15"><span class='ocrx_word' id='word_1_135' title='bbox 75 1327 200 1358; x_wconf 89' lang='lat' dir='ltr'><strong>ovem</strong></span> <span class='ocrx_word' id='word_1_136' title='bbox 225 1314 316 1373; x_wconf 88' lang='lat' dir='ltr'><strong>ejus</strong></span> <span class='ocrx_word' id='word_1_137' title='bbox 338 1313 481 1359; x_wconf 88' lang='lat' dir='ltr'><strong>dicere</strong></span> <span class='ocrx_word' id='word_1_138' title='bbox 504 1313 709 1358; x_wconf 80' lang='lat' dir='ltr'><strong>audebit?</strong></span> <span class='ocrx_word' id='word_1_139' title='bbox 732 1317 867 1359; x_wconf 89' lang='lat' dir='ltr'><strong>Nemo</strong></span> <span class='ocrx_word' id='word_1_140' title='bbox 889 1314 994 1358; x_wconf 89' lang='lat' dir='ltr'><strong>mihi</strong></span> <span class='ocrx_word' id='word_1_141' title='bbox 1017 1313 1147 1368; x_wconf 86' lang='lat' dir='ltr'><strong>dicat,</strong></span> <span class='ocrx_word' id='word_1_142' title='bbox 1172 1315 1209 1357; x_wconf 92' lang='lat' dir='ltr'>O</span> <span class='ocrx_word' id='word_1_143' title='bbox 1232 1312 1339 1373; x_wconf 81' lang='lat' dir='ltr'><strong>quid</strong></span> <span class='ocrx_word' id='word_1_144' title='bbox 1359 1313 1467 1356; x_wconf 89' lang='lat' dir='ltr'><strong>dixit</strong></span> 
     </span>
     <span class='ocr_line' id='line_1_17' title="bbox 75 1383 1467 1444; baseline -0.001 -16"><span class='ocrx_word' id='word_1_145' title='bbox 75 1386 269 1429; x_wconf 87' lang='lat' dir='ltr'><strong>Donatus</strong></span> <span class='ocrx_word' id='word_1_146' title='bbox 284 1420 296 1439; x_wconf 95' lang='lat'><strong>,</strong></span> <span class='ocrx_word' id='word_1_147' title='bbox 319 1400 345 1430; x_wconf 93' lang='lat' dir='ltr'><strong>o</strong></span> <span class='ocrx_word' id='word_1_148' title='bbox 362 1383 468 1444; x_wconf 83' lang='lat' dir='ltr'><strong>quid</strong></span> <span class='ocrx_word' id='word_1_149' title='bbox 487 1384 594 1428; x_wconf 84' lang='lat' dir='ltr'><strong>dixit</strong></span> <span class='ocrx_word' id='word_1_150' title='bbox 609 1384 917 1428; x_wconf 82' lang='lat' dir='ltr'><strong>Parnienianus</strong></span> <span class='ocrx_word' id='word_1_151' title='bbox 931 1419 942 1439; x_wconf 87' lang='lat'><strong>,</strong></span> <span class='ocrx_word' id='word_1_152' title='bbox 963 1393 1038 1428; x_wconf 87' lang='lat' dir='ltr'><strong>aut</strong></span> <span class='ocrx_word' id='word_1_153' title='bbox 1056 1383 1253 1438; x_wconf 91' lang='lat' dir='ltr'><strong>Pontius,</strong></span> <span class='ocrx_word' id='word_1_154' title='bbox 1275 1392 1351 1426; x_wconf 89' lang='lat' dir='ltr'><strong>aut</strong></span> <span class='ocrx_word' id='word_1_155' title='bbox 1368 1383 1467 1442; x_wconf 89' lang='lat' dir='ltr'><strong>qui-</strong></span> 
     </span>
     <span class='ocr_line' id='line_1_18' title="bbox 73 1453 1465 1514; baseline -0.001 -16"><span class='ocrx_word' id='word_1_156' title='bbox 73 1453 183 1499; x_wconf 89' lang='lat' dir='ltr'><strong>libet</strong></span> <span class='ocrx_word' id='word_1_157' title='bbox 213 1455 403 1500; x_wconf 90' lang='lat' dir='ltr'><strong>illorum.</strong></span> <span class='ocrx_word' id='word_1_158' title='bbox 440 1455 549 1509; x_wconf 87' lang='lat' dir='ltr'><strong>Quia</strong></span> <span class='ocrx_word' id='word_1_159' title='bbox 584 1470 663 1499; x_wconf 92' lang='lat' dir='ltr'><strong>nec</strong></span> <span class='ocrx_word' id='word_1_160' title='bbox 691 1454 914 1500; x_wconf 88' lang='lat' dir='ltr'><strong>catholicis</strong></span> <span class='ocrx_word' id='word_1_161' title='bbox 945 1453 1156 1514; x_wconf 91' lang='lat' dir='ltr'><strong>episcopis</strong></span> <span class='ocrx_word' id='word_1_162' title='bbox 1184 1453 1465 1499; x_wconf 89' lang='lat' dir='ltr'><strong>consentien-</strong></span> 
     </span>
     <span class='ocr_line' id='line_1_19' title="bbox 75 1524 1467 1582; baseline -0.001 -13"><span class='ocrx_word' id='word_1_163' title='bbox 75 1525 184 1570; x_wconf 89' lang='lat' dir='ltr'><strong>dum</strong></span> <span class='ocrx_word' id='word_1_164' title='bbox 217 1535 301 1582; x_wconf 91' lang='lat' dir='ltr'><strong>est,</strong></span> <span class='ocrx_word' id='word_1_165' title='bbox 326 1526 464 1571; x_wconf 88' lang='lat' dir='ltr'><strong>sicubi</strong></span> <span class='ocrx_word' id='word_1_166' title='bbox 486 1525 600 1571; x_wconf 85' lang='lat' dir='ltr'><strong>forte</strong></span> <span class='ocrx_word' id='word_1_167' title='bbox 627 1524 860 1580; x_wconf 83' lang='lat' dir='ltr'><strong>falluntur,</strong></span> <span class='ocrx_word' id='word_1_168' title='bbox 888 1534 938 1570; x_wconf 91' lang='lat' dir='ltr'><strong>ut</strong></span> <span class='ocrx_word' id='word_1_169' title='bbox 962 1535 1113 1570; x_wconf 86' lang='lat' dir='ltr'><strong>contra</strong></span> <span class='ocrx_word' id='word_1_170' title='bbox 1135 1526 1364 1569; x_wconf 89' lang='lat' dir='ltr'><strong>canonicas</strong></span> <span class='ocrx_word' id='word_1_171' title='bbox 1392 1524 1467 1567; x_wconf 91' lang='lat' dir='ltr'><strong>Dei</strong></span> 
     </span>
     <span class='ocr_line' id='line_1_20' title="bbox 76 1595 1466 1658; baseline -0.002 -16"><span class='ocrx_word' id='word_1_172' title='bbox 76 1598 318 1656; x_wconf 84' lang='lat' dir='ltr'><strong>Scripturas</strong></span> <span class='ocrx_word' id='word_1_173' title='bbox 350 1597 516 1658; x_wconf 84' lang='lat' dir='ltr'><strong>aliquid</strong></span> <span class='ocrx_word' id='word_1_174' title='bbox 547 1598 751 1643; x_wconf 87' lang='lat' dir='ltr'><strong>sentiant.</strong></span> <span class='ocrx_word' id='word_1_175' title='bbox 782 1597 868 1642; x_wconf 91' lang='lat' dir='ltr'><strong>Sed</strong></span> <span class='ocrx_word' id='word_1_176' title='bbox 897 1597 930 1640; x_wconf 91' lang='lat' dir='ltr'><strong>si</strong></span> <span class='ocrx_word' id='word_1_177' title='bbox 962 1595 1183 1642; x_wconf 89' lang='lat' dir='ltr'><strong>custodito</strong></span> <span class='ocrx_word' id='word_1_178' title='bbox 1218 1596 1397 1640; x_wconf 85' lang='lat' dir='ltr'><strong>unitatis</strong></span> <span class='ocrx_word' id='word_1_179' title='bbox 1421 1604 1466 1640; x_wconf 89' lang='lat' dir='ltr'><strong>et</strong></span> 
     </span>
     <span class='ocr_line' id='line_1_21' title="bbox 75 1666 1466 1727; baseline -0.001 -15"><span class='ocrx_word' id='word_1_180' title='bbox 75 1668 295 1713; x_wconf 86' lang='lat' dir='ltr'><strong>charitatis</strong></span> <span class='ocrx_word' id='word_1_181' title='bbox 338 1667 514 1713; x_wconf 88' lang='lat' dir='ltr'><strong>vinculo</strong></span> <span class='ocrx_word' id='word_1_182' title='bbox 552 1670 596 1712; x_wconf 89' lang='lat' dir='ltr'><strong>in</strong></span> <span class='ocrx_word' id='word_1_183' title='bbox 638 1669 722 1713; x_wconf 84' lang='lat' dir='ltr'><strong>hoc</strong></span> <span class='ocrx_word' id='word_1_184' title='bbox 758 1667 987 1723; x_wconf 91' lang='lat' dir='ltr'><strong>incidunt,</strong></span> <span class='ocrx_word' id='word_1_185' title='bbox 1036 1669 1112 1712; x_wconf 87' lang='lat' dir='ltr'><strong>fiet</strong></span> <span class='ocrx_word' id='word_1_186' title='bbox 1153 1668 1199 1712; x_wconf 90' lang='lat' dir='ltr'><strong>in</strong></span> <span class='ocrx_word' id='word_1_187' title='bbox 1242 1667 1301 1711; x_wconf 91' lang='lat' dir='ltr'><strong>eis</strong></span> <span class='ocrx_word' id='word_1_188' title='bbox 1344 1666 1466 1727; x_wconf 87' lang='lat' dir='ltr'><strong>quod</strong></span> 
     </span>
     <span class='ocr_line' id='line_1_22' title="bbox 75 1738 1464 1799; baseline -0.001 -16"><span class='ocrx_word' id='word_1_189' title='bbox 75 1738 308 1798; x_wconf 82' lang='lat' dir='ltr'><strong>Apostolus</strong></span> <span class='ocrx_word' id='word_1_190' title='bbox 330 1740 423 1785; x_wconf 89' lang='lat' dir='ltr'><strong>ait:</strong></span> <span class='ocrx_word' id='word_1_191' title='bbox 452 1760 473 1782; x_wconf 89' lang='lat'>«</span> <span class='ocrx_word' id='word_1_192' title='bbox 502 1741 557 1783; x_wconf 91' lang='lat' dir='ltr'><strong>Et</strong></span> <span class='ocrx_word' id='word_1_193' title='bbox 590 1739 623 1783; x_wconf 91' lang='lat' dir='ltr'><strong>si</strong></span> <span class='ocrx_word' id='word_1_194' title='bbox 660 1739 768 1799; x_wconf 92' lang='lat' dir='ltr'><strong>quid</strong></span> <span class='ocrx_word' id='word_1_195' title='bbox 801 1739 924 1784; x_wconf 86' lang='lat' dir='ltr'><strong>aliter</strong></span> <span class='ocrx_word' id='word_1_196' title='bbox 956 1739 1128 1798; x_wconf 81' lang='lat' dir='ltr'><strong>sapitiS‚</strong></span> <span class='ocrx_word' id='word_1_197' title='bbox 1166 1739 1251 1783; x_wconf 91' lang='lat' dir='ltr'><strong>hoc</strong></span> <span class='ocrx_word' id='word_1_198' title='bbox 1286 1753 1464 1798; x_wconf 84' lang='lat' dir='ltr'><strong>quoque</strong></span> 
     </span>
     <span class='ocr_line' id='line_1_23' title="bbox 79 1808 1469 1856; baseline 0 -4"><span class='ocrx_word' id='word_1_199' title='bbox 79 1813 229 1856; x_wconf 83' lang='lat' dir='ltr'><strong>»Deus</strong></span> <span class='ocrx_word' id='word_1_200' title='bbox 248 1810 370 1856; x_wconf 88' lang='lat' dir='ltr'><strong>vobis</strong></span> <span class='ocrx_word' id='word_1_201' title='bbox 395 1810 605 1855; x_wconf 85' lang='lat' dir='ltr'><strong>revelabit</strong></span> <span class='ocrx_word' id='word_1_202' title='bbox 624 1813 655 1853; x_wconf 84' lang='lat'><strong>².</strong></span> <span class='ocrx_word' id='word_1_203' title='bbox 673 1829 693 1852; x_wconf 89' lang='lat'>»</span> <span class='ocrx_word' id='word_1_204' title='bbox 721 1813 817 1854; x_wconf 89' lang='lat' dir='ltr'><strong>Jam</strong></span> <span class='ocrx_word' id='word_1_205' title='bbox 838 1826 942 1856; x_wconf 84' lang='lat' dir='ltr'><strong>vero</strong></span> <span class='ocrx_word' id='word_1_206' title='bbox 965 1810 1058 1855; x_wconf 86' lang='lat' dir='ltr'><strong>istae</strong></span> <span class='ocrx_word' id='word_1_207' title='bbox 1085 1809 1245 1855; x_wconf 81' lang='lat' dir='ltr'><strong>divinae</strong></span> <span class='ocrx_word' id='word_1_208' title='bbox 1266 1825 1392 1855; x_wconf 85' lang='lat' dir='ltr'><strong>voces</strong></span> <span class='ocrx_word' id='word_1_209' title='bbox 1415 1808 1469 1852; x_wconf 92' lang='lat' dir='ltr'><strong>de</strong></span> 
     </span>
     <span class='ocr_line' id='line_1_24' title="bbox 76 1879 1468 1936; baseline -0.002 -11"><span class='ocrx_word' id='word_1_210' title='bbox 76 1882 274 1926; x_wconf 82' lang='lat' dir='ltr'><strong>universa</strong></span> <span class='ocrx_word' id='word_1_211' title='bbox 298 1881 513 1935; x_wconf 87' lang='lat' dir='ltr'><strong>Ecclesia,</strong></span> <span class='ocrx_word' id='word_1_212' title='bbox 539 1882 595 1926; x_wconf 91' lang='lat' dir='ltr'><strong>ita</strong></span> <span class='ocrx_word' id='word_1_213' title='bbox 625 1880 865 1926; x_wconf 84' lang='lat' dir='ltr'><strong>manifestae</strong></span> <span class='ocrx_word' id='word_1_214' title='bbox 892 1891 1008 1936; x_wconf 88' lang='lat' dir='ltr'><strong>sunt,</strong></span> <span class='ocrx_word' id='word_1_215' title='bbox 1034 1890 1083 1926; x_wconf 91' lang='lat' dir='ltr'><strong>ut</strong></span> <span class='ocrx_word' id='word_1_216' title='bbox 1110 1890 1262 1926; x_wconf 89' lang='lat' dir='ltr'><strong>contra</strong></span> <span class='ocrx_word' id='word_1_217' title='bbox 1287 1896 1356 1925; x_wconf 89' lang='lat' dir='ltr'><strong>eas</strong></span> <span class='ocrx_word' id='word_1_218' title='bbox 1385 1879 1468 1923; x_wconf 87' lang='lat' dir='ltr'><strong>uisi</strong></span> 
     </span>
     <span class='ocr_line' id='line_1_25' title="bbox 75 1950 1467 2011; baseline -0.002 -15"><span class='ocrx_word' id='word_1_219' title='bbox 75 1951 269 1997; x_wconf 86' lang='lat' dir='ltr'><strong>haeretici</strong></span> <span class='ocrx_word' id='word_1_220' title='bbox 290 1953 482 1997; x_wconf 89' lang='lat' dir='ltr'><strong>animosa</strong></span> <span class='ocrx_word' id='word_1_221' title='bbox 508 1952 786 2011; x_wconf 86' lang='lat' dir='ltr'><strong>perversitate</strong></span> <span class='ocrx_word' id='word_1_222' title='bbox 818 1961 861 1996; x_wconf 91' lang='lat' dir='ltr'><strong>et</strong></span> <span class='ocrx_word' id='word_1_223' title='bbox 885 1967 1002 1997; x_wconf 86' lang='lat' dir='ltr'><strong>caeco</strong></span> <span class='ocrx_word' id='word_1_224' title='bbox 1027 1951 1174 1997; x_wconf 85' lang='lat' dir='ltr'><strong>furore</strong></span> <span class='ocrx_word' id='word_1_225' title='bbox 1196 1950 1354 1996; x_wconf 84' lang='lat' dir='ltr'><strong>latrare</strong></span> <span class='ocrx_word' id='word_1_226' title='bbox 1377 1965 1467 1994; x_wconf 91' lang='lat' dir='ltr'><strong>non</strong></span> 
     </span>
     <span class='ocr_line' id='line_1_26' title="bbox 77 2022 258 2080; baseline -0.006 -14"><span class='ocrx_word' id='word_1_227' title='bbox 77 2022 258 2080; x_wconf 89' lang='lat' dir='ltr'><strong>possint.</strong></span> 
     </span>
    </p>

    <p class='ocr_par' dir='ltr' id='par_1_3' title="bbox 77 2089 1467 2578">
     <span class='ocr_line' id='line_1_27' title="bbox 134 2089 1464 2151; baseline -0.002 -15"><span class='ocrx_word' id='word_1_228' title='bbox 134 2094 300 2137; x_wconf 73' lang='lat' dir='ltr'><strong>xxix.</strong></span> <span class='ocrx_word' id='word_1_229' title='bbox 339 2092 423 2138; x_wconf 89' lang='lat' dir='ltr'><strong>Sed</strong></span> <span class='ocrx_word' id='word_1_230' title='bbox 454 2091 707 2151; x_wconf 85' lang='lat' dir='ltr'><strong>praedictam</strong></span> <span class='ocrx_word' id='word_1_231' title='bbox 735 2091 1128 2136; x_wconf 88' lang='lat' dir='ltr'><strong>demonstravimus</strong></span> <span class='ocrx_word' id='word_1_232' title='bbox 1159 2090 1396 2135; x_wconf 86' lang='lat' dir='ltr'><strong>Ecclesiam</strong></span> <span class='ocrx_word' id='word_1_233' title='bbox 1418 2089 1464 2133; x_wconf 88' lang='lat' dir='ltr'><strong>in</strong></span> 
     </span>
     <span class='ocr_line' id='line_1_28' title="bbox 77 2162 1467 2223; baseline -0.002 -17"><span class='ocrx_word' id='word_1_234' title='bbox 77 2163 212 2207; x_wconf 89' lang='lat' dir='ltr'><strong>verbo</strong></span> <span class='ocrx_word' id='word_1_235' title='bbox 238 2163 312 2207; x_wconf 91' lang='lat' dir='ltr'><strong>Dei</strong></span> <span class='ocrx_word' id='word_1_236' title='bbox 339 2178 496 2223; x_wconf 90' lang='lat' dir='ltr'><strong>sponso</strong></span> <span class='ocrx_word' id='word_1_237' title='bbox 519 2163 630 2222; x_wconf 88' lang='lat' dir='ltr'><strong>ejus,</strong></span> <span class='ocrx_word' id='word_1_238' title='bbox 661 2162 748 2207; x_wconf 82' lang='lat' dir='ltr'><strong>sive</strong></span> <span class='ocrx_word' id='word_1_239' title='bbox 771 2178 846 2222; x_wconf 91' lang='lat' dir='ltr'><strong>per</strong></span> <span class='ocrx_word' id='word_1_240' title='bbox 874 2166 1033 2220; x_wconf 87' lang='lat' dir='ltr'><strong>Legem</strong></span> <span class='ocrx_word' id='word_1_241' title='bbox 1049 2197 1060 2217; x_wconf 91' lang='lat'><strong>‚</strong></span> <span class='ocrx_word' id='word_1_242' title='bbox 1085 2171 1128 2206; x_wconf 90' lang='lat' dir='ltr'><strong>et</strong></span> <span class='ocrx_word' id='word_1_243' title='bbox 1149 2162 1403 2221; x_wconf 83' lang='lat' dir='ltr'><strong>Prophetas,</strong></span> <span class='ocrx_word' id='word_1_244' title='bbox 1423 2168 1467 2204; x_wconf 92' lang='lat' dir='ltr'><strong>et</strong></span> 
     </span>
     <span class='ocr_line' id='line_1_29' title="bbox 78 2232 1462 2294; baseline -0.002 -16"><span class='ocrx_word' id='word_1_245' title='bbox 78 2233 292 2290; x_wconf 85' lang='lat' dir='ltr'><strong>Psalmos,</strong></span> <span class='ocrx_word' id='word_1_246' title='bbox 318 2235 405 2279; x_wconf 86' lang='lat' dir='ltr'><strong>sive</strong></span> <span class='ocrx_word' id='word_1_247' title='bbox 427 2249 503 2293; x_wconf 89' lang='lat' dir='ltr'><strong>per</strong></span> <span class='ocrx_word' id='word_1_248' title='bbox 522 2249 569 2278; x_wconf 93' lang='lat' dir='ltr'><strong>os</strong></span> <span class='ocrx_word' id='word_1_249' title='bbox 594 2234 816 2294; x_wconf 85' lang='lat' dir='ltr'><strong>proprium</strong></span> <span class='ocrx_word' id='word_1_250' title='bbox 833 2269 844 2288; x_wconf 95' lang='lat'><strong>,</strong></span> <span class='ocrx_word' id='word_1_251' title='bbox 865 2233 920 2277; x_wconf 87' lang='lat' dir='ltr'><strong>ab</strong></span> <span class='ocrx_word' id='word_1_252' title='bbox 939 2232 1175 2278; x_wconf 86' lang='lat' dir='ltr'><strong>Jerusalem</strong></span> <span class='ocrx_word' id='word_1_253' title='bbox 1200 2242 1462 2292; x_wconf 89' lang='lat' dir='ltr'><strong>coepturam,</strong></span> 
     </span>
     <span class='ocr_line' id='line_1_30' title="bbox 78 2301 1466 2366; baseline -0.004 -16"><span class='ocrx_word' id='word_1_254' title='bbox 78 2314 121 2350; x_wconf 90' lang='lat' dir='ltr'><strong>et</strong></span> <span class='ocrx_word' id='word_1_255' title='bbox 143 2314 448 2365; x_wconf 87' lang='lat' dir='ltr'><strong>perventuram</strong></span> <span class='ocrx_word' id='word_1_256' title='bbox 470 2321 610 2366; x_wconf 87' lang='lat' dir='ltr'><strong>usque</strong></span> <span class='ocrx_word' id='word_1_257' title='bbox 632 2304 687 2349; x_wconf 90' lang='lat' dir='ltr'><strong>ad</strong></span> <span class='ocrx_word' id='word_1_258' title='bbox 711 2306 917 2350; x_wconf 87' lang='lat' dir='ltr'><strong>terminos</strong></span> <span class='ocrx_word' id='word_1_259' title='bbox 938 2306 1053 2350; x_wconf 91' lang='lat' dir='ltr'><strong>orbis</strong></span> <span class='ocrx_word' id='word_1_260' title='bbox 1077 2314 1218 2359; x_wconf 81' lang='lat' dir='ltr'><strong>terrae,</strong></span> <span class='ocrx_word' id='word_1_261' title='bbox 1243 2301 1466 2363; x_wconf 84' lang='lat' dir='ltr'><strong>quomodo</strong></span> 
     </span>
     <span class='ocr_line' id='line_1_31' title="bbox 77 2372 1466 2434; baseline -0.004 -14"><span class='ocrx_word' id='word_1_262' title='bbox 77 2385 223 2420; x_wconf 83' lang='lat' dir='ltr'><strong>autem</strong></span> <span class='ocrx_word' id='word_1_263' title='bbox 241 2377 424 2434; x_wconf 88' lang='lat' dir='ltr'><strong>coeperit</strong></span> <span class='ocrx_word' id='word_1_264' title='bbox 441 2376 496 2420; x_wconf 89' lang='lat' dir='ltr'><strong>ab</strong></span> <span class='ocrx_word' id='word_1_265' title='bbox 513 2376 768 2430; x_wconf 86' lang='lat' dir='ltr'><strong>Jerusalem,</strong></span> <span class='ocrx_word' id='word_1_266' title='bbox 789 2385 832 2419; x_wconf 87' lang='lat' dir='ltr'><strong>et</strong></span> <span class='ocrx_word' id='word_1_267' title='bbox 851 2376 896 2420; x_wconf 87' lang='lat' dir='ltr'><strong>in</strong></span> <span class='ocrx_word' id='word_1_268' title='bbox 919 2391 1067 2420; x_wconf 87' lang='lat' dir='ltr'><strong>omncs</strong></span> <span class='ocrx_word' id='word_1_269' title='bbox 1090 2384 1238 2433; x_wconf 87' lang='lat' dir='ltr'><strong>gentes</strong></span> <span class='ocrx_word' id='word_1_270' title='bbox 1261 2372 1361 2416; x_wconf 89' lang='lat' dir='ltr'><strong>inde</strong></span> <span class='ocrx_word' id='word_1_271' title='bbox 1383 2372 1466 2416; x_wconf 87' lang='lat' dir='ltr'><strong>dif-</strong></span> 
     </span>
     <span class='ocr_line' id='line_1_32' title="bbox 78 2441 1464 2503; baseline -0.004 -13"><span class='ocrx_word' id='word_1_272' title='bbox 78 2443 175 2490; x_wconf 84' lang='lat' dir='ltr'><strong>fusa</strong></span> <span class='ocrx_word' id='word_1_273' title='bbox 196 2444 429 2490; x_wconf 83' lang='lat' dir='ltr'><strong>fructificet</strong></span> <span class='ocrx_word' id='word_1_274' title='bbox 447 2480 458 2500; x_wconf 86' lang='lat'><strong>,</strong></span> <span class='ocrx_word' id='word_1_275' title='bbox 485 2446 529 2489; x_wconf 88' lang='lat' dir='ltr'><strong>in</strong></span> <span class='ocrx_word' id='word_1_276' title='bbox 549 2444 703 2490; x_wconf 87' lang='lat' dir='ltr'><strong>eodem</strong></span> <span class='ocrx_word' id='word_1_277' title='bbox 722 2447 856 2490; x_wconf 87' lang='lat' dir='ltr'><strong>verbo</strong></span> <span class='ocrx_word' id='word_1_278' title='bbox 880 2446 956 2490; x_wconf 88' lang='lat' dir='ltr'><strong>Dei</strong></span> <span class='ocrx_word' id='word_1_279' title='bbox 977 2449 1107 2489; x_wconf 86' lang='lat' dir='ltr'><strong>etiam</strong></span> <span class='ocrx_word' id='word_1_280' title='bbox 1135 2460 1210 2503; x_wconf 90' lang='lat' dir='ltr'><strong>per</strong></span> <span class='ocrx_word' id='word_1_281' title='bbox 1234 2441 1464 2502; x_wconf 80' lang='lat' dir='ltr'><strong>Apostolos</strong></span> 
     </span>
     <span class='ocr_line' id='line_1_33' title="bbox 79 2514 1464 2578; baseline -0.004 -16"><span class='ocrx_word' id='word_1_282' title='bbox 79 2514 418 2572; x_wconf 89' lang='lat' dir='ltr'><strong>demonstratur,</strong></span> <span class='ocrx_word' id='word_1_283' title='bbox 439 2517 551 2560; x_wconf 89' lang='lat' dir='ltr'><strong>sicut</strong></span> <span class='ocrx_word' id='word_1_284' title='bbox 566 2516 776 2578; x_wconf 80' lang='lat' dir='ltr'><strong>scriptum</strong></span> <span class='ocrx_word' id='word_1_285' title='bbox 796 2516 921 2562; x_wconf 87' lang='lat' dir='ltr'><strong>estin</strong></span> <span class='ocrx_word' id='word_1_286' title='bbox 939 2515 1121 2562; x_wconf 86' lang='lat' dir='ltr'><strong>Actibus</strong></span> <span class='ocrx_word' id='word_1_287' title='bbox 1137 2514 1464 2575; x_wconf 80' lang='lat' dir='ltr'><strong>Apostolorum,</strong></span> 
     </span>
    </p>

    <p class='ocr_par' dir='ltr' id='par_1_4' title="bbox 132 2601 737 2645">
     <span class='ocr_line' id='line_1_34' title="bbox 132 2601 737 2645; baseline -0.005 -10"><span class='ocrx_word' id='word_1_288' title='bbox 132 2607 144 2625; x_wconf 86' lang='lat'>¹</span> <span class='ocrx_word' id='word_1_289' title='bbox 158 2603 249 2635; x_wconf 81' lang='lat' dir='ltr'><strong>Joan.</strong></span> <span class='ocrx_word' id='word_1_290' title='bbox 267 2611 302 2644; x_wconf 83' lang='lat' dir='ltr'><strong>x,</strong></span> <span class='ocrx_word' id='word_1_291' title='bbox 320 2610 375 2645; x_wconf 73' lang='lat'><strong>27,</strong></span> <span class='ocrx_word' id='word_1_292' title='bbox 394 2617 434 2625; x_wconf 94' lang='lat'><strong>—</strong></span> <span class='ocrx_word' id='word_1_293' title='bbox 450 2607 464 2626; x_wconf 83' lang='lat'>²</span> <span class='ocrx_word' id='word_1_294' title='bbox 481 2601 596 2645; x_wconf 82' lang='lat' dir='ltr'><strong>Philip.</strong></span> <span class='ocrx_word' id='word_1_295' title='bbox 615 2612 661 2643; x_wconf 86' lang='lat' dir='ltr'><strong>m,</strong></span> <span class='ocrx_word' id='word_1_296' title='bbox 683 2601 737 2634; x_wconf 84' lang='lat'><strong>15.</strong></span> 
     </span>
    </p>
   </div>
   <div class='ocr_carea' id='block_1_3' title="bbox 1218 2643 1280 2682">
    <p class='ocr_par' dir='ltr' id='par_1_5' title="bbox 1218 2643 1280 2682">
     <span class='ocr_line' id='line_1_35' title="bbox 1218 2643 1280 2682; baseline -0.016 0"><span class='ocrx_word' id='word_1_297' title='bbox 1218 2643 1280 2682; x_wconf 84' lang='lat'><strong>16.</strong></span> 
     </span>
    </p>
   </div>
  </div>
 </body>
</html>
