1825 3264
480 270 531 296 DE
566 270 751 297 L'NITATE
785 271 998 297 ECCLESIAE.
1351 262 1433 298 273

50 332 264 387 fallerent,
291 333 448 393 adjecit
465 334 746 379 vehementer
768 335 1093 390 commendans,
1113 344 1156 380 et
1171 336 1227 380 ait
1252 355 1260 381 :
1287 355 1307 378 «
1328 339 1441 382 Ecce

51 421 71 444 »
98 403 277 462 praedixi
294 404 417 448 vobis
434 406 463 447 ¹.
486 422 506 445 »
537 405 661 449 Unde
679 415 720 450 et
741 406 973 466 Apostolus
993 406 1230 451 admonens
1252 423 1262 450 :
1295 426 1314 448 «
1342 409 1441 467 Spi-

50 491 70 514 υ
95 474 218 528 ritus,
238 474 399 533 inquit,
424 474 651 519 manifeste
674 476 802 531 dicit,
822 476 922 535 quia
942 477 985 520 in
1009 477 1248 521 novissimis
1270 486 1442 537 tempo-

50 563 69 585 »
95 544 215 589 ribus
233 544 439 590 recedent
460 545 637 606 quidam
661 563 683 591 a
707 547 809 602 fide,
835 547 1110 592 intendentes
1131 549 1352 607 spiritibus
1373 565 1441 594 se-

48 634 68 658 »
94 617 367 672 ductoribus,
389 627 430 662 et
447 618 656 663 doctrinis
672 618 1037 663 daemonioru1n2.
1056 638 1075 661 »
1096 623 1229 664 Porro
1240 621 1273 664 si
1288 620 1444 681 aliquis

43 686 89 730 in
113 687 415 732 haereticorum
431 688 652 733 Memoriis
670 704 797 733 orans
815 688 1059 743 exauditur,
1087 704 1175 734 non
1191 705 1269 749 pro
1289 691 1445 736 merito

42 756 149 811 loci,
170 759 246 802 sed
268 773 346 817 pro
365 761 520 804 merito
543 759 745 803 desiderii
767 760 832 804 sui
854 759 1006 818 recipit
1026 760 1114 802 sive
1137 759 1302 804 bonum
1317 796 1327 814 ,
1354 762 1443 806 sive

43 826 222 872 malum.
253 847 272 870 «
297 829 480 887 Spiritus
499 830 613 872 enim
637 830 808 874 Domini
831 865 841 884 ,
882 831 993 874 sicut
1018 830 1229 888 scriptum
1254 841 1314 875 est
1335 867 1345 886 ,
1385 848 1445 876 re-

46 897 217 957 »plevit
239 899 389 943 orbem
409 909 618 943 terrarum
635 900 665 942 ³.
691 919 710 941 »
733 903 805 954 Et,
829 902 991 944 «Auris
1006 900 1085 945 zeli
1102 901 1399 946 auditomnia.
1423 920 1443 943 »

43 971 100 1014 Et
122 969 249 1014 multi
273 970 384 1014 irato
408 973 497 1014 Deo
515 970 809 1014 exaudiuntur
836 989 844 1015 :
871 969 926 1014 de
948 970 1154 1030 qualibus
1176 971 1283 1016 dicit
1305 976 1449 1031 Apos-

43 1039 158 1084 tolus
184 1059 193 1084 :
224 1060 243 1082 «
271 1039 465 1084 Tradidit
486 1040 584 1085 illos
603 1044 717 1085 Deus
731 1041 777 1084 in
800 1041 1174 1100 concupiscentias
1192 1043 1333 1086 cordis
1350 1042 1449 1087 illo·

44 1127 65 1152 »
89 1126 185 1154 rum
203 1111 235 1153 ⁴.
258 1130 277 1151 »
304 1113 360 1154 Et
384 1110 532 1155 multis
571 1111 783 1170 propitius
810 1114 922 1155 Deus
944 1127 1032 1156 non
1056 1112 1207 1155 tribuit
1229 1112 1349 1172 quod
1370 1128 1448 1157 vo-

41 1179 163 1235 lunt,
189 1191 239 1226 ut
260 1182 382 1241 quod
404 1182 512 1225 utile
535 1191 613 1237 est,
642 1182 816 1226 tribuat.
845 1181 970 1226 Unde
991 1182 1106 1227 idem
1128 1183 1364 1241 Apostolus
1386 1184 1445 1227 ait

40 1252 96 1297 de
119 1252 302 1296 stimulo
326 1253 466 1296 carnis
487 1268 576 1296 suae
592 1289 602 1307 ,
632 1253 788 1312 angelo
811 1256 1005 1307 Satanae,
1031 1269 1162 1313 quem
1185 1255 1267 1298 sibi
1290 1254 1442 1298 datum

40 1324 167 1375 dicit,
195 1340 216 1367 a
240 1340 330 1384 quo
351 1323 713 1383 colaphizaretur,
740 1339 795 1367 ne
812 1323 1114 1382 magnitudine
1131 1324 1448 1369 revelationum

41 1391 334 1439 extolleretur.
369 1413 388 1435 «
412 1397 593 1454 Propter
615 1395 736 1454 quod
759 1403 823 1437 ter
845 1393 1082 1438 Dominum
1105 1394 1268 1452 rogavi,
1294 1404 1343 1438 ut
1366 1411 1447 1439 au·-

43 1483 64 1507 »
90 1465 222 1509 ferret
244 1480 342 1509 eum
363 1480 387 1509 a
409 1480 493 1508 me.
522 1467 578 1508 Et
599 1464 708 1508 dixit
728 1463 836 1508 mihi
858 1483 866 1507 :
896 1464 1066 1509 Sufficit
1085 1464 1163 1508 tibi
1180 1465 1315 1522 gratia
1331 1480 1442 1521 mea,

43 1553 64 1578 »
90 1551 193 1580 nam
214 1537 353 1581 virtus
375 1536 420 1580 in
443 1536 696 1580 infirmitate
724 1535 949 1594 perficitur
965 1537 995 1578 ⁵.
1026 1553 1045 1576 »
1080 1537 1235 1580 Nonne
1260 1535 1445 1595 legimus

40 1607 96 1650 ab
118 1607 211 1665 ipso
235 1606 421 1651 Domino
443 1609 533 1650 Deo
552 1604 788 1650 nonnullos
809 1604 1035 1649 exauditos
1057 1605 1103 1649 in
1121 1604 1296 1650 excelsis
1314 1621 1443 1651 mon-

39 1676 149 1721 tium
172 1679 194 1720 J
202 1676 339 1720 udaeae
353 1711 364 1730 ,
390 1691 489 1736 quae
514 1684 659 1719 tamen
679 1674 843 1720 excelsa
866 1676 925 1719 ita
947 1675 1238 1735 displicebant
1260 1678 1372 1731 Deo,
1394 1686 1444 1720 ut

40 1755 84 1791 et
107 1762 230 1806 reges
247 1747 325 1806 qui
347 1762 395 1790 ea
418 1761 507 1790 non
530 1755 798 1800 everterent,
825 1746 1108 1805 culparentur
1122 1780 1132 1800 ,
1161 1755 1204 1790 et
1221 1747 1298 1806 qui
1316 1761 1441 1791 ever-

40 1824 212 1872 terent,
250 1816 563 1860 laudarentur?
585 1816 710 1860 Unde
740 1815 999 1874 intelligitur
1026 1816 1160 1873 magis
1189 1815 1332 1859 valere
1365 1832 1442 1875 pe-

38 1887 171 1931 tentis
194 1886 401 1931 affectum
420 1921 430 1940 ,
470 1901 602 1945 quam
625 1885 844 1945 petitionis
880 1885 1042 1930 locum.
1069 1889 1131 1930 De
1165 1885 1264 1930 visis
1293 1896 1439 1930 autem

40 1954 274 2001 fallacibus
296 1956 444 2015 legant
466 1972 566 2016 quae
588 1956 747 2015 scripta
771 1964 895 2009 sunt,
934 1965 977 1999 et
1011 1956 1114 2014 quia
1146 1956 1236 2014 ipse
1261 1958 1440 2000 Satanas

39 2028 317 2086 transfigurat
328 2043 372 2071 se
388 2037 595 2086 tanquam
613 2026 814 2085 angelum
834 2026 942 2070 lucis
958 2027 991 2080 ὓ,
1017 2035 1061 2069 et
1078 2026 1179 2085 quia
1194 2026 1354 2071 multos
1367 2043 1437 2070 se-

39 2099 259 2144 duxerunt
281 2099 446 2143 somnia
465 2113 541 2141 sua
555 2100 584 2141 ⁷.
609 2098 802 2141 Audiant
816 2098 944 2142 etiam
967 2112 1066 2156 quae
1084 2106 1261 2141 narrent
1275 2099 1436 2156 Pagani

39 2169 94 2214 de
117 2169 287 2229 templis
310 2179 353 2213 et
374 2169 454 2212 diis
475 2170 560 2212 suis
580 2167 836 2213 mirabiliter
856 2167 919 2212 vel
939 2167 1076 2222 facta,
1100 2168 1169 2212 vel
1188 2168 1275 2213 visa
1292 2188 1299 2212 :
1315 2178 1436 2213 etta-

40 2255 142 2286 men
173 2260 194 2284 «
220 2241 286 2286 Dii
312 2241 508 2299 gentium
531 2240 746 2284 daemonia
762 2275 772 2293 ,
800 2240 1010 2284 Dominus
1035 2249 1180 2283 autem
1209 2239 1344 2284 coelos
1369 2239 1435 2284 fe-

43 2329 65 2355 »
81 2313 185 2357 cit8.
206 2331 226 2353 »
252 2311 557 2357 Exaudiuntur
579 2326 679 2370 ergo
702 2312 828 2356 multi
851 2320 894 2356 et
916 2312 1063 2356 multis
1082 2311 1238 2364 modis,
1258 2328 1346 2356 non
1368 2327 1436 2356 so—

40 2381 133 2428 lum
169 2383 403 2428 Christiani
437 2381 668 2436 catholici,
708 2381 784 2426 sed
816 2392 858 2426 et
892 2383 1050 2439 Pagani
1073 2416 1084 2436 ‚
1120 2392 1163 2426 et
1190 2381 1331 2426 Judaei
1347 2417 1357 2437 ,
1394 2392 1437 2426 et

40 2453 249 2508 haeretici,
272 2453 399 2497 variis
420 2453 639 2498 erroribus
660 2462 703 2497 et
723 2452 1105 2512 superstitionibus
1121 2451 1272 2496 dediti.
1298 2455 1438 2497 Exau-

93 2564 102 2579 ¹
125 2555 427 2597 Matth.xx1v,25.
447 2571 486 2576 —
501 2561 513 2577 ²
530 2565 541 2586 1
561 2555 643 2587 Tim.
659 2566 705 2596 iv,
725 2565 798 2586 1.—
816 2552 828 2576 3
851 2556 924 2596 Sap.
942 2566 967 2595 i,
987 2565 1003 2596 7
1027 2559 1059 2586 et
1082 2553 1206 2586 ιο.-4
1226 2558 1317 2588 Rom.
1338 2564 1361 2598 1,
1379 2555 1433 2598 24.

45 2610 116 2637 -5
139 2621 160 2646 2
176 2614 249 2646 Cor.
270 2622 326 2651 ιιι,
346 2609 525 2654 7.-⁶1d.
544 2621 593 2653 ιι,
614 2610 746 2645 hin-7
766 2610 865 2645 Ecoli-
884 2620 994 2651 xxxiv,
1018 2620 1051 2652 7.
1066 2627 1107 2635 —
1121 2608 1136 2634 8
1150 2609 1228 2644 Psal.
1250 2621 1342 2652 xcxv,
1362 2611 1394 2644 5.

206 2677 398 2710 cxxxix.
1208 2665 1256 2706 18
