1825 3264
345 256 508 286 com-M
541 256 741 283 LlTTEnAs
775 257 1008 295 ΡετιωΛΝι,
1045 259 1126 284 Lm.
1168 258 1214 283 ir.
1421 247 1474 283 39

93 323 324 370 sacerdotis
350 322 596 366 memoriter
618 330 786 375 teneat,
814 321 1029 380 numquid
1053 322 1152 366 inde
1174 321 1370 366 sacerdos
1394 331 1472 373 est,

93 394 212 456 quod
235 408 309 440 ore
325 392 531 450 sacrilego
553 406 728 438 carmen
747 390 943 451 publicat
958 391 1222 437 sacerdotis?
1249 414 1266 434 »

151 462 310 510 LXIX.
342 467 619 508 Anauswiivus
650 460 872 521 respondit
897 480 905 506 :
932 463 996 505 Ita
1028 460 1144 506 istud
1174 462 1278 506 dicis
1298 498 1309 517 ‚
1354 464 1476 523 quasi

92 535 224 582 modo
244 550 491 596 quaeramus
511 534 607 595 quis
629 533 681 577 sit
708 548 834 577 verus
860 531 1058 577 sacerdos
1079 567 1091 588 ,
1117 541 1161 576 et
1182 548 1270 577 non
1292 533 1398 594 quid
1420 534 1474 578 sit

91 621 242 651 verum
281 606 510 666 baptisma.
549 605 606 649 Ut
642 603 757 648 enim
790 603 844 647 sit
877 602 1063 663 quisque
1097 617 1225 646 verus
1252 604 1474 658 sacerdOS,

91 686 264 738 oportet
292 686 342 722 ut
369 692 458 721 non
491 674 584 720 solo
610 683 905 729 sacramento,
931 672 1005 718 scd
1023 674 1188 734 justitia
1210 689 1386 734 quoque
1407 675 1477 718 in-

91 748 268 803 duatur,
284 747 396 792 sicut
408 747 614 806 scriptum
635 754 699 790 est
719 764 728 790 ς
751 765 771 787 «
800 744 1050 790 Sacerdotes
1061 744 1376 788 tuiinduantur
1386 745 1480 804 jus-

94 837 115 861 »
134 819 223 863 titia
240 821 270 862 ¹.
289 836 309 860 »
325 818 410 872 Qui
425 826 569 862 autem
583 815 674 862 solo
687 825 955 880 sacramento
968 815 1168 860 sacerdos
1182 824 1260 869 est,
1275 815 1479 860 sicutfuit

90 889 286 950 pontifex
304 889 509 948 Caiphas‚
529 897 778 948 persecutor
801 888 930 932 unius
947 897 990 932 et
1004 887 1211 931 verissimi
1225 886 1476 940 sacerdotis,

89 960 287 1020 quamvis
308 959 399 1019 ipse
429 974 518 1003 non
543 958 598 1003 sit
618 974 746 1003 verax
763 993 774 1014 ‚
801 957 921 1018 quod
944 958 1020 1003 dat
1040 967 1186 1002 tamen
1209 973 1359 1002 verum
1387 966 1450 1001 est
1466 992 1476 1011 ,

89 1029 124 1074 si
147 1045 235 1074 non
267 1028 341 1073 det
371 1044 498 1074 suum
515 1063 526 1084 ,
552 1027 629 1072 sed
658 1028 733 1072 Dei
756 1047 765 1073 :
795 1028 906 1072 sicut
935 1026 990 1072 de
1010 1029 1100 1087 ipso
1120 1028 1288 1087 Caipha
1310 1027 1476 1071 dictum

89 1109 154 1144 est
175 1118 185 1145 ι
215 1118 231 1139 «
261 1101 353 1144 Hoc
381 1108 527 1143 autem
550 1113 640 1142 non
667 1114 688 1142 a
707 1114 751 1143 se
774 1097 896 1153 dixit,
917 1097 992 1142 sed
1014 1113 1114 1142 cum
1136 1108 1244 1143 esset
1267 1096 1476 1158 pontifex,

93 1189 113 1212 »
137 1169 412 1230 prophetavit
425 1171 456 1213 ².
476 1188 495 1210 »
518 1171 574 1212 Et
588 1178 750 1223 tamen,
772 1177 820 1212 ut
838 1183 888 1212 eo
906 1184 1082 1228 quoque
1099 1168 1226 1212 simili
1245 1179 1342 1213 utar
1357 1169 1478 1229 quod

88 1242 179 1301 ipse
194 1240 388 1300 posuisti,
410 1241 444 1284 si
466 1239 615 1284 audias
635 1240 690 1283 ab
710 1239 856 1299 aliquo
871 1238 939 1283 vel
955 1239 1137 1298 profano
1156 1254 1327 1298 precem
1346 1254 1477 1283 sacer-

87 1311 200 1357 dotis
223 1311 365 1355 verbis
387 1320 429 1354 et
452 1311 665 1367 mysteriis
687 1309 956 1368 Evangelicis
978 1308 1293 1353 conformatam
1312 1344 1323 1364 ,
1351 1325 1480 1353 num-

87 1382 194 1443 quid
216 1390 337 1441 potes
355 1380 393 1424 ei
415 1379 560 1424 dicere
587 1399 596 1424 z
615 1382 714 1425 Non
735 1388 798 1423 est
824 1394 922 1423 vera
937 1414 947 1434 ‚
973 1379 1169 1440 quamvis
1185 1379 1275 1439 ipse
1298 1394 1386 1424 non
1406 1395 1475 1423 so·

87 1453 178 1499 lum
212 1468 339 1497 verus
360 1467 448 1496 non
470 1452 550 1508 sit,
576 1451 650 1496 sed
681 1452 809 1496 etiam
839 1450 986 1495 nullus
1018 1451 1216 1494 sacerdos
1248 1451 1335 1494 sit?
1375 1465 1475 1494 cum

89 1522 310 1584 apostolus
335 1523 494 1568 Paulus
516 1521 737 1583 quoddam
763 1522 1059 1566 testimonium
1082 1537 1232 1565 verum
1254 1536 1343 1565 esse
1360 1520 1480 1566 dixe-

89 1596 144 1640 rit
174 1595 390 1641 Cretensis
419 1594 563 1639 nescio
590 1595 713 1655 cujus
735 1594 980 1653 prophetae,
1004 1593 1080 1652 qui
1102 1593 1216 1636 inter
1238 1593 1475 1653 Prophetas

89 1665 165 1711 Dei
187 1681 276 1710 non
296 1664 662 1724 computabatur-3
686 1664 745 1707 ait
766 1663 880 1707 enim
904 1682 913 1708 ε
936 1681 951 1701 «
977 1663 1088 1708 Dixit
1102 1662 1279 1723 quidam
1303 1679 1354 1707 ex
1377 1663 1477 1722 ipsis

94 1755 112 1777 n
138 1735 338 1796 proprius
361 1749 511 1778 eorum
527 1734 738 1793 propheta
757 1753 765 1777 :
787 1735 1012 1778 Cretenses
1034 1748 1203 1792 semper
1227 1732 1472 1789 mendaces,

92 1825 111 1847 u
136 1804 261 1849 malae
284 1805 449 1853 bestiae,
475 1813 647 1848 ventres
670 1803 780 1863 pigri
799 1804 831 1857 ³,
854 1822 872 1844 υ
900 1803 1193 1847 testimonium
1216 1803 1300 1848 hoc
1323 1819 1474 1848 verum

87 1886 165 1921 est.
199 1877 241 1921 Si
260 1890 361 1933 ergo
376 1875 626 1934 Apostolus,
646 1875 789 1919 nescio
801 1875 870 1933 cuj
879 1889 926 1918 us
943 1874 1196 1932 alienigenae
1208 1876 1472 1929 testimonio,

87 1947 188 2007 quia
219 1961 367 1990 verum
399 1947 636 2005 comperit,
662 1947 790 1989 etiam
814 1946 906 2005 ipse
937 1954 1161 1990 attestatus
1184 1956 1273 1999 est,
1299 1961 1378 1989 cur
1399 1961 1477 1990 nos

87 2016 203 2076 apud
229 2016 471 2076 quemlibet
491 2017 784 2060 invenerimus
807 2015 927 2075 quod
950 2016 1107 2060 Christi
1134 2025 1223 2070 est,
1249 2024 1291 2058 et
1321 2030 1471 2059 verum

88 2097 152 2132 est
173 2088 301 2132 etiam
323 2087 357 2131 si
384 2086 456 2130 ille
476 2085 591 2145 apud
615 2101 745 2146 quem
784 2086 1004 2130 invenitur
1024 2101 1248 2145 perversus
1271 2096 1315 2130 et
1345 2084 1474 2130 fallax

87 2166 173 2212 est,
198 2172 285 2202 non
307 2156 590 2200 discernimus
611 2156 766 2200 vitium
783 2155 903 2215 quod
921 2156 1053 2200 homo
1076 2155 1207 2200 habet
1223 2191 1233 2210 ‚
1257 2165 1300 2200 et
1321 2157 1474 2200 verita-

91 2237 174 2272 tem
199 2243 328 2288 quani
354 2242 443 2272 non
465 2242 603 2280 suam,
627 2226 700 2271 sed
720 2228 796 2270 Dei
812 2227 945 2270 habet
966 2247 977 2284 3
995 2235 1037 2270 et
1059 2226 1262 2271 discimus
1286 2246 1295 2271 :
1325 2229 1475 2272 Sacra-

88 2309 284 2343 mentum
313 2298 397 2342 hoc
426 2313 576 2342 verum
602 2307 688 2355 est3
712 2298 822 2342 sicut
845 2296 917 2341 ille
942 2298 1029 2342 ait:
1057 2298 1368 2342 Testimonium
1393 2299 1476 2343 hoc

88 2383 238 2414 verum
260 2369 349 2412 est?
370 2367 593 2428 Numquid
619 2366 717 2411 ideo
737 2367 922 2411 dicimus
946 2386 954 2411 :
978 2368 1118 2411 Etiam
1143 2368 1232 2427 ipse
1250 2368 1382 2412 homo
1400 2383 1475 2411 ve-

89 2455 160 2484 rax
184 2448 269 2496 est,
292 2439 394 2500 quia
415 2438 623 2483 dicimus:
647 2440 970 2483 Sacramentum
992 2439 1075 2483 hoc
1094 2453 1245 2482 verum
1265 2440 1476 2484 estPsicut

89 2519 133 2555 et
154 2508 388 2569 Apostolus
404 2543 415 2563 ‚
446 2508 663 2568 numquid
685 2508 784 2554 ideo
805 2510 1061 2569 prophetam
1087 2508 1210 2552 illum
1238 2509 1351 2554 inter
1371 2525 1475 2569 pro-

145 2600 153 2616 ¹
178 2593 257 2626 Psat.
278 2603 428 2635 cxxxuy.
447 2609 487 2615 —
505 2600 518 2615 ²
538 2595 629 2625 Joan.
651 2604 695 2633 xi,
716 2592 772 2633 5¹,
789 2597 820 2625 et
836 2603 925 2629 xviii,
951 2592 987 2634 14
1017 2609 1058 2615 -
1081 2591 1092 2615 3
1118 2593 1180 2624 Tit.
1200 2604 1221 2633 i,
1246 2601 1295 2625 12.
