1825 3264
348 187 430 228 166
784 192 818 222 s.
854 191 1085 222 Aucus'nm
1117 193 1298 223 znscom

347 264 488 309 dantis
516 260 771 315 attenditur,
796 273 897 320 quae
925 257 1074 303 abluat
1096 259 1368 319 accipientis,
1394 275 1416 301 »
1444 259 1564 304 unde
1586 260 1727 318 agitur

348 329 592 379 abluendus
620 339 684 375 est
714 331 791 390 qui
820 329 978 389 accipit
1004 329 1286 389 baptismum,
1315 331 1350 375 si
1381 328 1524 374 dantis
1559 329 1727 390 polluta

342 403 605 451 conscientia
633 410 722 457 est,
753 410 796 445 et
827 402 911 446 hoc
940 400 1012 445 ille
1040 401 1115 460 qui
1147 409 1210 444 est
1238 410 1495 460 accepturus
1527 401 1728 461 ignorat?

343 475 459 521 Illud
484 483 629 519 autem
651 473 835 518 alterum
851 472 971 534 quod
986 472 1176 527 additur,
1207 473 1394 527 «sciens,
1426 490 1447 514 »
1472 481 1523 517 ut
1543 488 1633 518 non
1656 473 1726 518 di-

340 556 465 592 catur
489 563 498 590 ε
525 564 546 587 «
570 544 655 598 Qui
677 545 808 588 fidem
831 560 855 588 a
887 542 1054 603 perfido
1083 544 1313 603 sumpserit
1332 564 1343 601 3
1363 561 1383 585 »
1403 542 1495 599 sed,
1526 562 1546 585 «
1571 545 1657 598 Qui
1679 544 1729 588 fi-

340 618 441 662 dem
469 617 604 661 sciens
637 632 661 660 a
686 615 854 675 perfido
877 615 1128 673 sumpserit,
1157 630 1247 659 non
1271 614 1403 658 fidem
1426 615 1630 675 percipit,
1655 615 1731 660 sed

341 698 509 734 reatum
530 707 540 733 ε
564 706 584 729 »
609 685 764 742 fateor,
793 695 1001 746 tanquam
1025 686 1186 742 desset,
1211 701 1281 730 me
1308 686 1521 730 nonnulla
1544 686 1699 732 dixisse
1715 723 1728 744 ,

340 774 531 820 quorum
559 760 772 819 jacturam
811 757 939 801 facile
969 757 1133 817 patior,
1165 758 1370 817 quoniam
1400 758 1536 816 magis
1563 773 1731 802 moram

339 846 449 875 meae
491 829 686 874 facilitati
729 829 996 883 afferebant,
1033 843 1165 888 quam
1202 828 1468 888 adjutorium
1512 826 1727 874 facultati.

341 904 517 955 Quanto
548 901 665 945 enim
701 899 966 959 expeditius,
1003 908 1168 960 quanto
1197 899 1368 959 planius
1397 908 1439 943 et
1465 900 1638 944 brevius
1672 900 1732 944 sic

339 973 561 1030 interrogo
587 990 595 1015 :
631 989 650 1012 «
674 970 716 1015 Si
735 970 994 1014 conscientia
1017 979 1164 1013 sancte
1187 970 1331 1014 dantis
1356 970 1613 1024 attenditur,
1631 985 1732 1030 quae

339 1043 491 1087 abluat
503 1042 774 1100 accipientis,
789 1050 846 1096 et,
866 1042 949 1093 Qui
966 1039 1097 1084 fidem
1115 1041 1252 1084 sciens
1266 1056 1288 1084 a
1302 1040 1471 1099 perfido
1482 1042 1728 1100 sumpserit,

339 1128 430 1158 non
458 1113 590 1156 fidem
620 1111 821 1171 percipit,
847 1111 923 1154 sed
945 1119 1113 1154 reatum
1134 1131 1146 1168 3
1176 1128 1196 1151 »
1223 1111 1342 1155 unde
1365 1110 1575 1166 abluitur,
1599 1126 1732 1172 quem

340 1183 447 1227 latet
465 1198 555 1228 non
573 1191 720 1226 sancte
737 1181 880 1226 dantis
894 1181 1114 1225 maculosa
1135 1181 1398 1226 conscientia
1414 1216 1424 1236 ,
1451 1191 1495 1226 et
1515 1181 1634 1226 unde
1657 1197 1734 1228 ve-

340 1269 432 1299 ram
455 1254 640 1314 percipit
659 1253 808 1307 fidem,
832 1253 909 1312 qui
926 1253 1120 1297 nesciens
1140 1253 1386 1312 baptizatur
1403 1269 1426 1297 a
1441 1252 1640 1312 perfido?
1655 1254 1732 1298 Di-

342 1334 464 1370 catur
501 1324 654 1378 unde,
688 1333 731 1367 et
752 1323 813 1366 ibi
852 1324 993 1367 omnis
1033 1338 1160 1367 causa
1200 1323 1406 1382 baptismi
1438 1324 1628 1383 patebit,
1670 1323 1732 1369 ibi

342 1404 486 1440 totum
525 1392 646 1453 quod
687 1393 899 1453 quaeritur
939 1393 1153 1452 elucebit,
1189 1393 1265 1439 sed
1298 1395 1333 1438 si
1366 1393 1552 1450 dicatur,
1584 1409 1673 1439 non
1696 1395 1731 1439 si

341 1475 514 1523 tempus
536 1463 837 1509 maledicendo
856 1464 1049 1510 finiatur.

401 1538 610 1579 XXVIII.
634 1534 861 1594 Quidquid
885 1550 988 1594 ergo
1009 1533 1065 1578 de
1086 1534 1260 1580 duobus
1282 1535 1372 1580 istis
1393 1535 1537 1580 verbis
1558 1535 1629 1580 vel
1651 1535 1730 1580 de-

340 1607 488 1652 tractis
510 1606 801 1650 calumniatur
815 1641 826 1661 ,
845 1605 916 1650 vel
935 1604 1091 1649 additis
1114 1606 1338 1664 gloriatur,
1365 1606 1474 1650 nihil
1495 1606 1732 1666 interroga-

339 1679 505 1723 tionem
518 1692 658 1721 meam
673 1677 883 1736 impedire
897 1676 1152 1736 perspicitis,
1173 1679 1242 1721 cui
1259 1678 1367 1737 quid
1384 1676 1643 1737 respondeat
1658 1677 1731 1722 ille

341 1763 431 1793 non
452 1748 677 1792 inveniens
692 1782 703 1804 ,
729 1763 784 1791 ne
805 1756 951 1791 tamen
973 1756 1128 1803 taceat,
1153 1749 1279 1793 irruit
1300 1748 1542 1793 identidem
1567 1750 1613 1793 in
1634 1765 1730 1810 per-

340 1833 490 1864 sonam
518 1833 660 1862 meam
681 1840 691 1877 3
723 1818 927 1873 dicerem,
955 1818 1160 1863 recedens
1185 1835 1207 1864 a
1231 1835 1358 1864 causa
1374 1855 1389 1875 ,
1409 1820 1444 1864 si
1461 1820 1638 1866 omnino
1655 1835 1729 1865 ac-

340 1890 532 1935 cessisset
558 1889 613 1933 ad
640 1904 829 1934 causam.
856 1890 1028 1949 Quippe
1050 1891 1174 1949 quasi
1196 1889 1251 1934 de
1272 1905 1342 1934 me
1371 1899 1538 1949 agatur,
1563 1900 1608 1935 et
1638 1907 1730 1936 non

339 1959 396 2003 de
429 1958 632 2003 Ecclesiae
668 1958 737 2004 vel
764 1959 967 2018 baptismi
990 1960 1188 2016 veritate,
1224 1979 1245 2003 «
1270 1961 1368 2006 ideo
1390 1976 1461 2005 me
1489 1961 1598 2006 dicit
1628 1962 1728 2006 sub-

337 2032 484 2076 tractis
512 2029 596 2074 illis
614 2030 788 2075 duobus
813 2031 955 2075 verbis
982 2027 1353 2090 argumentatum,
1383 2041 1433 2076 ut
1460 2032 1584 2092 quasi
1604 2047 1728 2077 cons·

338 2102 508 2145 cientiae
541 2117 650 2145 meae
681 2117 771 2146 non
805 2102 943 2157 obsit,
978 2102 1099 2162 quod
1136 2103 1440 2163 inquinatoris,
1475 2121 1496 2145 n
1531 2113 1582 2148 ut
1601 2102 1723 2159 dicit,

340 2188 361 2212 »
387 2171 471 2214 mei
498 2172 746 2230 sacrilegam
776 2173 989 2230 ignoravit
1016 2174 1339 2218 conscientiam.
1374 2192 1394 2214 »
1433 2174 1560 2226 Quod
1594 2175 1628 2218 si
1665 2175 1726 2219 ita

335 2250 460 2295 esset,
498 2243 679 2286 verbum
706 2241 816 2286 illud
850 2242 971 2302 quod
1005 2244 1193 2302 positum
1221 2253 1300 2297 est,
1327 2263 1347 2286 «
1373 2244 1528 2299 sciens,
1560 2263 1579 2286 »
1604 2244 1726 2290 addi-

334 2319 429 2354 tum
462 2311 569 2355 mihi
598 2313 742 2371 potius
776 2312 1011 2371 prodesset,
1041 2322 1083 2357 et
1107 2314 1276 2358 obesset
1299 2314 1511 2359 ablatum.
1540 2315 1585 2360 Si
1608 2316 1724 2360 enim

333 2395 403 2423 me
419 2381 479 2425 ita
496 2382 673 2426 defendi
691 2382 936 2438 voluissem,
964 2393 1013 2427 ut
1035 2384 1311 2444 baptizatoris
1330 2386 1416 2430 mei
1433 2395 1587 2445 putare
1602 2388 1725 2445 igno-

331 2465 444 2494 rasse
456 2453 780 2508 conscientiam,
796 2469 874 2512 pro
888 2469 956 2498 me
969 2453 1166 2499 locutum
1181 2456 1420 2515 acciperem
1435 2455 1716 2501 Petilianum:

331 2521 508 2579 quaudo
526 2539 614 2567 uon
631 2533 871 2584 utcumque
889 2526 967 2582 ait,
993 2545 1011 2568 «
1033 2527 1118 2579 Qui
1143 2527 1275 2572 fidem
1296 2544 1316 2572 a
1336 2527 1503 2587 perfido
1523 2542 1720 2587 sumpse·
