1825 3264
543 274 598 302 nn
630 273 818 303 curruz
851 276 1066 305 zccnzsnz.
1413 267 1497 307 283

112 339 343 395 Quomodo
363 353 443 384 nos
459 339 720 399 suscepistis,
739 340 773 384 si
791 339 847 385 ad
868 356 944 386 vos
966 343 1145 387 transire
1164 343 1461 388 voluerimus?
1475 362 1496 386 n

107 410 301 456 Breviter
314 408 556 469 respondeo
574 428 582 454 :
602 410 670 455 Sic
687 425 762 456 vos
778 410 1052 470 suscipimus,
1078 413 1302 472 quomodo
1319 414 1500 474 suscipit

107 479 298 526 Ecclesia
315 515 326 535 ,
362 495 497 541 quam
531 480 575 525 in
608 481 764 525 sanctis
802 481 942 526 Libris
978 484 1196 528 canonicis
1233 484 1496 529 invenimus.

105 550 308 610 Deposita
336 551 501 612 quippe
524 551 797 596 animositate
829 552 1185 607 contradicendi,
1212 570 1299 613 qua
1327 563 1500 600 tument

105 636 254 666 omnes
282 622 357 681 qui
394 621 574 666 veritate
609 622 684 666 Dei
707 621 820 666 vinci
841 621 1025 677 nolunt,
1057 633 1100 667 et
1120 639 1197 668 sua
1219 626 1500 683 perversitate

103 693 342 738 vincuntur
356 727 367 748 ,
393 691 518 737 facile
538 693 715 752 potestis
736 691 980 752 intelligere
1007 695 1114 738 etin
1137 694 1260 740 bonis
1280 710 1372 741 esse
1395 697 1497 742 etin

101 762 226 808 malis
240 772 509 808 sacramenta
529 762 675 808 divina
701 783 713 819 3
739 763 815 808 sed
837 764 882 807 in
905 763 988 808 illis
1006 763 1062 808 ad
1083 764 1287 820 salutem,
1309 766 1352 809 in
1376 765 1499 810 malis

103 832 159 879 ad
181 832 522 878 damnationem.
548 836 605 878 Et
626 848 727 878 cum
751 843 924 879 tantum
946 834 1077 880 distet
1091 835 1205 879 inter
1220 850 1292 880 eos
1315 837 1392 896 qui
1407 837 1500 880 haec

103 903 234 963 digne
255 904 522 964 indigneque
557 904 834 949 tractaverint
854 939 864 959 ,
898 905 988 965 ipsa
1011 914 1161 950 tamen
1183 906 1337 950 eadem
1362 915 1465 951 sunt
1485 941 1495 962 ,

103 974 187 1018 illis
209 974 265 1019 ad
287 976 518 1035 praemium
540 974 746 1030 valentia,
772 974 855 1020 illis
879 974 933 1019 ad
943 975 1175 1036 judicium.

162 1047 323 1090 LVIII.
362 1048 639 1105 Quapropter
661 1045 838 1106 quando
860 1046 1006 1105 plures
1039 1063 1172 1108 quam
1194 1049 1385 1093 Joannes
1408 1050 1497 1092 Do-

102 1116 247 1160 minus
281 1116 529 1175 baptizabat
548 1151 559 1171 ,
595 1116 706 1161 sicut
734 1116 780 1160 in
803 1116 1045 1175 Evangelio
1068 1118 1279 1177 scriptum
1314 1126 1400 1173 est,
1423 1118 1500 1162 ubi

102 1187 287 1247 subjecit
309 1188 586 1247 Evangelista
609 1207 653 1232 :«
679 1188 885 1241 Quamvis
906 1189 996 1248 ipse
1019 1204 1108 1233 non
1132 1188 1397 1248 baptizabat,
1425 1190 1501 1234 sed

104 1277 125 1301 »
145 1259 348 1318 discipuli
370 1261 461 1319 ejus
482 1262 493 1284 ¹
516 1279 524 1304 ε
548 1278 568 1301 »
594 1274 694 1305 cum
719 1268 890 1303 tantum
919 1258 1098 1304 distaret
1120 1260 1232 1304 inter
1255 1263 1433 1304 Petrum
1458 1270 1502 1304 et

103 1330 280 1385 Judam,
307 1331 416 1375 nihil
440 1340 585 1375 tamen
601 1329 790 1374 distabat
811 1331 925 1374 inter
946 1331 1210 1390 baptismum
1226 1332 1300 1390 qui
1315 1331 1502 1375 dabatur

102 1417 179 1462 per
203 1405 402 1457 Petrum,
422 1411 464 1446 et
486 1402 561 1462 qui
583 1402 770 1446 dabatur
798 1416 873 1461 per
896 1401 1075 1446 Judam.
1099 1401 1217 1445 Illud
1241 1402 1355 1446 enim
1379 1401 1501 1462 quod

102 1488 179 1533 per
193 1488 264 1518 eos
288 1474 475 1518 dabatur
491 1508 501 1528 ‚
527 1488 666 1517 unum
690 1482 797 1527 erat,
823 1488 924 1517 cum
947 1473 1027 1532 ipsi
1047 1488 1135 1518 non
1159 1483 1302 1518 essent
1325 1488 1465 1517 unum
1488 1493 1497 1518 z

103 1554 147 1590 et
181 1544 292 1589 illud
319 1545 480 1590 Christi
518 1553 610 1588 erat
631 1579 642 1598 ‚
680 1544 856 1589 illorum
891 1553 1039 1588 autem
1069 1560 1181 1588 unus
1216 1543 1272 1589 ad
1304 1545 1500 1589 membra

101 1616 277 1669 Christi,
295 1615 402 1660 alter
419 1614 474 1660 ad
487 1624 655 1674 partem
666 1614 830 1660 diaboli
845 1615 1105 1675 pertinebat.
1120 1617 1233 1661 Cum
1248 1631 1348 1661 vcro
1368 1618 1392 1660 J
1397 1631 1498 1660 oan-

103 1702 178 1731 nes
196 1687 386 1746 Baptista
400 1696 442 1731 et
458 1686 617 1731 Paulus
636 1686 854 1746 apostolus
868 1702 1007 1731 unum
1025 1696 1182 1742 essent,
1198 1688 1300 1747 quia
1312 1696 1500 1748 uterque

101 1758 245 1817 sponsi
267 1758 428 1803 amicus
456 1768 573 1814 erat,
599 1767 746 1803 tamen
777 1759 878 1818 quia
899 1774 989 1803 non
1021 1768 1114 1803 erat
1143 1758 1383 1819 baptismus
1418 1759 1501 1819 qui

101 1827 289 1873 dabatur
320 1845 344 1873 a
366 1831 560 1883 Joanne,
586 1838 628 1873 et
648 1828 721 1889 qui
753 1828 942 1873 dabatur
964 1845 985 1874 a
1011 1830 1306 1889 Paulo,jussit
1332 1829 1495 1874 Paulus

105 1899 263 1945 Christi
283 1900 498 1960 baptismo
520 1900 730 1960 baptizari
752 1915 839 1955 eos,
860 1901 938 1961 qui
958 1900 1175 1960 baptismo
1199 1902 1377 1946 Joannis
1399 1902 1498 1945 fue-

103 1980 200 2015 rant
230 1971 453 2031 baptizati.
487 1975 641 2031 Itaque
663 1971 737 2016 ille
759 1971 1000 2030 baptismus
1031 1973 1211 2016 Joannis
1232 1972 1374 2016 dictus
1397 1981 1460 2015 est
1488 1992 1498 2027 3

103 2041 180 2101 qui
198 2050 343 2085 autem
366 2057 443 2100 per
468 2040 654 2085 Paulum
676 2040 803 2085 datus
826 2050 889 2085 est
907 2076 918 2096 ,
944 2056 1034 2085 non
1063 2050 1125 2085 est
1154 2041 1297 2086 dictus
1334 2041 1500 2100 baptis-

103 2127 201 2156 mus
216 2112 354 2166 Pauli,
378 2111 454 2157 sed
471 2112 629 2173 «jussit
646 2127 736 2167 eos,
760 2112 920 2172 inquit,
947 2112 1156 2171 baptizari
1179 2113 1224 2156 in
1245 2113 1417 2158 Christo
1431 2117 1496 2157 ².»

103 2185 216 2228 Ecce
240 2199 378 2228 unum
399 2193 502 2228 sunt
524 2186 712 2228 Joannes
735 2192 778 2228 et
801 2183 960 2228 Paulus
980 2218 991 2239 ,
1018 2193 1061 2228 et
1081 2199 1170 2228 non
1193 2199 1333 2228 unum
1357 2184 1465 2229 dant
1487 2203 1496 2229 ε

101 2268 202 2298 ecce
223 2270 314 2299 non
339 2264 442 2300 sunt
464 2270 604 2298 unum
628 2257 780 2298 Petrus
802 2262 844 2298 et
878 2253 1037 2306 Judas,
1061 2263 1104 2299 et
1127 2270 1265 2299 unum
1283 2254 1392 2299 dant
1423 2274 1430 2299 :
1455 2264 1499 2299 at

102 2339 205 2370 vero
224 2328 376 2370 Petrus
395 2336 437 2369 et
460 2324 621 2370 Paulus
638 2334 682 2369 et
698 2341 838 2369 unum
861 2335 979 2380 sunt,
1001 2334 1042 2370 et
1064 2341 1203 2369 unum
1224 2325 1345 2369 dant.
1365 2325 1500 2370 Abra-

100 2395 203 2440 ham
213 2405 256 2440 et
267 2396 495 2442 Cornelius
508 2412 559 2440 ex
575 2396 892 2455 fidejustificati
907 2411 1042 2440 unum
1057 2406 1174 2451 sunt,
1188 2403 1230 2440 e‘t
1254 2412 1341 2440 non
1357 2410 1496 2440 unum

100 2475 230 2521 sunt,
262 2477 306 2511 et
333 2483 422 2512 non
448 2483 588 2511 unum
617 2476 936 2512 sacramentum
971 2479 1234 2526 acceperunt
1260 2487 1269 2512 ε
1305 2468 1498 2527 itemque

98 2537 324 2585 Cornelius
352 2547 395 2583 et
418 2538 567 2584 Simon
599 2541 751 2597 Magus
779 2554 868 2583 non
895 2548 998 2584 sunt
1032 2554 1170 2584 unum
1202 2541 1241 2595 ³,
1275 2548 1318 2585 et
1349 2554 1487 2585 unum

156 2625 165 2642 ¹
193 2625 352 2662 Joan.1v‚
382 2631 491 2656 1.—²
515 2625 588 2657 Act.
615 2634 680 2664 xix,
704 2622 736 2664 4.
757 2639 797 2648 -
815 2621 898 2656 31d.
924 2633 964 2665 x,
984 2623 1038 2665 48.
1292 2603 1306 2616 “
