1825 3264
251 267 412 297 CONTRA
443 270 705 298 cariscos-iem
740 267 1025 307 postumini,
1064 273 1145 297 Lm.
1182 273 1246 297 All.
1360 261 1442 300 433

61 334 206 378 ritanis
244 333 348 378 locis
381 334 698 388 excludendos,
739 335 861 394 cujus
890 351 1025 394 pauca
1049 336 1267 395 subjunxi.
1298 357 1316 378 «
1345 341 1445 381 Post

59 403 334 448 consulatum
361 405 635 450 dominorum
670 405 843 449 Arcadii
880 408 960 460 111,
1001 415 1043 450 et
1078 408 1257 451 Honorii
1286 407 1443 452 iterum

60 478 398 535 Augustorum¹‚
414 487 535 522 sexto
557 480 701 523 Nonas
722 476 913 531 Martias,
925 478 1187 537 Carthagine
1205 479 1248 522 in
1263 488 1447 524 secreta-

60 546 124 590 rio
142 547 331 604 praetorii
355 547 548 592 Titianus
569 547 678 592 dixit
696 567 704 591 z
723 547 976 605 Peregrinus
996 547 1220 606 presbyter
1236 559 1278 592 et
1299 550 1444 594 senio-

59 631 125 660 res
148 616 350 662 Ecclesiae
382 619 632 663 Mustitanae
668 617 852 675 regionis
881 617 966 661 tale
1006 618 1265 663 desiderium
1295 635 1444 679 prose-

58 698 256 747 quuntur
282 708 290 733 :
313 691 424 734 Cum
446 689 648 734 Ecclesiae
670 689 894 734 catholicae
910 689 1182 734 sanctitatem
1202 691 1264 733 vir
1281 706 1440 735 memo-

59 757 132 802 riae
144 759 398 803 venerabilis
413 760 468 803 ab
481 775 626 804 errore
641 760 832 819 perfidiae
848 764 1041 805 Donatus
1056 770 1277 816 assereret,
1294 761 1338 804 in
1357 762 1447 820 ejus

22 835 28 838 ’
57 844 219 873 nornen
247 838 290 874 et
317 830 486 874 cultum
508 830 661 874 mundi
686 846 794 889 pene
824 832 956 875 totius
984 832 1259 875 observantia
1284 833 1446 876 nutrita

57 898 219 944 coaluit
245 919 254 945 :
281 901 357 945 sed
384 916 485 946 cum
510 902 600 961 ejus
630 899 850 960 religionis
877 900 1149 945 laudandum
1176 902 1447 945 mirandum-

57 985 143 1030 que
170 971 440 1030 propositum
468 972 717 1016 Maximiani
738 971 965 1031 cujusdam
991 987 1158 1015 venena
1180 971 1444 1031 polluerent,

55 1040 296 1086 multorum
319 1051 458 1086 coetus
481 1043 720 1087 antistitum
739 1043 784 1086 in
801 1058 940 1086 unum
960 1046 1047 1087 Deo
1065 1043 1341 1101 conspirante
1355 1043 1446 1087 col-

54 1109 214 1166 lectus,
239 1113 460 1157 hominem
483 1113 551 1156 vel
576 1113 718 1172 potius
740 1122 902 1172 pestem
917 1147 927 1167 ,
957 1128 1057 1172 quae
1075 1127 1274 1172 supernae
1297 1112 1448 1172 displi-

55 1182 146 1226 cuit
180 1183 416 1242 majestati,
455 1183 585 1227 etiam
617 1198 739 1242 purae
783 1184 939 1227 mentis
976 1183 1149 1242 propria
1183 1184 1445 1228 coercitione

55 1251 296 1298 damnavit.
320 1256 405 1298 Eos
432 1269 609 1314 quoque
636 1269 746 1314 quos
769 1253 920 1297 alienae
943 1254 1292 1313 praesumptionis
1328 1270 1447 1298 error

55 1333 307 1379 attraxerat,
338 1334 467 1384 portu
500 1325 642 1384 primo
670 1325 892 1384 proposito
922 1324 1189 1383 poenitendi,
1221 1325 1254 1368 si
1290 1325 1445 1369 reverti

5 1442 12 1448 ‚
54 1405 266 1453 cuperent
280 1395 393 1439 intra
412 1404 583 1455 tempus
601 1394 654 1439 ad
673 1395 890 1454 religionis
908 1396 1122 1439 tramitem
1140 1394 1397 1439 destitutum
1410 1400 1443 1450 ²,

54 1466 146 1524 pari
172 1466 329 1525 vigoris
352 1466 648 1510 admonitione
683 1467 962 1525 compescuit.
999 1465 1082 1510 Sed
1115 1466 1202 1508 suis
1238 1465 1446 1510 institutis

53 1535 259 1596 iniquitas
276 1535 533 1591 delectatur,
549 1545 590 1580 et
606 1536 878 1595 semetipsam
898 1550 987 1579 non
1008 1534 1182 1591 deserit,
1199 1550 1298 1579 cum
1312 1535 1444 1579 semel

54 1608 318 1666 praecipitata
337 1609 562 1652 corruerit.
592 1608 715 1651 Idem
737 1623 927 1667 namque
947 1606 1234 1651 Maximianus
1254 1616 1444 1666 coeptam

17 1697 26 1704 ·
54 1678 195 1722 nutrit
227 1677 476 1734 audaciam,
507 1688 550 1723 et
583 1678 688 1723 alios
718 1677 890 1722 sibimet
912 1678 1132 1722 consociat
1155 1677 1206 1720 ad
1232 1677 1440 1721 f'urorcm.

52 1749 171 1792 Inter
191 1764 301 1809 quos
323 1749 452 1793 etiam
475 1749 720 1794 Felicianus
736 1747 932 1809 quidam,
957 1748 1034 1808 qui
1052 1747 1192 1806 primo
1211 1757 1324 1791 recta
1357 1764 1445 1792 scc-

0 1854 1 1860 ,
51 1827 182 1873 ῐειῐιις,
204 1819 521 1879 depravationis
536 1821 665 1879 hujus
683 1818 1011 1862 attaminatione
1030 1817 1235 1870 fuscatus,
1265 1818 1309 1860 in
1330 1820 1444 1860 Mus-

51 1889 186 1934 titana
205 1891 368 1949 positus
391 1891 580 1944 civitate,
609 1893 698 1934 Deo
716 1889 1006 1948 omnipotenti
1024 1888 1205 1947 parietes
1224 1903 1447 1932 consecra-

28 1969 134 2014 -toS,
168 1969 211 2004 et
241 1960 477 2004 Ecclesiam
510 1960 799 2005 venerandam
831 1960 951 2018 quasi
978 1959 1168 2018 quadani
1197 1958 1444 2002 obsessione

51 2029 235 2075 credidit
253 2031 540 2075 retinendam.
565 2034 692 2075 Hunc
707 2031 835 2074 ctiam
856 2033 1137 2074 Praetextatus
1161 2029 1203 2072 in
1226 2029 1443 2072 Assur-ita-

51 2101 116 2146 nis
139 2102 335 2161 partibus
358 2102 566 2146 imitatur.
598 2102 681 2147 Sed
709 2116 809 2146 cum
837 2101 1053 2160 aequitatis
1083 2110 1169 2144 tuce
1198 2101 1440 2144 innotesce-

51 2181 116 2215 ret
134 2171 336 2231 potestati
353 2175 619 2216 consortium
639 2171 929 2225 sacerdotum,
951 2171 1128 2231 jussisti,
1151 2180 1199 2213 ut
1215 2179 1330 2228 gesta
1356 2181 1440 2214 tes-

49 2251 197 2286 tantur
210 2244 243 2297 3,
262 2243 436 2302 exploso
452 2244 569 2288 omni
582 2242 935 2288 contradictionis
951 2242 1128 2294 effectu,
1150 2241 1441 2285 sacratissimis

50 2312 346 2358 sacerdotibus
363 2329 384 2358 a
400 2314 592 2373 profanis
608 2314 829 2358 mentibus
846 2312 1043 2358 ecclesias
1059 2313 1296 2356 vindicatas
1313 2327 1441 2371 opor-

50 2393 141 2428 tere
164 2384 344 2428 restitui.
371 2403 391 2425 *u
419 2384 549 2428 Vides
573 2400 728 2444 nempe
753 2400 886 2443 usquc
910 2384 964 2426 ad
989 2384 1116 2442 hujus
1139 2381 1440 2441 postulationis

47 2453 163 2498 diem
188 2455 244 2498 ab
272 2453 348 2498 illo
371 2458 622 2513 praesututae
642 2454 876 2507 dilationis,
901 2453 1018 2513 quod
1045 2454 1174 2497 trium
1202 2452 1290 2496 fere
1312 2467 1430 2496 men·

97 2562 106 2578 ¹
128 2559 217 2587 Anno
234 2555 349 2587 ctu-isti
375 2555 435 2597 39¹2
467 2572 507 2579 -
527 2562 538 2578 ²
561 2556 665 2588 Forte
684 2556 903 2598 praestitutum.
921 2571 959 2577 ——
976 2553 988 2576 3
1013 2556 1109 2586 Gesta
1136 2558 1248 2587 contra
1274 2553 1413 2586 Salvium
1427 2579 1435 2593 ‚

47 2609 146 2653 infra,
158 2609 214 2643 lib.
239 2620 286 2652 iv,
300 2621 373 2653 cap.
390 2611 422 2653 4.

211 2675 401 2707 cxxxix.
1195 2663 1244 2703 28
