1825 3264
312 235 394 272 272
733 244 765 269 s.
805 239 1032 269 Atat's'nm
1067 242 1245 270 EPISCOPl

308 307 428 370 quod
446 322 559 366 saepe
575 307 776 366 respondi
797 326 805 352 :
823 311 911 352 Aut
927 306 1031 351 falsa
1045 308 1201 363 dicitis,
1218 316 1291 352 aut
1305 308 1338 351 si
1351 321 1451 351 vera
1468 316 1585 362 sunt,
1603 323 1691 353 non

308 381 361 424 ad
384 380 603 423 frumenta
625 378 805 433 Christi,
830 379 904 422 sed
932 378 985 422 ad
1011 394 1161 422 eorum
1185 377 1352 438 paleam
1376 379 1594 437 pertinent
1615 379 1693 423 ista

306 466 405 510 quae
427 449 581 494 dicitis.
614 452 711 495 Non
732 450 835 493 inde
856 450 968 510 perit
991 450 1179 494 Ecclesia
1198 485 1208 504 ‚
1236 465 1335 509 quae
1357 450 1513 493 ultimo
1530 449 1693 509 judicio

305 520 536 574 ventilata,
560 521 739 564 istorum
769 521 963 564 omnium
997 520 1266 580 separatione
1294 520 1566 579 purgabitur.
1600 523 1695 578 Ego

303 591 438 650 ipsam
462 590 697 635 Ecclesiam
722 591 922 651 requiro,
959 591 1034 634 ubi
1066 591 1150 644 sit,
1189 606 1288 650 quae
1317 589 1535 634 audiendo
1564 590 1694 634 verba

303 663 463 707 Christi
485 672 528 706 et
546 661 745 707 faciendo
762 661 945 706 aedificat
968 678 1098 721 super
1119 672 1283 721 petram
1301 664 1331 716 ¹,
1356 671 1398 705 et
1417 661 1634 706 audiendo
1652 671 1696 706 et

304 733 503 778 faciendo
525 734 682 778 tolerat
698 748 796 789 eos,
822 735 898 793 qui
921 733 1140 778 audiendo
1164 743 1206 777 et
1224 749 1312 778 non
1334 733 1535 778 faciendo
1553 733 1693 777 aedifi·

302 813 403 848 cant
430 819 559 863 super
587 819 758 848 arenam
793 823 802 848 ε
837 804 913 847 ubi
936 805 989 848 sit
1012 804 1202 848 triticum
1221 839 1232 857 ,
1258 804 1376 862 quod
1399 804 1511 847 inter
1532 804 1691 847 zizania

301 875 452 919 crescit
480 890 616 934 usque
639 874 691 918 ad
724 890 901 918 messem
918 876 965 932 23
991 890 1079 918 non
1108 874 1215 933 quid
1238 874 1418 918 fecerint
1442 873 1509 917 vel
1534 874 1693 918 faciant

300 946 389 1004 ipsa
409 946 569 990 zizania
597 965 604 990 z
631 946 706 989 ubi
726 946 779 989 sit
795 946 988 1004 proxima
1006 946 1165 990 Christi
1185 946 1225 988 in
1242 944 1385 988 medio
1404 943 1588 988 filiarum
1606 960 1695 988 ma-

299 1016 438 1060 larum
456 1018 493 1069 ³,
523 1017 633 1060 sicut
657 1016 795 1059 litium
821 1017 865 1059 in
890 1016 1034 1060 medio
1057 1017 1304 1074 spinarum3
1330 1030 1420 1058 non
1442 1015 1549 1074 quid
1576 1014 1693 1059 fece-

300 1088 385 1130 rint
396 1087 462 1130 vcl
482 1087 642 1132 faciant
655 1088 758 1145 ipsae
771 1088 906 1145 spinae
923 1106 930 1130 :
954 1087 1028 1129 ubi
1041 1087 1126 1130 sint
1145 1087 1280 1145 pisces
1295 1086 1399 1130 boni
1414 1087 1446 1139 ⁴,
1461 1086 1537 1145 qui
1553 1085 1693 1131 donec

299 1158 354 1201 ad
371 1157 491 1201 littus
506 1157 777 1216 perveniant,
800 1157 1134 1215 tolerantpisces
1153 1156 1288 1200 malos
1305 1157 1463 1214 pariter
1478 1157 1663 1201 irretitos
1680 1177 1691 1214 3

299 1243 387 1272 non
411 1227 517 1286 quid
546 1227 725 1271 fecerint
746 1226 814 1270 vel
836 1226 944 1284 quid
972 1225 1128 1270 faciant
1150 1227 1227 1285 ipsi
1250 1227 1385 1286 pisces
1407 1226 1523 1270 mali.

357 1301 516 1343 XLIX.
543 1299 718 1342 Omissis
751 1313 854 1356 ergo
880 1298 968 1341 istis
995 1313 1213 1341 morarum
1241 1297 1471 1341 tendiculis
1493 1297 1694 1342 ostendat

300 1370 537 1414 Ecclesiam
558 1369 626 1413 vel
656 1370 700 1412 in
723 1369 811 1413 sola
835 1368 1005 1422 Africa,
1031 1368 1209 1427 perditis
1239 1378 1303 1412 tot
1331 1369 1532 1427 gentibus
1553 1404 1563 1423 ,
1591 1370 1693 1413 reti-

299 1440 485 1483 nendam
511 1475 521 1491 ,
559 1438 628 1482 vel
649 1454 699 1482 ex
722 1437 864 1482 Africa
884 1438 927 1481 in
950 1438 1154 1482 omnibus
1177 1439 1378 1497 gentibus
1411 1439 1692 1497 reparandam

298 1519 428 1571 atque
451 1509 778 1569 adimplendam
799 1528 807 1553 ε
830 1517 871 1551 et
886 1510 945 1552 sic
963 1508 1178 1560 ostendat,
1196 1518 1349 1553 utnon
1366 1508 1480 1553 dicat
1500 1528 1508 1553 z
1529 1512 1690 1554 Verum

297 1590 374 1635 est,
394 1582 494 1640 quia
514 1581 596 1624 hoc
611 1595 689 1637 ego
707 1579 821 1633 dieo,
843 1588 918 1622 aut
935 1579 1036 1638 quia
1053 1579 1136 1622 hoc
1156 1578 1263 1623 dixit
1279 1579 1351 1622 ille
1367 1579 1531 1638 collega
1549 1595 1687 1634 meus,

296 1661 372 1695 aut
393 1651 454 1694 illi
476 1650 655 1708 collegae
677 1649 784 1702 mei,
806 1659 880 1693 aut
902 1648 962 1692 illi
986 1650 1196 1707 episcopi,
1222 1649 1291 1693 vel
1312 1650 1479 1704 clerici,
1505 1651 1570 1694 vel
1590 1651 1687 1695 la'i‘ci

295 1721 429 1765 nostri
448 1742 459 1777 3
484 1730 558 1764 aut
580 1719 677 1763 ideo
699 1734 850 1762 verum
875 1728 954 1771 est,
980 1719 1082 1777 quia
1102 1719 1175 1762 illa
1194 1730 1236 1763 ct
1258 1720 1330 1764 illa
1353 1720 1563 1765 mirabilia
1587 1721 1689 1765 fecit

297 1795 490 1836 Donatus
511 1790 579 1834 vel
605 1790 782 1834 Pontius
799 1791 830 1841 ⁵,
850 1789 919 1832 vel
936 1789 1121 1848 quilibet
1139 1789 1260 1843 alius,
1279 1800 1354 1834 aut
1372 1792 1472 1850 quia
1491 1792 1688 1836 homines

294 1862 349 1906 ad
372 1861 600 1906 Memorias
629 1868 901 1903 mortuorum
929 1868 1172 1903 nostrorum
1202 1870 1350 1913 orant,
1376 1871 1418 1903 et
1441 1862 1687 1905 exaudiun-

297 1941 381 1985 tur,
407 1942 481 1976 aut
503 1931 602 1991 quia
625 1930 698 1973 illa
716 1938 758 1973 et
780 1928 851 1972 illa
869 1929 927 1972 ibi
950 1929 1226 1987 contingunt,
1251 1939 1326 1973 aut
1348 1931 1448 1988 quia
1464 1930 1537 1974 illc
1554 1930 1687 1975 frater

293 2012 439 2047 noster
454 2037 464 2055 ‚
491 2011 566 2045 aut
585 2000 658 2044 illa
675 2015 795 2045 soror
816 2008 961 2042 nostra
985 2000 1069 2043 tale
1090 2001 1227 2044 visum
1252 2000 1434 2058 vigilans
1457 2000 1591 2055 vidit,
1617 2000 1687 2046 vel

292 2074 378 2117 tale
399 2074 538 2117 visum
560 2072 778 2116 dormiens
795 2070 1041 2114 somniavit.
1067 2074 1391 2115 Removeantur
1408 2071 1487 2116 ista
1512 2072 1579 2117 vel
1605 2073 1686 2132 fig-

295 2152 439 2187 menta
457 2142 733 2186 mendacium
756 2141 1002 2194 hominum,
1025 2140 1092 2184 vel
1112 2151 1310 2199 portenta
1327 2140 1548 2187 fallacium
1561 2143 1686 2202 spiri-

292 2222 435 2257 tuum.
463 2216 551 2256 Aut
574 2213 690 2254 enim
708 2225 797 2254 non
820 2219 922 2253 sunt
939 2225 1039 2253 vera
1063 2226 1162 2270 quae
1184 2211 1414 2266 dicuntur,
1441 2222 1515 2256 aut
1537 2214 1571 2256 si
1594 2214 1684 2256 hae-

292 2284 525 2327 reticorum
549 2281 694 2340 aliqua
717 2280 822 2323 mira
840 2279 952 2323 facta
969 2290 1092 2334 sunt,
1121 2281 1252 2338 magis
1269 2296 1420 2325 cavere
1438 2281 1649 2327 debemus
1672 2302 1681 2328 :

292 2355 411 2414 quod
425 2369 525 2397 cum
544 2352 720 2397 dixisset
738 2351 945 2395 Dominus
967 2351 1178 2411 quosdam
1194 2351 1367 2396 futuros
1385 2368 1474 2396 esse
1491 2353 1679 2410 fallaces,

293 2425 367 2485 qui
391 2423 600 2468 nonnulla
624 2422 742 2480 signa
758 2420 975 2476 faciendo,
1001 2422 1131 2466 ctiam
1154 2423 1328 2478 electos,
1353 2423 1388 2467 si
1409 2423 1502 2467 fieri
1520 2435 1679 2484 posset,

341 2534 350 2548 ¹
372 2527 484 2558 Matth.
511 2537 564 2565 vu,
583 2524 638 2566 24.
655 2532 718 2548 -’
733 2525 780 2556 Id.
798 2534 864 2565 xm,
887 2524 992 2557 30.-
1007 2522 1020 2548 3
1036 2527 1128 2558 Cant.
1145 2537 1180 2564 ιι,
1199 2535 1230 2559 2.
1247 2544 1288 2550 —
1305 2525 1322 2552 4
1340 2528 1460 2561 Matth.
1484 2539 1551 2570 xm,
1566 2528 1620 2570 47.
1639 2545 1681 2551 —

295 2581 311 2606 ⁵
335 2583 454 2616 Confer
471 2584 578 2615 Tract·
595 2592 651 2615 xm
664 2582 697 2615 in
712 2583 802 2614 Joan.
820 2589 851 2611 n.
875 2591 927 2622 17.
