<?xml version="1.0" encoding="UTF-8"?>
<!DOCTYPE html PUBLIC "-//W3C//DTD XHTML 1.0 Transitional//EN"
    "http://www.w3.org/TR/xhtml1/DTD/xhtml1-transitional.dtd">
<html xmlns="http://www.w3.org/1999/xhtml" xml:lang="en" lang="en">
 <head>
  <title>
</title>
<meta http-equiv="Content-Type" content="text/html;charset=utf-8" />
  <meta name='ocr-system' content='tesseract 3.04.00' />
  <meta name='ocr-capabilities' content='ocr_page ocr_carea ocr_par ocr_line ocrx_word'/>
</head>
<body>
  <div class='ocr_page' id='page_1' title='image "./operaomniaaccura32auguuoft_0295.png"; bbox 0 0 1825 3264; ppageno 0'>
   <div class='ocr_carea' id='block_1_1' title="bbox 524 265 1472 301">
    <p class='ocr_par' dir='ltr' id='par_1_1' title="bbox 524 265 1472 301">
     <span class='ocr_line' id='line_1_1' title="bbox 524 265 1472 301; baseline 0.003 -5"><span class='ocrx_word' id='word_1_1' title='bbox 524 271 576 296; x_wconf 82' lang='lat' dir='ltr'>DE</span> <span class='ocrx_word' id='word_1_2' title='bbox 612 268 798 297; x_wconf 66' lang='grc' dir='ltr'>[ΜΤΑΤΕ</span> <span class='ocrx_word' id='word_1_3' title='bbox 832 271 1046 299; x_wconf 74' lang='lat' dir='ltr'>ECCLEstlE.</span> <span class='ocrx_word' id='word_1_4' title='bbox 1390 265 1472 301; x_wconf 72' lang='lat'>285</span> 
     </span>
    </p>
   </div>
   <div class='ocr_carea' id='block_1_2' title="bbox 78 334 1479 2593">
    <p class='ocr_par' dir='ltr' id='par_1_2' title="bbox 83 334 1476 603">
     <span class='ocr_line' id='line_1_2' title="bbox 85 334 1473 393; baseline 0.004 -16"><span class='ocrx_word' id='word_1_5' title='bbox 85 349 186 378; x_wconf 88' lang='lat' dir='ltr'>vero</span> <span class='ocrx_word' id='word_1_6' title='bbox 213 334 266 378; x_wconf 88' lang='lat' dir='ltr'>ad</span> <span class='ocrx_word' id='word_1_7' title='bbox 298 335 379 378; x_wconf 87' lang='lat' dir='ltr'>hoc</span> <span class='ocrx_word' id='word_1_8' title='bbox 409 335 549 393; x_wconf 86' lang='lat' dir='ltr'>ipsum</span> <span class='ocrx_word' id='word_1_9' title='bbox 582 334 774 393; x_wconf 86' lang='lat' dir='ltr'>vigilavit</span> <span class='ocrx_word' id='word_1_10' title='bbox 797 337 1028 380; x_wconf 77' lang='lat' dir='ltr'><strong>cautissimi</strong></span> <span class='ocrx_word' id='word_1_11' title='bbox 1054 347 1097 382; x_wconf 80' lang='lat' dir='ltr'>et</span> <span class='ocrx_word' id='word_1_12' title='bbox 1120 336 1353 382; x_wconf 76' lang='lat' dir='ltr'>fidelissimi</span> <span class='ocrx_word' id='word_1_13' title='bbox 1383 340 1473 384; x_wconf 90' lang='lat' dir='ltr'>dis·</span> 
     </span>
     <span class='ocr_line' id='line_1_3' title="bbox 85 404 1474 468; baseline 0.006 -22"><span class='ocrx_word' id='word_1_14' title='bbox 85 404 322 462; x_wconf 85' lang='lat' dir='ltr'>pensatoris</span> <span class='ocrx_word' id='word_1_15' title='bbox 350 404 534 449; x_wconf 88' lang='lat' dir='ltr'>intentio</span> <span class='ocrx_word' id='word_1_16' title='bbox 549 440 558 458; x_wconf 91' lang='lat'><strong>‚</strong></span> <span class='ocrx_word' id='word_1_17' title='bbox 582 420 636 448; x_wconf 88' lang='lat' dir='ltr'>ne</span> <span class='ocrx_word' id='word_1_18' title='bbox 653 406 881 466; x_wconf 83' lang='lat' dir='ltr'>quisquam</span> <span class='ocrx_word' id='word_1_19' title='bbox 903 407 1000 451; x_wconf 89' lang='lat' dir='ltr'>ideo</span> <span class='ocrx_word' id='word_1_20' title='bbox 1022 409 1210 452; x_wconf 87' lang='lat' dir='ltr'>sanctius</span> <span class='ocrx_word' id='word_1_21' title='bbox 1225 424 1269 452; x_wconf 87' lang='lat' dir='ltr'>se</span> <span class='ocrx_word' id='word_1_22' title='bbox 1287 410 1474 468; x_wconf 89' lang='lat' dir='ltr'>baptiza-</span> 
     </span>
     <span class='ocr_line' id='line_1_4' title="bbox 83 475 1476 537; baseline 0.006 -21"><span class='ocrx_word' id='word_1_23' title='bbox 83 482 177 517; x_wconf 91' lang='lat' dir='ltr'>tum</span> <span class='ocrx_word' id='word_1_24' title='bbox 207 484 399 533; x_wconf 88' lang='lat' dir='ltr'>putaret,</span> <span class='ocrx_word' id='word_1_25' title='bbox 421 475 541 535; x_wconf 87' lang='lat' dir='ltr'>quod</span> <span class='ocrx_word' id='word_1_26' title='bbox 563 492 585 519; x_wconf 89' lang='lat' dir='ltr'>a</span> <span class='ocrx_word' id='word_1_27' title='bbox 604 476 798 520; x_wconf 90' lang='lat' dir='ltr'>ministro</span> <span class='ocrx_word' id='word_1_28' title='bbox 830 478 1043 521; x_wconf 88' lang='lat' dir='ltr'>sanctiore</span> <span class='ocrx_word' id='word_1_29' title='bbox 1080 477 1372 537; x_wconf 79' lang='lat' dir='ltr'>baptizaretur</span> <span class='ocrx_word' id='word_1_30' title='bbox 1389 514 1401 535; x_wconf 94' lang='lat'>,</span> <span class='ocrx_word' id='word_1_31' title='bbox 1433 489 1476 524; x_wconf 89' lang='lat' dir='ltr'>et</span> 
     </span>
     <span class='ocr_line' id='line_1_5' title="bbox 83 543 918 603; baseline 0.004 -16"><span class='ocrx_word' id='word_1_32' title='bbox 83 543 205 603; x_wconf 83' lang='lat' dir='ltr'>quod</span> <span class='ocrx_word' id='word_1_33' title='bbox 224 545 394 589; x_wconf 88' lang='lat' dir='ltr'>Domini</span> <span class='ocrx_word' id='word_1_34' title='bbox 418 556 524 600; x_wconf 89' lang='lat' dir='ltr'>erat,</span> <span class='ocrx_word' id='word_1_35' title='bbox 548 561 670 590; x_wconf 83' lang='lat' dir='ltr'>servo</span> <span class='ocrx_word' id='word_1_36' title='bbox 694 546 918 590; x_wconf 82' lang='lat' dir='ltr'>tribuerat.</span> 
     </span>
    </p>

    <p class='ocr_par' dir='ltr' id='par_1_3' title="bbox 78 616 1479 2237">
     <span class='ocr_line' id='line_1_6' title="bbox 144 616 1476 679; baseline 0.005 -21"><span class='ocrx_word' id='word_1_37' title='bbox 144 616 234 658; x_wconf 86' lang='lat' dir='ltr'>LX.</span> <span class='ocrx_word' id='word_1_38' title='bbox 259 616 514 674; x_wconf 87' lang='lat' dir='ltr'>Cumigitur</span> <span class='ocrx_word' id='word_1_39' title='bbox 536 616 640 660; x_wconf 90' lang='lat' dir='ltr'>boni</span> <span class='ocrx_word' id='word_1_40' title='bbox 662 626 705 660; x_wconf 92' lang='lat' dir='ltr'>et</span> <span class='ocrx_word' id='word_1_41' title='bbox 727 616 828 661; x_wconf 88' lang='lat' dir='ltr'>mali</span> <span class='ocrx_word' id='word_1_42' title='bbox 852 617 957 661; x_wconf 91' lang='lat' dir='ltr'>dent</span> <span class='ocrx_word' id='word_1_43' title='bbox 979 627 1022 661; x_wconf 84' lang='lat' dir='ltr'>ct</span> <span class='ocrx_word' id='word_1_44' title='bbox 1044 619 1256 678; x_wconf 80' lang='lat' dir='ltr'>accipiant</span> <span class='ocrx_word' id='word_1_45' title='bbox 1274 620 1476 679; x_wconf 85' lang='lat' dir='ltr'>baptismi</span> 
     </span>
     <span class='ocr_line' id='line_1_7' title="bbox 81 686 1477 749; baseline 0.004 -20"><span class='ocrx_word' id='word_1_46' title='bbox 81 697 415 741; x_wconf 87' lang='lat' dir='ltr'>sacramentum,</span> <span class='ocrx_word' id='word_1_47' title='bbox 432 702 511 731; x_wconf 89' lang='lat' dir='ltr'>nec</span> <span class='ocrx_word' id='word_1_48' title='bbox 534 688 772 745; x_wconf 88' lang='lat' dir='ltr'>regenerati</span> <span class='ocrx_word' id='word_1_49' title='bbox 783 686 1031 747; x_wconf 86' lang='lat' dir='ltr'>spiritaliter</span> <span class='ocrx_word' id='word_1_50' title='bbox 1052 689 1095 732; x_wconf 92' lang='lat' dir='ltr'>in</span> <span class='ocrx_word' id='word_1_51' title='bbox 1115 705 1271 749; x_wconf 88' lang='lat' dir='ltr'>corpus</span> <span class='ocrx_word' id='word_1_52' title='bbox 1283 699 1321 735; x_wconf 86' lang='lat' dir='ltr'>et</span> <span class='ocrx_word' id='word_1_53' title='bbox 1337 706 1477 734; x_wconf 89' lang='lat' dir='ltr'>mem-</span> 
     </span>
     <span class='ocr_line' id='line_1_8' title="bbox 81 755 1477 817; baseline 0.004 -18"><span class='ocrx_word' id='word_1_54' title='bbox 81 755 158 799; x_wconf 89' lang='lat' dir='ltr'>bra</span> <span class='ocrx_word' id='word_1_55' title='bbox 176 757 336 800; x_wconf 89' lang='lat' dir='ltr'>Christi</span> <span class='ocrx_word' id='word_1_56' title='bbox 356 757 680 802; x_wconf 85' lang='lat' dir='ltr'>coaedificentur</span> <span class='ocrx_word' id='word_1_57' title='bbox 696 758 777 802; x_wconf 90' lang='lat' dir='ltr'>nisi</span> <span class='ocrx_word' id='word_1_58' title='bbox 800 759 904 802; x_wconf 83' lang='lat' dir='ltr'>boni</span> <span class='ocrx_word' id='word_1_59' title='bbox 927 779 938 815; x_wconf 76' lang='lat'>3</span> <span class='ocrx_word' id='word_1_60' title='bbox 959 757 1154 817; x_wconf 89' lang='lat' dir='ltr'>profecto</span> <span class='ocrx_word' id='word_1_61' title='bbox 1188 760 1232 803; x_wconf 88' lang='lat' dir='ltr'>in</span> <span class='ocrx_word' id='word_1_62' title='bbox 1266 761 1388 805; x_wconf 90' lang='lat' dir='ltr'>bonis</span> <span class='ocrx_word' id='word_1_63' title='bbox 1414 770 1477 805; x_wconf 87' lang='lat' dir='ltr'>est</span> 
     </span>
     <span class='ocr_line' id='line_1_9' title="bbox 80 826 1478 891; baseline 0.004 -21"><span class='ocrx_word' id='word_1_64' title='bbox 80 826 153 871; x_wconf 87' lang='lat' dir='ltr'>illa</span> <span class='ocrx_word' id='word_1_65' title='bbox 177 827 391 884; x_wconf 85' lang='lat' dir='ltr'>Ecclesia,</span> <span class='ocrx_word' id='word_1_66' title='bbox 419 828 489 873; x_wconf 89' lang='lat' dir='ltr'>cui</span> <span class='ocrx_word' id='word_1_67' title='bbox 516 829 674 873; x_wconf 88' lang='lat' dir='ltr'>dicitur</span> <span class='ocrx_word' id='word_1_68' title='bbox 701 849 710 874; x_wconf 74' lang='grc' dir='ltr'>ε</span> <span class='ocrx_word' id='word_1_69' title='bbox 738 848 758 871; x_wconf 93' lang='lat'>«</span> <span class='ocrx_word' id='word_1_70' title='bbox 782 830 902 874; x_wconf 86' lang='lat' dir='ltr'>Sicut</span> <span class='ocrx_word' id='word_1_71' title='bbox 929 829 1068 874; x_wconf 90' lang='lat' dir='ltr'>lilium</span> <span class='ocrx_word' id='word_1_72' title='bbox 1095 831 1139 874; x_wconf 93' lang='lat' dir='ltr'>in</span> <span class='ocrx_word' id='word_1_73' title='bbox 1163 830 1306 875; x_wconf 89' lang='lat' dir='ltr'>medio</span> <span class='ocrx_word' id='word_1_74' title='bbox 1334 832 1478 891; x_wconf 91' lang='lat' dir='ltr'>spina-</span> 
     </span>
     <span class='ocr_line' id='line_1_10' title="bbox 83 901 1476 960; baseline 0.004 -20"><span class='ocrx_word' id='word_1_75' title='bbox 83 917 103 940; x_wconf 90' lang='lat'>»</span> <span class='ocrx_word' id='word_1_76' title='bbox 131 915 227 943; x_wconf 89' lang='lat' dir='ltr'>rum</span> <span class='ocrx_word' id='word_1_77' title='bbox 243 935 254 954; x_wconf 95' lang='lat'>‚</span> <span class='ocrx_word' id='word_1_78' title='bbox 292 901 348 944; x_wconf 88' lang='lat' dir='ltr'>ita</span> <span class='ocrx_word' id='word_1_79' title='bbox 372 901 564 960; x_wconf 84' lang='lat' dir='ltr'>proxima</span> <span class='ocrx_word' id='word_1_80' title='bbox 591 917 685 945; x_wconf 90' lang='lat' dir='ltr'>mea</span> <span class='ocrx_word' id='word_1_81' title='bbox 707 902 752 945; x_wconf 90' lang='lat' dir='ltr'>in</span> <span class='ocrx_word' id='word_1_82' title='bbox 770 901 915 946; x_wconf 91' lang='lat' dir='ltr'>medio</span> <span class='ocrx_word' id='word_1_83' title='bbox 937 901 1124 946; x_wconf 86' lang='lat' dir='ltr'>filiarum</span> <span class='ocrx_word' id='word_1_84' title='bbox 1151 905 1181 945; x_wconf 90' lang='lat'>¹.</span> <span class='ocrx_word' id='word_1_85' title='bbox 1212 921 1231 943; x_wconf 91' lang='lat'>»</span> <span class='ocrx_word' id='word_1_86' title='bbox 1256 905 1304 946; x_wconf 89' lang='lat' dir='ltr'>In</span> <span class='ocrx_word' id='word_1_87' title='bbox 1329 903 1394 947; x_wconf 92' lang='lat' dir='ltr'>his</span> <span class='ocrx_word' id='word_1_88' title='bbox 1415 912 1476 947; x_wconf 87' lang='lat' dir='ltr'>est</span> 
     </span>
     <span class='ocr_line' id='line_1_11' title="bbox 80 970 1477 1032; baseline 0.003 -19"><span class='ocrx_word' id='word_1_89' title='bbox 80 970 195 1013; x_wconf 84' lang='lat' dir='ltr'>enim</span> <span class='ocrx_word' id='word_1_90' title='bbox 211 971 285 1030; x_wconf 90' lang='lat' dir='ltr'>qui</span> <span class='ocrx_word' id='word_1_91' title='bbox 305 970 524 1015; x_wconf 79' lang='lat' dir='ltr'>aedificant</span> <span class='ocrx_word' id='word_1_92' title='bbox 541 986 671 1031; x_wconf 88' lang='lat' dir='ltr'>super</span> <span class='ocrx_word' id='word_1_93' title='bbox 688 981 872 1030; x_wconf 87' lang='lat' dir='ltr'>petram,</span> <span class='ocrx_word' id='word_1_94' title='bbox 894 972 938 1016; x_wconf 92' lang='lat' dir='ltr'>id</span> <span class='ocrx_word' id='word_1_95' title='bbox 955 982 1034 1026; x_wconf 86' lang='lat' dir='ltr'>est,</span> <span class='ocrx_word' id='word_1_96' title='bbox 1053 973 1127 1032; x_wconf 88' lang='lat' dir='ltr'>qui</span> <span class='ocrx_word' id='word_1_97' title='bbox 1146 973 1330 1017; x_wconf 87' lang='lat' dir='ltr'>audiunt</span> <span class='ocrx_word' id='word_1_98' title='bbox 1346 974 1477 1017; x_wconf 87' lang='lat' dir='ltr'>verba</span> 
     </span>
     <span class='ocr_line' id='line_1_12' title="bbox 79 1040 1474 1101; baseline 0.001 -16"><span class='ocrx_word' id='word_1_99' title='bbox 79 1041 260 1095; x_wconf 87' lang='lat' dir='ltr'>Christi,</span> <span class='ocrx_word' id='word_1_100' title='bbox 286 1051 329 1084; x_wconf 95' lang='lat' dir='ltr'>et</span> <span class='ocrx_word' id='word_1_101' title='bbox 352 1040 519 1086; x_wconf 85' lang='lat' dir='ltr'>faciunt</span> <span class='ocrx_word' id='word_1_102' title='bbox 542 1062 551 1087; x_wconf 74' lang='grc' dir='ltr'><strong><em>ι</em></strong></span> <span class='ocrx_word' id='word_1_103' title='bbox 576 1043 679 1101; x_wconf 84' lang='lat' dir='ltr'>quia</span> <span class='ocrx_word' id='word_1_104' title='bbox 702 1053 745 1086; x_wconf 90' lang='lat' dir='ltr'>et</span> <span class='ocrx_word' id='word_1_105' title='bbox 776 1046 903 1086; x_wconf 85' lang='lat' dir='ltr'>Petro</span> <span class='ocrx_word' id='word_1_106' title='bbox 931 1044 1158 1086; x_wconf 82' lang='lat' dir='ltr'>confitenti</span> <span class='ocrx_word' id='word_1_107' title='bbox 1180 1058 1223 1086; x_wconf 87' lang='lat' dir='ltr'>se</span> <span class='ocrx_word' id='word_1_108' title='bbox 1254 1044 1474 1088; x_wconf 86' lang='lat' dir='ltr'>Christum</span> 
     </span>
     <span class='ocr_line' id='line_1_13' title="bbox 79 1111 1478 1173; baseline 0.001 -17"><span class='ocrx_word' id='word_1_109' title='bbox 79 1111 240 1156; x_wconf 91' lang='lat' dir='ltr'>Filium</span> <span class='ocrx_word' id='word_1_110' title='bbox 271 1113 371 1166; x_wconf 89' lang='lat' dir='ltr'>Dei,</span> <span class='ocrx_word' id='word_1_111' title='bbox 401 1114 460 1157; x_wconf 89' lang='lat' dir='ltr'>sic</span> <span class='ocrx_word' id='word_1_112' title='bbox 492 1114 552 1157; x_wconf 89' lang='lat' dir='ltr'>ait</span> <span class='ocrx_word' id='word_1_113' title='bbox 579 1132 589 1158; x_wconf 87' lang='lat'>:</span> <span class='ocrx_word' id='word_1_114' title='bbox 622 1132 641 1155; x_wconf 76' lang='grc' dir='ltr'>α</span> <span class='ocrx_word' id='word_1_115' title='bbox 667 1116 723 1158; x_wconf 88' lang='lat' dir='ltr'>Et</span> <span class='ocrx_word' id='word_1_116' title='bbox 749 1129 878 1172; x_wconf 88' lang='lat' dir='ltr'>super</span> <span class='ocrx_word' id='word_1_117' title='bbox 910 1114 1022 1158; x_wconf 88' lang='lat' dir='ltr'>hanc</span> <span class='ocrx_word' id='word_1_118' title='bbox 1052 1123 1218 1173; x_wconf 88' lang='lat' dir='ltr'>petram</span> <span class='ocrx_word' id='word_1_119' title='bbox 1249 1114 1478 1158; x_wconf 72' lang='lat' dir='ltr'>:edificabo</span> 
     </span>
     <span class='ocr_line' id='line_1_14' title="bbox 84 1182 1477 1244; baseline 0.001 -18"><span class='ocrx_word' id='word_1_120' title='bbox 84 1202 101 1223; x_wconf 89' lang='lat'>»</span> <span class='ocrx_word' id='word_1_121' title='bbox 127 1182 364 1226; x_wconf 86' lang='lat' dir='ltr'>Ecclesiam</span> <span class='ocrx_word' id='word_1_122' title='bbox 386 1199 527 1227; x_wconf 87' lang='lat' dir='ltr'>meam</span> <span class='ocrx_word' id='word_1_123' title='bbox 553 1186 583 1226; x_wconf 67' lang='lat'>³.</span> <span class='ocrx_word' id='word_1_124' title='bbox 614 1203 632 1224; x_wconf 91' lang='lat'>»</span> <span class='ocrx_word' id='word_1_125' title='bbox 666 1186 761 1229; x_wconf 90' lang='lat' dir='ltr'>Non</span> <span class='ocrx_word' id='word_1_126' title='bbox 785 1193 847 1228; x_wconf 89' lang='lat' dir='ltr'>cst</span> <span class='ocrx_word' id='word_1_127' title='bbox 880 1199 982 1242; x_wconf 80' lang='lat' dir='ltr'>ergo</span> <span class='ocrx_word' id='word_1_128' title='bbox 1011 1185 1055 1227; x_wconf 88' lang='lat' dir='ltr'>in</span> <span class='ocrx_word' id='word_1_129' title='bbox 1080 1185 1139 1228; x_wconf 80' lang='lat' dir='ltr'>eis</span> <span class='ocrx_word' id='word_1_130' title='bbox 1161 1185 1235 1244; x_wconf 80' lang='lat' dir='ltr'>qui</span> <span class='ocrx_word' id='word_1_131' title='bbox 1258 1184 1477 1228; x_wconf 82' lang='lat' dir='ltr'>aedificant</span> 
     </span>
     <span class='ocr_line' id='line_1_15' title="bbox 78 1253 1477 1314; baseline 0.001 -17"><span class='ocrx_word' id='word_1_132' title='bbox 78 1268 207 1314; x_wconf 91' lang='lat' dir='ltr'>super</span> <span class='ocrx_word' id='word_1_133' title='bbox 230 1269 404 1298; x_wconf 83' lang='lat' dir='ltr'>arenam</span> <span class='ocrx_word' id='word_1_134' title='bbox 421 1289 431 1309; x_wconf 92' lang='lat'>,</span> <span class='ocrx_word' id='word_1_135' title='bbox 457 1253 499 1298; x_wconf 91' lang='lat' dir='ltr'>id</span> <span class='ocrx_word' id='word_1_136' title='bbox 527 1263 615 1308; x_wconf 87' lang='lat' dir='ltr'>est,</span> <span class='ocrx_word' id='word_1_137' title='bbox 641 1255 715 1313; x_wconf 84' lang='lat' dir='ltr'>qui</span> <span class='ocrx_word' id='word_1_138' title='bbox 746 1256 932 1298; x_wconf 87' lang='lat' dir='ltr'>audiunt</span> <span class='ocrx_word' id='word_1_139' title='bbox 954 1256 1083 1299; x_wconf 87' lang='lat' dir='ltr'>verba</span> <span class='ocrx_word' id='word_1_140' title='bbox 1109 1256 1295 1310; x_wconf 76' lang='lat' dir='ltr'>Christi,</span> <span class='ocrx_word' id='word_1_141' title='bbox 1322 1265 1364 1299; x_wconf 86' lang='lat' dir='ltr'>et</span> <span class='ocrx_word' id='word_1_142' title='bbox 1387 1271 1477 1300; x_wconf 91' lang='lat' dir='ltr'>non</span> 
     </span>
     <span class='ocr_line' id='line_1_16' title="bbox 80 1323 1479 1384; baseline 0.001 -15"><span class='ocrx_word' id='word_1_143' title='bbox 80 1323 261 1370; x_wconf 81' lang='lat' dir='ltr'>faciunt.</span> <span class='ocrx_word' id='word_1_144' title='bbox 290 1328 385 1384; x_wconf 88' lang='lat' dir='ltr'>Ipse</span> <span class='ocrx_word' id='word_1_145' title='bbox 402 1326 517 1369; x_wconf 85' lang='lat' dir='ltr'>enim</span> <span class='ocrx_word' id='word_1_146' title='bbox 538 1326 645 1369; x_wconf 87' lang='lat' dir='ltr'>dixit</span> <span class='ocrx_word' id='word_1_147' title='bbox 668 1345 676 1369; x_wconf 78' lang='lat'>2</span> <span class='ocrx_word' id='word_1_148' title='bbox 708 1344 727 1366; x_wconf 86' lang='lat'>«</span> <span class='ocrx_word' id='word_1_149' title='bbox 757 1326 841 1378; x_wconf 91' lang='lat' dir='ltr'>Qui</span> <span class='ocrx_word' id='word_1_150' title='bbox 863 1325 985 1369; x_wconf 89' lang='lat' dir='ltr'>audit</span> <span class='ocrx_word' id='word_1_151' title='bbox 1010 1326 1142 1369; x_wconf 87' lang='lat' dir='ltr'>verba</span> <span class='ocrx_word' id='word_1_152' title='bbox 1169 1342 1261 1370; x_wconf 87' lang='lat' dir='ltr'>mea</span> <span class='ocrx_word' id='word_1_153' title='bbox 1286 1327 1402 1379; x_wconf 82' lang='lat' dir='ltr'>haec,</span> <span class='ocrx_word' id='word_1_154' title='bbox 1435 1335 1479 1370; x_wconf 86' lang='lat' dir='ltr'>et</span> 
     </span>
     <span class='ocr_line' id='line_1_17' title="bbox 85 1394 1478 1455; baseline 0.002 -18"><span class='ocrx_word' id='word_1_155' title='bbox 85 1414 105 1437; x_wconf 86' lang='lat'>»</span> <span class='ocrx_word' id='word_1_156' title='bbox 127 1396 231 1441; x_wconf 85' lang='lat' dir='ltr'>facit</span> <span class='ocrx_word' id='word_1_157' title='bbox 253 1411 318 1450; x_wconf 80' lang='lat' dir='ltr'>ea,</span> <span class='ocrx_word' id='word_1_158' title='bbox 335 1394 532 1440; x_wconf 87' lang='lat' dir='ltr'>similabo</span> <span class='ocrx_word' id='word_1_159' title='bbox 552 1411 652 1439; x_wconf 89' lang='lat' dir='ltr'>eum</span> <span class='ocrx_word' id='word_1_160' title='bbox 668 1397 759 1440; x_wconf 90' lang='lat' dir='ltr'>viro</span> <span class='ocrx_word' id='word_1_161' title='bbox 782 1397 981 1455; x_wconf 89' lang='lat' dir='ltr'>sapienti,</span> <span class='ocrx_word' id='word_1_162' title='bbox 999 1397 1073 1455; x_wconf 88' lang='lat' dir='ltr'>qu&#39;i</span> <span class='ocrx_word' id='word_1_163' title='bbox 1097 1397 1283 1440; x_wconf 75' lang='lat' dir='ltr'>aedificat</span> <span class='ocrx_word' id='word_1_164' title='bbox 1297 1396 1478 1440; x_wconf 91' lang='lat' dir='ltr'>domum</span> 
     </span>
     <span class='ocr_line' id='line_1_18' title="bbox 85 1465 1476 1526; baseline 0.001 -18"><span class='ocrx_word' id='word_1_165' title='bbox 85 1484 105 1508; x_wconf 88' lang='lat'>»</span> <span class='ocrx_word' id='word_1_166' title='bbox 128 1481 251 1510; x_wconf 89' lang='lat' dir='ltr'>suam</span> <span class='ocrx_word' id='word_1_167' title='bbox 272 1482 401 1525; x_wconf 85' lang='lat' dir='ltr'>super</span> <span class='ocrx_word' id='word_1_168' title='bbox 422 1476 590 1525; x_wconf 88' lang='lat' dir='ltr'>petram</span> <span class='ocrx_word' id='word_1_169' title='bbox 615 1470 646 1509; x_wconf 75' lang='lat'>2.</span> <span class='ocrx_word' id='word_1_170' title='bbox 679 1485 697 1507; x_wconf 89' lang='lat'>»</span> <span class='ocrx_word' id='word_1_171' title='bbox 733 1469 789 1510; x_wconf 92' lang='lat' dir='ltr'>Et</span> <span class='ocrx_word' id='word_1_172' title='bbox 819 1466 982 1510; x_wconf 88' lang='lat' dir='ltr'>ibidem</span> <span class='ocrx_word' id='word_1_173' title='bbox 1015 1465 1146 1525; x_wconf 83' lang='lat' dir='ltr'>paulo</span> <span class='ocrx_word' id='word_1_174' title='bbox 1174 1476 1268 1526; x_wconf 88' lang='lat' dir='ltr'>post</span> <span class='ocrx_word' id='word_1_175' title='bbox 1296 1485 1305 1511; x_wconf 74' lang='grc' dir='ltr'>ε</span> <span class='ocrx_word' id='word_1_176' title='bbox 1335 1487 1354 1507; x_wconf 88' lang='lat'>«</span> <span class='ocrx_word' id='word_1_177' title='bbox 1391 1467 1476 1520; x_wconf 88' lang='lat' dir='ltr'>Qui</span> 
     </span>
     <span class='ocr_line' id='line_1_19' title="bbox 84 1537 1478 1597; baseline 0.003 -19"><span class='ocrx_word' id='word_1_178' title='bbox 84 1555 106 1579; x_wconf 90' lang='lat'>»</span> <span class='ocrx_word' id='word_1_179' title='bbox 126 1537 265 1591; x_wconf 86' lang='lat' dir='ltr'>audit,</span> <span class='ocrx_word' id='word_1_180' title='bbox 290 1537 450 1597; x_wconf 89' lang='lat' dir='ltr'>inquit,</span> <span class='ocrx_word' id='word_1_181' title='bbox 471 1537 602 1581; x_wconf 85' lang='lat' dir='ltr'>verba</span> <span class='ocrx_word' id='word_1_182' title='bbox 627 1552 721 1580; x_wconf 82' lang='lat' dir='ltr'>mea</span> <span class='ocrx_word' id='word_1_183' title='bbox 745 1538 855 1591; x_wconf 82' lang='lat' dir='ltr'>haec,</span> <span class='ocrx_word' id='word_1_184' title='bbox 888 1547 930 1581; x_wconf 88' lang='lat' dir='ltr'>ct</span> <span class='ocrx_word' id='word_1_185' title='bbox 957 1553 1044 1582; x_wconf 85' lang='lat' dir='ltr'>non</span> <span class='ocrx_word' id='word_1_186' title='bbox 1065 1538 1168 1581; x_wconf 84' lang='lat' dir='ltr'>facit</span> <span class='ocrx_word' id='word_1_187' title='bbox 1191 1554 1261 1592; x_wconf 84' lang='lat' dir='ltr'>ea,</span> <span class='ocrx_word' id='word_1_188' title='bbox 1280 1537 1478 1582; x_wconf 86' lang='lat' dir='ltr'>similabo</span> 
     </span>
     <span class='ocr_line' id='line_1_20' title="bbox 85 1607 1473 1668; baseline 0.001 -18"><span class='ocrx_word' id='word_1_189' title='bbox 85 1627 105 1650; x_wconf 86' lang='lat'>»</span> <span class='ocrx_word' id='word_1_190' title='bbox 126 1623 227 1652; x_wconf 90' lang='lat' dir='ltr'>eum</span> <span class='ocrx_word' id='word_1_191' title='bbox 239 1609 330 1653; x_wconf 90' lang='lat' dir='ltr'>viro</span> <span class='ocrx_word' id='word_1_192' title='bbox 339 1607 489 1662; x_wconf 90' lang='lat' dir='ltr'>stulto,</span> <span class='ocrx_word' id='word_1_193' title='bbox 501 1609 576 1668; x_wconf 84' lang='lat' dir='ltr'>qui</span> <span class='ocrx_word' id='word_1_194' title='bbox 589 1607 965 1653; x_wconf 81' lang='lat' dir='ltr'>aedificatdomum</span> <span class='ocrx_word' id='word_1_195' title='bbox 979 1624 1099 1653; x_wconf 88' lang='lat' dir='ltr'>suam</span> <span class='ocrx_word' id='word_1_196' title='bbox 1111 1624 1240 1668; x_wconf 85' lang='lat' dir='ltr'>super</span> <span class='ocrx_word' id='word_1_197' title='bbox 1253 1625 1473 1652; x_wconf 84' lang='lat' dir='ltr'>arenam.»</span> 
     </span>
     <span class='ocr_line' id='line_1_21' title="bbox 81 1680 1477 1739; baseline -0.001 -15"><span class='ocrx_word' id='word_1_198' title='bbox 81 1681 168 1734; x_wconf 90' lang='lat' dir='ltr'>Qui</span> <span class='ocrx_word' id='word_1_199' title='bbox 196 1694 297 1737; x_wconf 84' lang='lat' dir='ltr'>ergo</span> <span class='ocrx_word' id='word_1_200' title='bbox 319 1695 530 1739; x_wconf 83' lang='lat' dir='ltr'>compage</span> <span class='ocrx_word' id='word_1_201' title='bbox 552 1680 772 1724; x_wconf 86' lang='lat' dir='ltr'>charitatis</span> <span class='ocrx_word' id='word_1_202' title='bbox 793 1681 1055 1739; x_wconf 86' lang='lat' dir='ltr'>incorporati</span> <span class='ocrx_word' id='word_1_203' title='bbox 1080 1690 1181 1724; x_wconf 90' lang='lat' dir='ltr'>sunt</span> <span class='ocrx_word' id='word_1_204' title='bbox 1196 1680 1380 1724; x_wconf 83' lang='lat' dir='ltr'>aedificio</span> <span class='ocrx_word' id='word_1_205' title='bbox 1402 1696 1477 1724; x_wconf 46' lang='lat' dir='ltr'>su*</span> 
     </span>
     <span class='ocr_line' id='line_1_22' title="bbox 83 1751 1478 1812; baseline -0.001 -16"><span class='ocrx_word' id='word_1_206' title='bbox 83 1767 158 1811; x_wconf 87' lang='lat' dir='ltr'>per</span> <span class='ocrx_word' id='word_1_207' title='bbox 176 1761 342 1812; x_wconf 86' lang='lat' dir='ltr'>petram</span> <span class='ocrx_word' id='word_1_208' title='bbox 366 1752 624 1806; x_wconf 90' lang='lat' dir='ltr'>constituto,</span> <span class='ocrx_word' id='word_1_209' title='bbox 653 1762 696 1796; x_wconf 91' lang='lat' dir='ltr'>et</span> <span class='ocrx_word' id='word_1_210' title='bbox 721 1751 812 1796; x_wconf 89' lang='lat' dir='ltr'>lilio</span> <span class='ocrx_word' id='word_1_211' title='bbox 844 1753 955 1795; x_wconf 82' lang='lat' dir='ltr'>inter</span> <span class='ocrx_word' id='word_1_212' title='bbox 979 1752 1121 1811; x_wconf 86' lang='lat' dir='ltr'>spinas</span> <span class='ocrx_word' id='word_1_213' title='bbox 1142 1751 1371 1804; x_wconf 80' lang='lat' dir='ltr'>candenti,</span> <span class='ocrx_word' id='word_1_214' title='bbox 1397 1752 1478 1810; x_wconf 89' lang='lat' dir='ltr'>ipsi</span> 
     </span>
     <span class='ocr_line' id='line_1_23' title="bbox 82 1821 1476 1882; baseline -0.001 -16"><span class='ocrx_word' id='word_1_215' title='bbox 82 1822 236 1882; x_wconf 90' lang='lat' dir='ltr'>utique</span> <span class='ocrx_word' id='word_1_216' title='bbox 252 1821 537 1882; x_wconf 87' lang='lat' dir='ltr'>possidebunt</span> <span class='ocrx_word' id='word_1_217' title='bbox 561 1836 742 1879; x_wconf 84' lang='lat' dir='ltr'>regnum</span> <span class='ocrx_word' id='word_1_218' title='bbox 762 1822 853 1865; x_wconf 87' lang='lat' dir='ltr'>Dei.</span> <span class='ocrx_word' id='word_1_219' title='bbox 881 1823 966 1874; x_wconf 86' lang='lat' dir='ltr'>Qui</span> <span class='ocrx_word' id='word_1_220' title='bbox 986 1831 1132 1865; x_wconf 88' lang='lat' dir='ltr'>autem</span> <span class='ocrx_word' id='word_1_221' title='bbox 1155 1837 1284 1880; x_wconf 82' lang='lat' dir='ltr'>super</span> <span class='ocrx_word' id='word_1_222' title='bbox 1302 1837 1476 1865; x_wconf 86' lang='lat' dir='ltr'>arenam</span> 
     </span>
     <span class='ocr_line' id='line_1_24' title="bbox 83 1892 1476 1953; baseline -0.001 -15"><span class='ocrx_word' id='word_1_223' title='bbox 83 1892 318 1948; x_wconf 80' lang='lat' dir='ltr'>aedificant,</span> <span class='ocrx_word' id='word_1_224' title='bbox 336 1893 405 1938; x_wconf 90' lang='lat' dir='ltr'>vel</span> <span class='ocrx_word' id='word_1_225' title='bbox 423 1893 468 1937; x_wconf 89' lang='lat' dir='ltr'>in</span> <span class='ocrx_word' id='word_1_226' title='bbox 484 1893 617 1952; x_wconf 88' lang='lat' dir='ltr'>spinis</span> <span class='ocrx_word' id='word_1_227' title='bbox 636 1893 921 1952; x_wconf 88' lang='lat' dir='ltr'>deputantur,</span> <span class='ocrx_word' id='word_1_228' title='bbox 938 1894 1034 1953; x_wconf 86' lang='lat' dir='ltr'>quis</span> <span class='ocrx_word' id='word_1_229' title='bbox 1057 1892 1339 1947; x_wconf 86' lang='lat' dir='ltr'>dubitaverit,</span> <span class='ocrx_word' id='word_1_230' title='bbox 1357 1892 1476 1953; x_wconf 88' lang='lat' dir='ltr'>quod</span> 
     </span>
     <span class='ocr_line' id='line_1_25' title="bbox 83 1962 1470 2023; baseline -0.001 -15"><span class='ocrx_word' id='word_1_231' title='bbox 83 1979 266 2023; x_wconf 84' lang='lat' dir='ltr'>regnum</span> <span class='ocrx_word' id='word_1_232' title='bbox 297 1965 374 2009; x_wconf 91' lang='lat' dir='ltr'>Dei</span> <span class='ocrx_word' id='word_1_233' title='bbox 402 1979 491 2008; x_wconf 90' lang='lat' dir='ltr'>non</span> <span class='ocrx_word' id='word_1_234' title='bbox 523 1963 844 2022; x_wconf 78' lang='lat' dir='ltr'>possidebunt?</span> <span class='ocrx_word' id='word_1_235' title='bbox 866 1963 984 2008; x_wconf 88' lang='lat' dir='ltr'>Nihil</span> <span class='ocrx_word' id='word_1_236' title='bbox 1013 1964 1166 2022; x_wconf 82' lang='lat' dir='ltr'>utique</span> <span class='ocrx_word' id='word_1_237' title='bbox 1195 1962 1352 2006; x_wconf 86' lang='lat' dir='ltr'>talibus</span> <span class='ocrx_word' id='word_1_238' title='bbox 1372 1977 1470 2021; x_wconf 87' lang='lat' dir='ltr'>pro·</span> 
     </span>
     <span class='ocr_line' id='line_1_26' title="bbox 83 2033 1474 2094; baseline -0.002 -14"><span class='ocrx_word' id='word_1_239' title='bbox 83 2033 179 2080; x_wconf 89' lang='lat' dir='ltr'>dest</span> <span class='ocrx_word' id='word_1_240' title='bbox 201 2035 402 2094; x_wconf 88' lang='lat' dir='ltr'>baptismi</span> <span class='ocrx_word' id='word_1_241' title='bbox 429 2044 747 2079; x_wconf 87' lang='lat' dir='ltr'>sacramentum</span> <span class='ocrx_word' id='word_1_242' title='bbox 771 2054 779 2078; x_wconf 90' lang='lat'>:</span> <span class='ocrx_word' id='word_1_243' title='bbox 808 2049 887 2078; x_wconf 90' lang='lat' dir='ltr'>nec</span> <span class='ocrx_word' id='word_1_244' title='bbox 926 2044 1072 2078; x_wconf 88' lang='lat' dir='ltr'>tamen</span> <span class='ocrx_word' id='word_1_245' title='bbox 1110 2043 1287 2093; x_wconf 87' lang='lat' dir='ltr'>propter</span> <span class='ocrx_word' id='word_1_246' title='bbox 1323 2048 1474 2078; x_wconf 89' lang='lat' dir='ltr'>eorum</span> 
     </span>
     <span class='ocr_line' id='line_1_27' title="bbox 81 2103 1474 2164; baseline -0.001 -14"><span class='ocrx_word' id='word_1_247' title='bbox 81 2105 284 2150; x_wconf 88' lang='lat' dir='ltr'>instabile</span> <span class='ocrx_word' id='word_1_248' title='bbox 301 2103 638 2149; x_wconf 87' lang='lat' dir='ltr'>fundamentum</span> <span class='ocrx_word' id='word_1_249' title='bbox 652 2104 929 2164; x_wconf 86' lang='lat' dir='ltr'>sterilemque</span> <span class='ocrx_word' id='word_1_250' title='bbox 945 2104 1167 2159; x_wconf 88' lang='lat' dir='ltr'>malitiam,</span> <span class='ocrx_word' id='word_1_251' title='bbox 1189 2105 1317 2149; x_wconf 84' lang='lat' dir='ltr'>etiam</span> <span class='ocrx_word' id='word_1_252' title='bbox 1335 2119 1474 2149; x_wconf 88' lang='lat' dir='ltr'>sacra-</span> 
     </span>
     <span class='ocr_line' id='line_1_28' title="bbox 83 2174 1175 2237; baseline -0.004 -16"><span class='ocrx_word' id='word_1_253' title='bbox 83 2184 231 2221; x_wconf 91' lang='lat' dir='ltr'>mento</span> <span class='ocrx_word' id='word_1_254' title='bbox 254 2175 375 2237; x_wconf 91' lang='lat' dir='ltr'>quod</span> <span class='ocrx_word' id='word_1_255' title='bbox 396 2175 576 2228; x_wconf 89' lang='lat' dir='ltr'>habent,</span> <span class='ocrx_word' id='word_1_256' title='bbox 598 2174 686 2219; x_wconf 87' lang='lat' dir='ltr'>ulla</span> <span class='ocrx_word' id='word_1_257' title='bbox 705 2175 859 2234; x_wconf 89' lang='lat' dir='ltr'>injuria</span> <span class='ocrx_word' id='word_1_258' title='bbox 883 2174 1078 2219; x_wconf 83' lang='lat' dir='ltr'>facienda</span> <span class='ocrx_word' id='word_1_259' title='bbox 1098 2184 1175 2220; x_wconf 85' lang='lat' dir='ltr'>est.</span> 
     </span>
    </p>

    <p class='ocr_par' dir='ltr' id='par_1_4' title="bbox 84 2244 1477 2593">
     <span class='ocr_line' id='line_1_29' title="bbox 143 2244 1471 2306; baseline -0.002 -15"><span class='ocrx_word' id='word_1_260' title='bbox 143 2249 258 2292; x_wconf 84' lang='lat' dir='ltr'><strong>LXI.</strong></span> <span class='ocrx_word' id='word_1_261' title='bbox 301 2246 489 2291; x_wconf 91' lang='lat' dir='ltr'>Proinde</span> <span class='ocrx_word' id='word_1_262' title='bbox 511 2247 556 2290; x_wconf 91' lang='lat' dir='ltr'>in</span> <span class='ocrx_word' id='word_1_263' title='bbox 578 2244 676 2290; x_wconf 90' lang='lat' dir='ltr'>loco</span> <span class='ocrx_word' id='word_1_264' title='bbox 699 2244 774 2290; x_wconf 94' lang='lat' dir='ltr'>illo</span> <span class='ocrx_word' id='word_1_265' title='bbox 807 2261 856 2289; x_wconf 88' lang='lat' dir='ltr'>cx</span> <span class='ocrx_word' id='word_1_266' title='bbox 886 2245 1079 2304; x_wconf 87' lang='lat' dir='ltr'>Epistola</span> <span class='ocrx_word' id='word_1_267' title='bbox 1111 2245 1232 2289; x_wconf 91' lang='lat' dir='ltr'>Pauli</span> <span class='ocrx_word' id='word_1_268' title='bbox 1265 2245 1471 2306; x_wconf 90' lang='lat' dir='ltr'>apostoli,</span> 
     </span>
     <span class='ocr_line' id='line_1_30' title="bbox 84 2315 1475 2379; baseline -0.001 -17"><span class='ocrx_word' id='word_1_269' title='bbox 84 2334 217 2379; x_wconf 89' lang='lat' dir='ltr'>quam</span> <span class='ocrx_word' id='word_1_270' title='bbox 240 2318 409 2377; x_wconf 90' lang='lat' dir='ltr'>scripsit</span> <span class='ocrx_word' id='word_1_271' title='bbox 427 2317 482 2362; x_wconf 88' lang='lat' dir='ltr'>ad</span> <span class='ocrx_word' id='word_1_272' title='bbox 505 2316 698 2371; x_wconf 83' lang='lat' dir='ltr'>Galatas,</span> <span class='ocrx_word' id='word_1_273' title='bbox 724 2317 814 2361; x_wconf 90' lang='lat' dir='ltr'>sine</span> <span class='ocrx_word' id='word_1_274' title='bbox 837 2315 981 2360; x_wconf 90' lang='lat' dir='ltr'>studio</span> <span class='ocrx_word' id='word_1_275' title='bbox 1003 2317 1295 2361; x_wconf 87' lang='lat' dir='ltr'>contentionis</span> <span class='ocrx_word' id='word_1_276' title='bbox 1319 2316 1475 2360; x_wconf 88' lang='lat' dir='ltr'>adver-</span> 
     </span>
     <span class='ocr_line' id='line_1_31' title="bbox 84 2387 1477 2449; baseline -0.002 -15"><span class='ocrx_word' id='word_1_277' title='bbox 84 2391 322 2449; x_wconf 88' lang='lat' dir='ltr'>tite,quam</span> <span class='ocrx_word' id='word_1_278' title='bbox 337 2390 428 2442; x_wconf 85' lang='lat' dir='ltr'>fiat,</span> <span class='ocrx_word' id='word_1_279' title='bbox 446 2397 494 2432; x_wconf 93' lang='lat' dir='ltr'>ut</span> <span class='ocrx_word' id='word_1_280' title='bbox 506 2389 759 2432; x_wconf 86' lang='lat' dir='ltr'>haereticum</span> <span class='ocrx_word' id='word_1_281' title='bbox 773 2389 1035 2445; x_wconf 85' lang='lat' dir='ltr'>corrigentes</span> <span class='ocrx_word' id='word_1_282' title='bbox 1057 2403 1263 2440; x_wconf 88' lang='lat' dir='ltr'>errorem,</span> <span class='ocrx_word' id='word_1_283' title='bbox 1281 2387 1315 2431; x_wconf 90' lang='lat' dir='ltr'>si</span> <span class='ocrx_word' id='word_1_284' title='bbox 1337 2402 1477 2431; x_wconf 89' lang='lat' dir='ltr'>sacra-</span> 
     </span>
     <span class='ocr_line' id='line_1_32' title="bbox 84 2457 1477 2519; baseline -0.002 -14"><span class='ocrx_word' id='word_1_285' title='bbox 84 2470 287 2505; x_wconf 88' lang='lat' dir='ltr'>mentum</span> <span class='ocrx_word' id='word_1_286' title='bbox 307 2461 392 2504; x_wconf 90' lang='lat' dir='ltr'>hoc</span> <span class='ocrx_word' id='word_1_287' title='bbox 415 2460 578 2503; x_wconf 88' lang='lat' dir='ltr'>habent</span> <span class='ocrx_word' id='word_1_288' title='bbox 604 2458 724 2519; x_wconf 88' lang='lat' dir='ltr'>quod</span> <span class='ocrx_word' id='word_1_289' title='bbox 750 2459 911 2502; x_wconf 90' lang='lat' dir='ltr'>habere</span> <span class='ocrx_word' id='word_1_290' title='bbox 935 2458 1207 2510; x_wconf 88' lang='lat' dir='ltr'>debuerunt,</span> <span class='ocrx_word' id='word_1_291' title='bbox 1235 2457 1344 2502; x_wconf 91' lang='lat' dir='ltr'>illud</span> <span class='ocrx_word' id='word_1_292' title='bbox 1369 2459 1477 2504; x_wconf 89' lang='lat' dir='ltr'>acci-</span> 
     </span>
     <span class='ocr_line' id='line_1_33' title="bbox 84 2528 1477 2593; baseline -0.002 -16"><span class='ocrx_word' id='word_1_293' title='bbox 84 2533 206 2593; x_wconf 90' lang='lat' dir='ltr'>piant</span> <span class='ocrx_word' id='word_1_294' title='bbox 227 2533 348 2592; x_wconf 90' lang='lat' dir='ltr'>quod</span> <span class='ocrx_word' id='word_1_295' title='bbox 373 2532 432 2575; x_wconf 89' lang='lat' dir='ltr'>eis</span> <span class='ocrx_word' id='word_1_296' title='bbox 463 2531 633 2586; x_wconf 88' lang='lat' dir='ltr'>deerat,</span> <span class='ocrx_word' id='word_1_297' title='bbox 661 2546 751 2576; x_wconf 91' lang='lat' dir='ltr'>non</span> <span class='ocrx_word' id='word_1_298' title='bbox 778 2530 1054 2590; x_wconf 88' lang='lat' dir='ltr'>improbetur</span> <span class='ocrx_word' id='word_1_299' title='bbox 1082 2539 1125 2574; x_wconf 94' lang='lat' dir='ltr'>et</span> <span class='ocrx_word' id='word_1_300' title='bbox 1148 2528 1477 2590; x_wconf 84' lang='lat' dir='ltr'>blasphemetur</span> 
     </span>
    </p>
   </div>
   <div class='ocr_carea' id='block_1_3' title="bbox 137 2615 1057 2661">
    <p class='ocr_par' dir='ltr' id='par_1_5' title="bbox 137 2615 1057 2661">
     <span class='ocr_line' id='line_1_34' title="bbox 137 2615 1057 2661; baseline -0.007 -7"><span class='ocrx_word' id='word_1_301' title='bbox 137 2628 144 2644; x_wconf 89' lang='lat'><em>¹</em></span> <span class='ocrx_word' id='word_1_302' title='bbox 166 2623 258 2654; x_wconf 84' lang='lat' dir='ltr'>Cant.</span> <span class='ocrx_word' id='word_1_303' title='bbox 278 2631 315 2661; x_wconf 81' lang='lat'>11,</span> <span class='ocrx_word' id='word_1_304' title='bbox 334 2628 367 2652; x_wconf 85' lang='lat'>2.</span> <span class='ocrx_word' id='word_1_305' title='bbox 385 2635 426 2642; x_wconf 97' lang='lat'><strong>—</strong></span> <span class='ocrx_word' id='word_1_306' title='bbox 443 2625 456 2642; x_wconf 84' lang='lat'>²</span> <span class='ocrx_word' id='word_1_307' title='bbox 473 2618 593 2651; x_wconf 80' lang='lat' dir='ltr'>Matth.</span> <span class='ocrx_word' id='word_1_308' title='bbox 612 2629 676 2658; x_wconf 82' lang='lat' dir='ltr'>xvi,</span> <span class='ocrx_word' id='word_1_309' title='bbox 701 2618 752 2651; x_wconf 78' lang='lat'>18.</span> <span class='ocrx_word' id='word_1_310' title='bbox 766 2615 901 2650; x_wconf 80' lang='lat' dir='ltr'>-31d.</span> <span class='ocrx_word' id='word_1_311' title='bbox 922 2628 979 2656; x_wconf 82' lang='lat' dir='ltr'>vn,</span> <span class='ocrx_word' id='word_1_312' title='bbox 1003 2617 1057 2658; x_wconf 70' lang='lat'>¹24.</span> 
     </span>
    </p>
   </div>
  </div>
 </body>
</html>
