1825 3264
313 278 396 316 316
673 272 679 275 *
750 286 782 315 s.
822 286 1049 316 Arcusnm
1084 289 1262 317 zmscom

311 355 344 398 si
362 352 611 397 dialecticus
627 352 700 396 ille
716 352 1000 413 appellandus
1015 363 1092 408 est,
1114 354 1188 413 qui
1201 369 1288 398 non
1301 354 1439 399 solum
1455 355 1685 410 subtiliter,

309 423 382 468 sed
401 423 608 467 veraciter
629 424 758 467 etiam
780 423 948 468 disserit
972 443 980 468 ;
1004 439 1082 468 nec
1100 423 1307 484 eloquens
1329 439 1393 480 es,
1424 438 1504 469 nec
1525 425 1689 471 dialec-

308 494 440 549 ticus,
461 507 548 537 non
566 493 828 553 quiajejuna
846 505 884 538 et
900 494 1141 537 inordinata
1160 502 1223 537 est
1239 493 1372 538 dictio
1387 503 1478 549 tua,
1497 509 1577 539 nec
1589 495 1691 555 quia

309 563 464 607 obtusa
481 572 522 606 et
543 578 681 608 crassa
705 573 766 608 est
791 563 1005 623 diputatio
1032 573 1132 621 tua,
1156 563 1230 608 sed
1252 564 1354 625 quia
1374 565 1464 624 ipsa
1489 563 1691 611 facundia

308 642 438 694 atque
459 632 647 678 sollertia
672 635 724 678 ad
761 632 1057 678 defensionem
1092 633 1282 678 abuteris
1306 634 1516 680 falsitatis.
1551 636 1593 681 Si
1615 651 1692 680 au-

306 713 393 748 tem
411 720 497 749 non
510 705 555 747 in
577 703 665 749 sola
681 706 877 760 veritate,
898 705 970 749 sed
987 705 1114 748 etiam
1133 720 1232 749 cum
1246 705 1358 750 mala
1376 721 1503 750 causa
1519 706 1691 750 disseri-

306 784 378 818 tur
392 774 460 819 vel
479 790 656 819 nervose
670 776 825 833 agitur,
846 784 962 819 recte
976 784 1118 834 potest
1129 775 1374 835 eloquentia
1384 774 1454 819 vel
1466 775 1691 820 dialectica

305 845 520 889 nominari
543 863 551 889 :
579 853 621 889 et
641 846 848 904 eloquens
870 860 929 899 es,
955 853 998 889 et
1020 844 1269 889 dialecticus
1286 866 1297 902 3
1316 845 1417 904 quia
1437 854 1480 889 et
1503 844 1692 890 facunde

306 915 411 960 dicis
428 931 538 959 vana
553 950 564 969 ,
593 925 636 959 et
658 925 785 960 acute
808 916 1003 975 disputas
1025 913 1144 959 falsa.
1174 915 1257 960 Sed
1284 915 1339 959 de
1359 925 1402 959 te
1419 914 1583 960 videro.

364 987 506 1029 XVII.
531 986 666 1030 Sto'l‘ci
686 995 801 1030 certe
819 986 1003 1029 maxime
1017 985 1231 1030 dialectici
1249 984 1426 1029 suerunt
1443 1004 1452 1029 :
1473 1001 1551 1030 cur
1568 1001 1694 1045 apos·

306 1055 420 1100 tolus
449 1054 607 1102 Paulus
634 1071 689 1099 ne
710 1056 959 1099 conferrent
984 1070 1082 1099 cum
1106 1055 1208 1109 illo,
1234 1070 1323 1099 non
1352 1071 1424 1100 eos
1454 1056 1697 1100 cautissime

306 1127 536 1181 devitavit,
574 1135 617 1170 et
651 1135 812 1171 vestros
839 1127 1063 1186 episcopos
1096 1126 1273 1181 laudas,
1311 1127 1431 1187 quod
1468 1127 1694 1173 nobiscum

306 1196 427 1240 velut
454 1211 552 1239 cum
581 1195 815 1240 dialecticis
837 1195 978 1240 nolint
1005 1196 1165 1240 habere
1193 1199 1464 1241 sermonem?
1486 1201 1575 1241 Aut
1597 1198 1629 1241 si
1655 1206 1698 1242 et

307 1267 467 1311 Paulus
485 1266 733 1311 dialecticus
751 1276 865 1321 erat,
897 1276 940 1311 et
961 1266 1059 1311 ideo
1088 1266 1285 1311 conferre
1302 1282 1401 1311 cum
1427 1268 1581 1313 Sto'icis
1608 1283 1698 1312 non

306 1337 510 1390 timebat,
551 1338 652 1397 quia
687 1353 775 1381 non
807 1337 948 1381 solum
985 1347 1110 1382 acute
1139 1337 1389 1396 disputabat
1417 1338 1528 1382 sicut
1549 1347 1592 1382 et
1616 1337 1696 1394 illi,

306 1406 380 1451 sed
403 1407 532 1450 etiam
573 1407 776 1451 veraciter
810 1407 930 1466 quod
968 1423 1056 1451 non
1098 1407 1160 1450 illi
1182 1423 1189 1448 :
1211 1410 1303 1466 jam
1346 1423 1450 1452 cave
1489 1409 1698 1468 cuiquam

307 1476 573 1520 dialecticam
617 1492 696 1536 pro
744 1477 922 1520 crimine
965 1478 1174 1536 objeceris
1193 1511 1203 1531 ,
1254 1492 1341 1536 qua
1378 1492 1477 1522 usos
1514 1482 1700 1537 Aposto-

307 1546 369 1591 los
413 1547 644 1591 confiteris.
679 1549 829 1606 Neque
853 1548 992 1601 enim,
1025 1562 1124 1591 cum
1151 1548 1234 1592 hoc
1276 1548 1381 1591 mihi
1414 1548 1588 1608 objicis,
1614 1548 1700 1592 im-

307 1618 458 1676 peritia
500 1627 542 1660 te
581 1616 670 1660 falli
707 1627 841 1677 puto3
868 1618 941 1661 sed
973 1616 1122 1661 fallere
1144 1618 1314 1662 astutia.
1339 1620 1508 1662 Nomen
1540 1619 1702 1677 quippe

309 1687 509 1731 Graecum
535 1696 596 1730 est
616 1687 855 1741 dialectica,
884 1703 982 1746 quae
1000 1687 1033 1730 si
1051 1702 1153 1730 usus
1168 1688 1431 1741 admitteret,
1449 1686 1704 1732 fortassela-

308 1757 397 1800 tine
421 1756 703 1816 disputatoria
727 1766 983 1813 vocaretur,
1007 1757 1117 1800 sicut
1136 1758 1458 1814 grammaticam
1485 1757 1704 1801 litteratu-

309 1842 399 1870 ram
422 1825 568 1881 latine‚
596 1827 757 1885 linguae
775 1828 1002 1885 utriusque
1016 1827 1252 1870 doctissimi
1268 1826 1615 1885 appellaverunt.
1639 1828 1704 1871 Si-

309 1905 384 1939 cut
407 1896 521 1939 enim
551 1912 573 1940 a
606 1897 757 1941 litteris
787 1896 1067 1940 denominata
1090 1906 1152 1940 est
1171 1896 1447 1954 grammatica
1463 1931 1473 1949 ,
1496 1897 1702 1955 quoniam

311 1981 447 2024 graece
459 1975 634 2019 γράμματα
647 1966 801 2010 litterae
813 1966 1020 2011 dicuntur
1037 1967 1118 2010 :sic
1134 1982 1156 2010 a
1172 1965 1465 2025 disputatione
1479 1965 1703 2010 dialectica

312 2052 473 2081 nomen
495 2038 681 2097 accepit3
705 2038 912 2098 quoniam
929 2037 1165 2097 disputatio
1185 2052 1323 2096 graece
1341 2043 1472 2090 δια-λιγῆ
1490 2036 1556 2080 vel
1570 2043 1704 2082 διάλεξις

312 2108 568 2167 appellatur.
606 2109 725 2153 Sicut
764 2118 908 2153 autem
945 2109 1248 2167 grammaticus
1277 2125 1300 2152 a
1327 2107 1547 2152 veteribus
1569 2107 1704 2151 latine

313 2178 454 2221 dictus
486 2188 547 2222 est
583 2179 797 2223 litteratus
825 2199 832 2224 :
860 2180 918 2223 ita
953 2194 1090 2238 graece
1112 2179 1386 2232 dialecticus,
1411 2177 1552 2222 multo
1574 2177 1705 2221 usita-

313 2248 397 2292 tius
431 2258 474 2292 et
504 2248 771 2294 tolerabilius
806 2249 938 2294 latine
976 2250 1134 2294 dicitur
1165 2249 1420 2308 disputator.
1473 2252 1586 2292 Puto
1613 2249 1705 2307 jam

314 2318 436 2378 quod
458 2319 713 2378 Apostolum
738 2320 1050 2379 disputatorem
1073 2335 1162 2363 non
1185 2334 1331 2377 neges,
1356 2319 1521 2362 etiamsi
1539 2316 1701 2362 dialec-

315 2388 450 2431 ticum
483 2403 628 2446 neges.
658 2389 911 2448 lmprobare
940 2404 1041 2447 ergo
1069 2389 1114 2433 in
1142 2387 1356 2433 vocabulo
1387 2403 1549 2446 graeco,
1584 2386 1704 2446 quod

315 2459 556 2515 approbare
593 2460 757 2518 cogeris
779 2460 824 2502 in
854 2458 1007 2512 latino,
1036 2459 1144 2519 quid
1167 2467 1231 2502 est
1252 2457 1370 2501 aliud
1396 2472 1528 2517 quam
1551 2455 1703 2501 indoc«

316 2527 370 2569 tis
390 2537 646 2584 praetentare
668 2529 902 2584 fallaciam,
930 2529 1068 2573 doctis
1085 2528 1226 2573 facere
1243 2529 1480 2588 injuriam?
1496 2531 1585 2571 Aut
1605 2528 1639 2571 si
1661 2535 1705 2571 et

318 2595 631 2654 disputatorem
649 2598 904 2657 Apostolum
923 2613 1067 2656 negas,
1085 2599 1161 2657 qui
1178 2607 1264 2643 tarn
1282 2597 1466 2652 assidue,
1484 2606 1571 2642 tam
1588 2611 1703 2654 egre-
