1825 3264
334 287 415 323 :360
782 295 810 318 s.
852 293 1075 319 AUGUSTffil
1114 293 1288 319 r-:P1scor‘1

329 361 454 404 etiam
477 358 589 401 mala
612 357 667 400 de
690 357 845 401 bonis?
868 358 929 400 De
949 357 1243 414 persecutione
1258 364 1400 399 autem
1421 356 1503 400 hoc
1520 356 1598 400 tibi
1617 357 1712 400 bre-

327 432 437 475 viter
468 430 716 488 iterumque
753 426 1047 486 responderim
1066 461 1076 481 ‚
1113 427 1232 485 quod
1263 441 1364 470 cum
1397 426 1711 486 respondissem

328 500 540 546 Petiliano
563 498 758 542 refellere
781 498 958 542 minime
981 497 1153 542 valuisti
1178 500 1206 541 ¹.
1235 500 1286 541 In
1309 498 1527 556 Scriptura
1550 497 1712 557 quippe

324 580 469 616 sancta
485 605 495 624 ‚
527 585 626 629 quae
648 567 868 613 neminem
891 567 1024 623 fallit,
1050 584 1148 612 area
1169 568 1285 613 dicta
1307 577 1371 612 est
1390 566 1580 611 Ecclesia
1602 567 1678 611 Dei
1699 587 1709 612 ε

325 642 649 700 Dominumque
682 641 822 700 ipsum
864 655 963 684 cum
996 639 1239 684 ventilabro
1278 654 1368 684 esse
1401 647 1635 683 venturum
1671 646 1714 682 et

324 713 639 756 mundaturum
663 726 805 755 aream
824 726 944 755 suam
965 745 975 765 ‚
997 720 1046 755 ut
1066 710 1286 755 frumenta
1309 709 1517 755 recondat
1542 712 1587 753 in
1607 710 1713 754 hor-

324 799 413 839 reo,
438 783 607 843 paleam
625 797 727 827 vero
750 781 980 826 comburat
1000 782 1088 841 igni
1112 779 1477 840 inextinguibili‘2.
1505 782 1594 824 Aut
1613 795 1716 838 ergo

323 863 439 898 recte
466 855 578 912 passi
602 854 699 897 estis
732 853 1098 912 persecutionem3
1125 861 1200 896 aut
1221 853 1254 895 si
1275 851 1432 896 modus
1457 850 1716 895 christianus

325 939 520 968 excessus
543 933 622 977 est,
649 921 770 981 palea
794 931 938 966 nostra
957 922 1059 966 fecit
1076 957 1086 976 ,
1111 932 1290 981 propter
1310 937 1443 982 quam
1466 937 1555 965 non
1573 921 1718 965 fuerat

326 1011 423 1039 area
448 994 670 1038 Dominica
693 993 947 1046 deserenda,
974 1008 1028 1036 ne
1051 993 1246 1053 quisquis
1269 1001 1368 1036 ante
1391 1001 1562 1051 tempus
1584 992 1718 1035 venti-

326 1065 496 1108 lationis
527 1064 580 1107 ab
604 1078 699 1107 area
731 1062 897 1121 paleam
932 1063 1166 1121 refugeret,
1202 1079 1224 1107 a
1252 1062 1474 1106 frumento
1500 1071 1718 1122 separatus

325 1134 447 1194 palea
479 1135 617 1177 fieret.
654 1136 718 1176 Tu
752 1142 897 1177 autern
925 1149 1026 1178 cum
1058 1135 1258 1193 hocbnon
1283 1149 1447 1189 meum,
1476 1134 1551 1178 sed
1573 1141 1719 1177 sancte

329 1205 563 1263 Scripturae
589 1203 883 1248 testimonium
911 1202 1108 1247 refellere
1131 1204 1361 1259 conareris,
1388 1203 1554 1247 nullam
1576 1218 1720 1262 perse-

328 1276 550 1319 cutionem
569 1276 731 1334 justam
757 1289 847 1318 esse
868 1289 992 1333 posse
1014 1275 1156 1319 dixisti
1176 1294 1185 1319 ε
1205 1275 1282 1319 ubi
1303 1273 1618 1334 ignoscendum
1640 1274 1720 1318 tibi

329 1356 393 1390 est
420 1346 627 1389 nescienti
652 1345 922 1403 Scripturas,
948 1345 1066 1389 unde
1091 1346 1168 1389 tibi
1189 1346 1338 1390 venire
1366 1345 1506 1404 posset
1527 1345 1572 1388 in
1593 1360 1719 1389 men-

330 1424 418 1459 tem
442 1430 572 1474 quam
591 1416 704 1474 justa
724 1429 830 1458 voce
847 1415 900 1459 sit
924 1413 1087 1459 dictum
1106 1450 1115 1469 ‚
1147 1434 1167 1457 «
1195 1417 1502 1460 Detrahentem
1524 1415 1721 1474 proximo

335 1505 353 1527 »
390 1500 468 1529 suo
491 1485 682 1540 occulte,
712 1486 830 1529 hunc
853 1486 1143 1545 persequebar
1167 1487 1198 1530 ³.
1230 1504 1249 1526 »
1275 1488 1330 1530 Et
1351 1486 1404 1529 ab
1423 1486 1515 1545 ipso
1535 1486 1722 1530 Domino

332 1558 435 1599 Jesu
456 1556 630 1600 Christo
646 1556 691 1599 in
709 1554 1062 1599 excellentissima
1083 1555 1326 1615 prophetia,
1351 1575 1369 1597 «
1388 1556 1720 1614 Persequarini-

338 1645 356 1666 »
389 1626 520 1669 micos
546 1641 662 1669 meos
679 1661 689 1679 ,
716 1634 759 1668 et
785 1625 1153 1683 comprehendam
1177 1625 1288 1680 illos,
1316 1635 1359 1669 et
1381 1641 1470 1669 non
1495 1635 1723 1671 convertar

336 1713 356 1734 »
394 1693 532 1738 donec
550 1693 755 1738 deficiant
775 1696 805 1736 ⁴.
830 1712 849 1734 ι)
872 1696 926 1737 Et
945 1694 1026 1737 alia
1045 1695 1182 1738 multa
1199 1694 1344 1739 divina
1362 1695 1607 1739 testimonia
1624 1711 1723 1755 quae

335 1763 532 1822 persequi
557 1763 738 1821 longum
759 1773 821 1807 est
840 1763 897 1807 :si
923 1773 1065 1806 tamen
1090 1779 1178 1807 non
1201 1764 1307 1807 mihi
1330 1774 1508 1823 propter
1530 1765 1612 1809 hoc
1633 1780 1724 1810 ver—

338 1834 442 1876 bum
460 1832 760 1888 calumniaris,
785 1845 834 1879 ut
855 1833 1063 1892 quoniam
1086 1833 1173 1876 dixi
1189 1868 1201 1888 ‚
1229 1835 1426 1893 persequi
1442 1834 1623 1892 longum
1641 1845 1721 1890 est,

336 1912 654 1962 persecutorem
686 1917 760 1946 ine
791 1903 1040 1948 divinorum
1077 1904 1421 1950 testimoniorum
1452 1920 1542 1949 esse
1575 1905 1724 1950 crimi-

338 1975 466 2018 neris.

396 2046 606 2088 XXVIII.
648 2044 842 2103 Opponis
878 2044 985 2088 mihi
1027 2045 1158 2089 verba
1212 2046 1531 2105 Scripturarum
1549 2081 1560 2102 ‚
1601 2047 1725 2092 toties

339 2116 632 2160 demonstrata
653 2131 784 2174 quam
806 2131 882 2160 vos
903 2116 1011 2160 nihil
1035 2117 1241 2176 adjuvent
1267 2137 1276 2162 ι
1306 2137 1326 2160 «
1346 2117 1502 2162 Oleum
1526 2128 1726 2178 peccato-

344 2205 363 2226 »
400 2186 454 2230 ris
485 2201 574 2229 non
606 2186 848 2244 impinguet
877 2195 1008 2245 caput
1038 2188 1214 2231 meums'
1237 2206 1246 2232 :
1271 2207 1290 2229 »
1325 2203 1425 2232 cum
1449 2197 1491 2232 et
1512 2191 1629 2247 apud
1650 2205 1725 2234 vos

342 2271 430 2299 esse
458 2255 609 2299 saltem
634 2256 826 2300 occultos
858 2265 1103 2314 peccatores
1120 2292 1130 2311 ,
1163 2272 1320 2316 negare
1343 2273 1432 2302 non
1461 2259 1614 2317 possiS,
1649 2260 1725 2320 qui

343 2336 488 2370 tamen
503 2326 726 2385 baptizant
743 2346 753 2382 3
769 2341 847 2369 nec
863 2326 926 2369 his
941 2327 1081 2371 verbis
1093 2328 1260 2386 excepti
1272 2337 1388 2372 sunt.
1408 2330 1504 2373 Non
1519 2329 1635 2373 enim
1648 2331 1722 2386 ait,

345 2396 502 2440 Oleum
521 2396 734 2440 manifesti
752 2397 988 2455 peccatoris
1013 2416 1021 2441 :
1038 2397 1113 2441 sed
1127 2397 1340 2452 absolute,
1357 2396 1512 2442 Oleum
1529 2410 1729 2458 peccato-

347 2467 417 2509 ris.
440 2486 456 2508 »
476 2469 549 2521 Et,
570 2485 589 2509 «
608 2468 729 2512 Facti
746 2476 848 2512 sunt
865 2467 971 2511 mihi
990 2468 1110 2512 velut
1127 2484 1240 2529 aqua
1250 2468 1436 2513 mendax
1452 2484 1542 2514 non
1564 2471 1727 2516 habens

397 2574 404 2589 ¹
431 2568 508 2600 Vide
532 2575 641 2601 contra
655 2569 801 2601 petilian.
818 2569 875 2601 lib.
896 2581 917 2610 ι,
935 2581 1006 2613 cap.
1027 2573 1076 2604 18.
1094 2587 1135 2597 —
1151 2577 1164 2596 ²
1185 2571 1304 2612 Matth.v
1322 2583 1369 2609 ιιι,
1390 2579 1441 2606 12.
1460 2588 1501 2596 —-
1514 2569 1527 2595 3
1543 2571 1621 2606 Psal.
1640 2583 1669 2615 c,
1693 2573 1725 2607 3.

349 2639 390 2646 -
406 2620 483 2656 ⁵1d.
503 2634 579 2665 xvn,
600 2624 651 2656 38.
668 2641 709 2649 -
723 2623 738 2648 ⁶
759 2625 805 2658 111.
823 2635 892 2665 cu,
912 2625 942 2658 5.
