1825 3264
359 246 443 284 250
798 254 832 279 s-
867 250 1103 279 Auots'rfflr
1136 251 1318 278 zmscom

356 319 548 369 nescitis,
569 326 612 361 et
634 315 690 360 de
711 325 799 360 tam
820 315 1040 375 incognita
1063 315 1283 374 provincia
1307 322 1428 358 tanta
1451 314 1647 359 eaecitate
1670 316 1746 375 ju·

359 390 527 443 dicatis,
552 396 602 432 ut
617 402 710 431 eam
729 387 984 431 criminibus
997 385 1200 431 Afrorum
1216 386 1395 444 periisse
1408 385 1575 430 dicatis.
1592 388 1747 430 Nonne

356 460 484 520 plena
512 467 615 503 sunt
646 457 956 502 florentissimis
996 456 1200 501 Ecclesiis
1224 455 1370 500 omnia
1391 454 1487 500 loca
1503 490 1515 510 ,
1543 471 1642 515 quae
1665 459 1747 500 Pe-

357 541 449 577 trus
471 531 736 584 nominavit,
762 533 952 583 Pontus,
978 528 1169 582 Galatia,
1195 525 1470 586 Cappadocia
1487 561 1499 582 ‚
1525 526 1647 582 Asia,
1672 527 1745 571 Bi-

357 602 572 659 thynia¹i>
603 599 719 654 Quid
754 602 941 644 Joannes
979 599 1141 659 quibus
1175 598 1366 658 scripsit,
1398 600 1617 656 Smyrnae,
1641 601 1747 642 Per-

357 687 511 731 gamo,
543 670 709 725 Sardis,
737 671 977 727 Tiathyrae,
1016 668 1353 729 Philadelphiae,
1381 668 1622 722 Laodiciae,
1647 685 1748 730 quae

354 751 455 786 sunt
477 740 682 786 Ecclesiae
698 742 750 784 ²?
783 743 881 784 Jam
903 742 1018 784 enim
1048 740 1271 799 Ephesum
1294 740 1744 784 commemoravimus.

358 815 476 858 Dicat
494 812 600 856 mihi
621 812 774 871 aliquis
796 824 987 856 vestrum
1004 846 1014 866 ,
1033 812 1111 855 ubi
1127 812 1235 866 sint,
1254 820 1470 871 quantum
1485 811 1542 855 ab
1559 811 1747 856 invicem

355 884 547 930 distent?
571 887 769 928 Fortasse
799 883 932 928 modo
967 884 1013 927 id
1034 884 1248 944 qnaeritis,
1274 883 1344 926 vel
1365 882 1552 941 legendo
1573 883 1643 927 vel
1666 898 1748 927 au-

356 956 517 1001 diendo
540 970 816 1013 cognoscere.
843 955 1103 1013 Cognoscite
1120 970 1224 1013 ergo
1240 949 1368 998 etiam
1392 969 1525 1013 quam
1541 953 1673 1012 longe
1691 953 1747 997 ab

356 1025 501 1070 Africa
522 1034 700 1068 remotae
733 1034 857 1079 sunt,
883 1034 926 1068 et
955 1024 1086 1068 dicite
1108 1024 1254 1078 nobis,
1282 1039 1359 1068 cur
1379 1038 1448 1067 eas
1467 1024 1647 1068 omnino
1668 1039 1747 1068 vo-

355 1095 420 1138 bis
444 1095 683 1153 incognitas
702 1129 712 1147 ‚
736 1104 778 1138 et
801 1094 845 1137 in
869 1094 1126 1153 Apostolicis
1163 1093 1318 1138 litteris
1342 1093 1637 1139 manifestatas
1658 1102 1748 1138 tam

354 1165 559 1224 sacrilega
575 1166 816 1209 temeritate
839 1166 1047 1210 accusetis
1065 1200 1075 1218 ,
1101 1174 1145 1210 et
1167 1174 1286 1209 tauta
1309 1164 1529 1210 dementia
1551 1165 1747 1210 crimini-

355 1238 437 1280 bus
460 1235 667 1280 Afrorum
691 1236 866 1294 periisse
886 1235 1072 1280 dicatis?
1110 1239 1334 1280 Postremo
1357 1237 1464 1296 quid
1497 1235 1552 1280 de
1582 1235 1666 1279 illis
1703 1236 1749 1279 in

357 1307 514 1350 sanctis
532 1306 752 1350 canonicis
765 1306 907 1350 Libris
921 1307 1126 1364 scriptum
1150 1306 1218 1358 sit,
1240 1306 1328 1351 scio
1347 1325 1356 1351 :
1377 1306 1485 1366 quid
1505 1307 1560 1350 de
1577 1304 1660 1350 illis
1672 1320 1749 1351 vos

354 1378 529 1431 dicatis,
566 1378 724 1422 nescio.
767 1379 895 1422 Certe
935 1377 1044 1421 sicut
1087 1392 1165 1420 nos
1210 1392 1278 1420 eas
1313 1376 1499 1434 legimus
1535 1376 1748 1420 Ecclesias

352 1449 509 1493 Christi
527 1463 577 1491 ex
598 1447 819 1492 codicibus
842 1463 950 1507 quos
972 1456 1014 1491 et
1037 1462 1113 1491 vos
1127 1447 1397 1490 veneramini
1420 1466 1428 1491 ι
1450 1447 1510 1491 sic
1533 1455 1576 1490 et
1598 1461 1674 1491 vos
1695 1461 1747 1490 ex

354 1518 576 1563 codicibus
598 1533 706 1578 quos
728 1527 772 1562 et
799 1534 876 1562 nos
904 1533 1180 1573 veneramur,
1199 1516 1574 1577 quemadmodum
1607 1517 1748 1577 perie-

355 1591 466 1644 rint,
502 1588 632 1648 legite
657 1589 796 1633 nobis.
820 1592 888 1634 An
909 1589 1051 1648 placet
1078 1589 1201 1634 vobis
1218 1624 1228 1644 ,
1254 1600 1304 1633 ut
1326 1597 1478 1633 contra
1501 1586 1714 1633 Ecclesias
1730 1623 1741 1644 ,

355 1675 453 1719 quae
475 1660 671 1703 membra
694 1668 795 1704 sunt
814 1660 943 1703 unius
965 1659 1170 1704 Ecclesiae
1193 1669 1285 1704 toto
1300 1658 1406 1703 orbe
1423 1659 1619 1714 diffusae,
1636 1674 1745 1719 quas

355 1730 480 1775 nobis
503 1745 579 1789 per
599 1731 840 1789 Scripturas
862 1745 957 1774 suas
976 1731 1158 1789 Spiritus
1176 1739 1349 1775 sanctus
1365 1730 1688 1775 commendavit
1701 1738 1746 1776 et

352 1801 555 1855 tradidit,
583 1801 812 1846 undelibet
836 1802 1001 1861 prolata
1024 1802 1233 1862 quaelibet
1254 1803 1485 1847 hominum
1516 1802 1746 1847 maledieta

353 1871 611 1917 credamus?
635 1875 724 1917 Hoc
747 1873 924 1932 quidem
949 1874 1072 1918 vobis
1101 1872 1268 1932 placet,
1290 1874 1366 1917 sed
1388 1873 1514 1917 nobis
1536 1889 1624 1917 non
1647 1872 1744 1932 pla-

353 1952 436 1987 cet.
463 1944 631 1995 Quibus
654 1952 797 1988 autem
812 1944 970 2003 justius
988 1943 1178 2003 placeat,
1201 1953 1244 1988 et
1260 1959 1335 1988 vos
1349 1942 1528 1999 videtis,
1545 1943 1621 1988 sed
1641 1943 1746 1988 victi

354 2013 651 2068 animositate,
677 2029 765 2058 non
799 2014 929 2059 vultis
963 2015 1077 2059 vinci
1101 2015 1297 2059 veritate.
1330 2017 1443 2059 Ecce
1469 2023 1572 2058 sunt
1601 2014 1746 2074 Scrip-

353 2092 462 2126 turae
490 2084 590 2139 Dei,
614 2099 715 2128 ecce
749 2094 850 2129 sunt
876 2086 921 2129 in
950 2086 1008 2129 eis
1032 2084 1260 2140 Ecclesiae,
1283 2094 1326 2130 et
1359 2084 1592 2131 universali
1615 2085 1745 2130 totius

353 2153 469 2197 orbis
491 2154 688 2209 nomine,
716 2164 759 2198 et
783 2156 1038 2200 nominatim
1058 2155 1295 2215 designatae
1319 2165 1361 2200 et
1384 2171 1617 2215 expressae:
1636 2155 1745 2216 quid

354 2224 538 2283 majores
559 2227 688 2268 vestri
711 2225 888 2282 collegis
906 2227 991 2270 suis
1009 2228 1247 2286 objecerint
1266 2261 1277 2281 ,
1302 2228 1574 2285 nescierunt,
1594 2227 1744 2287 quales

353 2310 401 2338 ea
422 2293 731 2353 causajudices
754 2296 955 2339 habuerit
973 2330 983 2350 ,
1009 2297 1259 2340 nescierunt
1276 2317 1287 2354 3
1307 2297 1530 2356 quomodo
1547 2312 1650 2356 ergo
1672 2312 1743 2356 pe-

352 2366 543 2408 rierunt?
563 2368 676 2410 Ecce
705 2376 811 2410 sunt
849 2367 1083 2425 Scripturae
1115 2367 1278 2427 quibus
1315 2368 1472 2422 credo,
1503 2383 1602 2412 ecce
1640 2377 1742 2413 sunt

351 2435 554 2478 Ecclesiae
576 2436 738 2495 quibus
755 2439 1033 2482 communico
1051 2457 1059 2483 :
1075 2438 1152 2482 ubi
1167 2438 1246 2483 tibi
1266 2438 1365 2497 lego
1379 2439 1558 2484 nomina
1571 2453 1739 2493 earum,

353 2504 413 2546 ibi
436 2505 542 2548 mihi
558 2505 653 2564 lege
671 2508 854 2551 crimina
878 2522 1042 2551 earum.

402 2593 410 2610 ¹
431 2598 443 2619 ι
466 2589 548 2620 Petr.
570 2600 591 2626 1,
613 2600 638 2622 1.
662 2607 702 2613 -—
723 2597 735 2612 ²
753 2594 968 2633 Apoc.1‚11.
