1825 3264
352 246 435 284 222
783 250 816 278 s.
852 249 1083 280 Aroes-nm
1114 252 1298 279 Emscon

352 337 402 365 ex
423 328 606 378 utraque
628 325 749 376 parte
769 317 1059 372 bituminata,
1084 317 1118 361 si
1147 331 1314 377 possem
1337 315 1501 376 aliquid
1524 315 1643 361 aliud
1664 315 1778 362 di-
1776 341 1797 379 ,χ

351 398 492 445 ceret‚
525 397 574 433 ut
602 389 815 433 incertum
847 397 955 433 esset
988 352 1096 448 quid
1120 388 1295 442 horum,
1329 387 1398 431 vel
1421 386 1528 448 quid
1554 387 1737 433 fortasse
1768 413 1791 453 ⁴.

352 460 469 505 aliud
502 460 680 504 tertium
713 475 779 504 res
808 459 880 504 illa
905 459 1046 519 signif
1049 461 1197 504 caret³
1225 461 1378 518 Neque
1405 458 1522 502 enim
1550 457 1736 504 absurde
1763 469 1793 519 ‘2'1

352 531 526 586 dicitur,
559 539 746 575 autnon
774 531 902 574 etiam
934 530 1075 575 multo
1103 528 1387 589 probabilius,
1414 544 1491 588 per
1517 529 1733 586 bitumen,
1774 516 1794 587 ξὲ

350 604 452 664 quia
467 602 706 648 violentum
728 601 876 662 gluten
894 611 937 647 et
954 618 1019 647 res
1033 602 1345 647 ferventissima
1362 610 1440 657 est,
1455 564 1738 660 significatani
1774 597 1793 641 f÷

351 688 441 718 esse
462 674 730 718 charitatem.
760 672 883 717 Unde
905 674 1018 716 enim
1044 673 1204 717 dicitur
1228 673 1274 716 in
1292 672 1479 728 Psalmo,
1500 691 1520 715 «
1542 671 1740 732 Agglutie
1779 666 1793 726 ἶ

354 762 373 785 »
392 753 493 788 nata
504 753 567 788 est
580 744 722 787 anima
737 758 831 786 mea
846 752 943 802 post
960 753 1002 787 te
1020 746 1050 798 ¹,
1075 763 1094 784 η
1114 743 1192 787 nisi
1209 742 1536 801 flagrantissima
1551 743 1739 787 charita*
1774 776 1778 778 -

349 816 422 858 te?
439 817 547 867 Quae
562 814 770 874 quoniam
788 823 1055 872 praeceptum
1080 821 1168 868 est,
1195 823 1245 857 ut
1264 813 1318 858 sit
1340 813 1464 857 nobis
1487 811 1531 856 in
1553 812 1740 857 invicem

350 892 393 927 et
420 883 466 927 in
497 899 662 938 omnes,
694 883 792 928 ideo
821 892 863 927 et
891 883 1008 927 intus
1036 892 1079 927 ct
1107 882 1209 927 foris
1233 898 1329 927 arca
1349 883 1626 927 bituminata.
1651 885 1742 928 Aut
1791 899 1793 902 ·

349 963 466 998 certe
479 955 582 1014 quia
600 954 808 1013 scriptum
827 963 888 998 est
908 973 915 998 ε
938 973 958 996 «
981 954 1179 999 Charitas
1201 954 1346 998 omnia
1368 952 1524 998 tolerat
1549 956 1567 980 ²
1594 972 1602 998 ε
1630 953 1739 998 ›rvis

349 1025 440 1084 ipsa
463 1024 704 1068 tolerantiae
724 1033 852 1067 tenax
877 1025 1054 1068 unitatis
1077 1039 1154 1083 per
1175 1024 1374 1068 bitumen
1388 1023 1629 1083 significata
1643 1032 1708 1067 est
1723 1057 1736 1079 ,

349 1111 438 1154 quo
459 1096 559 1138 ideo
580 1095 698 1138 intus
719 1103 762 1138 et
789 1094 893 1138 foris
922 1110 1018 1139 arca
1047 1094 1155 1139 illita
1183 1104 1272 1150 est,
1299 1095 1401 1155 quia
1424 1094 1541 1138 intus
1569 1103 1612 1139 et
1636 1093 1741 1139 foris

349 1164 451 1208 mali
480 1163 695 1208 tolerandi
729 1173 851 1219 sunt,
888 1179 943 1208 ne
973 1164 1089 1224 pacis
1117 1179 1330 1223 compago
1352 1164 1557 1209 solvatur.
1585 1167 1638 1208 In
1660 1164 1741 1208 hac

349 1250 452 1293 ergo
477 1235 768 1294 disputatione
798 1243 943 1279 nostra
974 1249 1198 1294 parcamus
1231 1233 1390 1279 talibus
1415 1234 1742 1294 interpretatio-

348 1305 495 1360 nibus,
528 1314 571 1350 et
594 1314 793 1365 apertum
827 1304 993 1365 aliquid
1015 1320 1104 1365 quo
1129 1304 1431 1350 manifestetur
1449 1303 1642 1350 Ecclesia
1668 1319 1739 1350 re-

348 1377 589 1436 quiramus.
1767 1365 1769 1369 ¹

354 1538 369 1559 ))

350 1607 370 1630 ))

351 1677 370 1700 ))

350 1748 370 1771 ))

351 1819 369 1840 ))

352 1890 369 1911 ))

351 1960 370 1983 ))

352 2031 371 2054 ))

351 2102 372 2124 ))

353 2174 369 2193 ))

351 2242 371 2265 ))

353 2314 370 2335 ))

352 2384 370 2404 ))

347 2437 444 2479 Non
482 2435 607 2480 video
642 2436 749 2497 quid
791 2436 862 2480 hic
899 2435 1016 2480 aliud
1046 2437 1279 2495 figuratum
1315 2445 1359 2481 et
1394 2437 1736 2496 praenuntiatum

348 2503 417 2557 sit,
451 2505 532 2548 nisi
566 2514 615 2549 ut
645 2519 787 2549 aream
818 2504 1113 2564 intelligamus
1145 2506 1294 2550 orbem
1329 2516 1559 2561 terrarum,
1590 2505 1737 2551 locum

398 2593 406 2609 ¹
431 2587 512 2619 Psal.
532 2598 609 2625 nn,
638 2589 686 2621 18.
702 2606 742 2613 —
757 2595 769 2612 ²
794 2600 805 2621 1
827 2591 900 2622 Cor.
921 2599 992 2629 xm,
1011 2600 1092 2631 7.-
1107 2587 1120 2612 ³
1137 2589 1242 2622 Judic.
1261 2600 1308 2631 vt,
1327 2589 1447 2631 36-40.

404 1814 508 1843 vum
533 1798 636 1844 facis
659 1800 702 1843 in
725 1815 858 1843 manu
880 1815 975 1844 mea
995 1799 1147 1855 Israel,
1169 1801 1279 1845 sicut
1304 1801 1477 1845 locutus
1494 1816 1553 1845 es.
1575 1803 1631 1845 Et
1654 1799 1740 1844 fac—

405 1450 461 1491 X.
499 1450 665 1506 Nempe
696 1447 903 1506 scriptum
928 1455 991 1491 est
1016 1447 1061 1490 in
1092 1446 1203 1491 libro
1230 1446 1435 1492 Judicum
1464 1466 1472 1491 ι
1501 1464 1520 1488 «
1545 1448 1603 1491 Et
1623 1444 1742 1491 Dixit

406 1518 585 1562 Gedeon
610 1518 665 1561 ad
688 1518 944 1572 Dominum,
971 1517 1186 1570 Quoniam
1203 1526 1251 1561 tu
1265 1518 1433 1562 salvum
1453 1516 1582 1562 facies
1605 1516 1740 1562 Israel

405 1589 450 1633 in
488 1605 622 1633 manu
653 1604 768 1644 mea,
805 1588 1177 1650 quemadmodum
1208 1589 1380 1634 locutus
1412 1605 1488 1647 es3
1524 1604 1624 1634 ecce
1655 1603 1738 1648 ego

406 1675 524 1719 pono
545 1659 682 1704 vellus
704 1660 817 1704 lanae
841 1661 886 1703 in
910 1675 1004 1704 area
1022 1694 1033 1715 ³
1057 1671 1099 1704 et
1120 1661 1152 1704 si
1181 1660 1321 1705 factus
1344 1659 1476 1706 fuerit
1492 1677 1559 1705 ros
1578 1660 1624 1704 in
1646 1658 1740 1704 vel-

406 1729 509 1785 lere,
532 1731 576 1773 in
594 1745 768 1774 omnem
791 1745 894 1774 vero
911 1740 1069 1774 terram
1086 1731 1265 1786 siccitas,
1282 1733 1411 1776 sciam
1435 1732 1640 1791 quoniam
1659 1729 1741 1774 sal-

405 1879 500 1915 tum
515 1880 578 1915 est
593 1871 651 1915 sic
674 1890 681 1915 :
703 1880 746 1915 et
767 1870 963 1916 diluculo
980 1872 1174 1931 vigilavit
1199 1872 1379 1917 Gedeon
1402 1873 1446 1916 in
1469 1873 1706 1917 crastinum
1723 1906 1735 1926 ,

407 1951 451 1986 et
482 1942 688 2001 expressit
717 1941 854 1986 vellus
882 1962 891 1987 ι
917 1951 959 1986 et
981 1942 1229 1987 decucurrit
1256 1958 1325 1987 ros
1348 1942 1402 1987 de
1428 1943 1587 1987 vellere
1610 1942 1740 2001 plena

406 2012 543 2072 pelvis
565 2028 705 2073 aquae.
729 2015 785 2057 Et
804 2013 911 2057 dixit
934 2012 1113 2058 Gedeon
1137 2014 1190 2058 ad
1220 2014 1470 2069 Dominum,
1501 2015 1599 2059 Non
1633 2012 1741 2056 iras-

405 2093 529 2128 catur
556 2084 678 2129 furor
717 2093 819 2128 tuus
848 2085 893 2128 in
934 2099 1003 2128 me
1026 2120 1036 2140 ‚
1074 2085 1257 2129 Domine
1278 2120 1288 2140 ‚
1319 2094 1362 2129 et
1394 2085 1548 2145 loquar
1593 2083 1738 2127 adhuc

406 2154 537 2197 semel
563 2164 606 2198 et
637 2155 816 2199 tentabo
845 2154 988 2199 adhuc
1016 2155 1149 2199 semel
1175 2156 1221 2198 in
1244 2155 1417 2199 vellere.
1450 2155 1546 2199 Fiat
1573 2154 1739 2199 siccitas

407 2224 451 2268 in
483 2224 642 2268 vellere
670 2234 869 2279 tantum,
899 2225 944 2268 in
974 2240 1149 2269 omnem
1175 2234 1320 2269 autem
1360 2234 1516 2269 terram
1549 2225 1624 2268 fiat
1651 2239 1733 2269 ros.
1766 2242 1770 2244 ’

407 2297 462 2338 Et
502 2295 605 2340 fecit
641 2299 753 2340 Deus
785 2296 843 2339 sic
872 2297 917 2339 in
946 2304 1072 2340 nocte
1097 2295 1186 2351 illa,
1212 2305 1256 2340 et
1278 2295 1391 2340 facta
1415 2304 1478 2340 est
1499 2295 1666 2340 siccitas
1693 2295 1740 2338 in
1762 2300 1772 2315 ⁷

408 2364 564 2409 vellere
604 2375 791 2421 tantum,
826 2381 955 2426 super
987 2381 1159 2410 omnem
1185 2375 1332 2410 autem
1362 2375 1518 2410 terram
1551 2381 1619 2411 ros
1648 2367 1679 2408 ³.
1714 2382 1735 2407 »
