1825 3264
326 249 411 290 446
761 260 794 286 s.
831 258 1059 287 Aucus‘nm
1092 259 1272 287 muscum

325 324 604 370 interioribus
639 322 773 383 paleis
802 324 983 368 omnino
1015 322 1311 368 communicat
1337 321 1490 366 Oriens
1519 320 1705 378 Africae,

324 405 367 440 et
390 395 535 439 Africa
559 393 740 438 Orienti.
768 393 854 438 Alii
881 394 1045 454 quippe
1076 394 1172 448 hic,
1204 393 1275 437 alii
1309 406 1412 437 vero
1442 391 1547 436 alibi
1575 401 1708 453 atque

324 466 426 511 alibi
443 466 637 510 haeretici
655 480 756 510 cum
774 464 932 510 diffusa
950 466 1116 526 ubique
1137 464 1349 510 catholica
1365 463 1533 508 unitate
1550 464 1707 508 conili—

324 546 448 596 gunt.
471 537 642 596 Ubique
664 545 729 580 est
754 536 868 580 enim
886 535 960 580 illa
982 535 1037 580 de
1058 551 1144 596 qua
1167 536 1379 590 exierunt,
1403 535 1480 595 qui
1501 549 1591 579 esse
1603 534 1707 578 ubi-

323 623 410 667 que
431 607 611 650 minime
640 615 901 666 potuerunt,
933 605 1126 651 dicentes
1157 605 1401 651 secundum
1430 604 1476 649 id
1502 604 1623 665 quod
1653 604 1709 648 de

323 679 406 723 illis
428 677 687 738 praedictum
710 688 788 734 est,
819 696 840 720 «
859 681 972 723 Ecce
992 678 1064 723 hic
1085 686 1150 722 est
1170 677 1384 731 Christus,
1410 691 1509 721 eece
1519 675 1608 720 illic
1624 677 1661 720 ¹:
1685 694 1705 718 >›

322 749 393 794 alii
415 750 499 794 hoc
524 749 643 804 loco,
665 748 749 794 alio
771 748 842 793 alii
863 749 1079 794 variarum
1094 748 1485 809 praesumptionum
1503 782 1514 803 ,
1539 747 1607 791 vel
1628 761 1710 806 po-

323 821 408 864 tius
422 821 770 880 amputationum
791 821 984 880 proprias
1007 820 1240 880 particulas
1261 818 1556 872 ostendentes,
1576 826 1709 876 atque

323 891 453 951 impia
492 891 693 951 superbia
730 891 920 935 radicem
960 890 1079 935 unde
1113 890 1244 935 fracti
1284 898 1387 933 sunt
1425 888 1705 946 abnegantes.

324 962 436 1006 Huic
453 977 556 1021 ergo
578 961 798 1016 Ecclesiae,
814 977 914 1021 quae
931 961 1114 1020 copiosis
1127 959 1410 1013 successibus,
1436 973 1535 1002 cum
1559 956 1709 1002 dilata-

322 1042 392 1077 tur
415 1042 507 1077 toto
528 1034 634 1077 orbe
654 1042 889 1087 terrarum,
913 1047 965 1075 ex
983 1031 1102 1076 omni
1132 1039 1277 1090 gente,
1302 1029 1446 1084 tribu,
1475 1038 1518 1073 et
1539 1028 1706 1088 lingua,

320 1104 432 1162 parit
466 1103 794 1147 multitudinem
815 1102 1150 1147 candidatorum
1181 1111 1223 1145 et
1245 1100 1564 1160 palmatorum,
1599 1100 1710 1144 sicut

319 1173 364 1216 in
383 1174 645 1233 Apocalypsi
659 1174 867 1233 scriptum
881 1182 960 1228 est,
981 1189 1114 1234 quam
1130 1188 1260 1217 nemo
1272 1186 1500 1216 numerare
1515 1174 1706 1230 potest²z

320 1246 437 1301 huic,
462 1248 658 1306 inquam,
685 1246 889 1290 Ecclesiae
917 1246 988 1290 cui
1013 1255 1178 1305 partem
1207 1244 1362 1289 Donati
1397 1259 1486 1288 non
1507 1258 1709 1287 commu-

321 1317 464 1361 nicare
486 1316 767 1361 manifestum
785 1326 866 1372 est,
887 1318 1068 1377 majores
1083 1316 1213 1361 vestri
1232 1316 1417 1374 probare
1439 1314 1704 1369 debuerunt,

320 1401 610 1447 quaecumque
633 1402 732 1431 vera
760 1386 1024 1431 documenta
1055 1386 1110 1430 de
1132 1384 1414 1430 traditoribus
1438 1384 1704 1428 habuerunt.

322 1457 447 1510 Quod
469 1457 503 1501 si
528 1457 745 1512 fecissent,
770 1457 851 1517 ipsi
872 1458 915 1501 in
941 1457 1015 1501 illa
1037 1465 1193 1512 essent,
1230 1465 1349 1500 extra
1372 1454 1489 1499 illam
1519 1469 1625 1499 vero
1645 1453 1708 1498 illi

320 1544 428 1586 quos
446 1538 735 1584 accusassent,
760 1544 876 1573 nunc
897 1537 1042 1572 autem
1068 1543 1167 1572 cum
1194 1535 1414 1571 accusatos
1437 1526 1483 1569 in
1504 1524 1578 1569 illa
1605 1539 1707 1584 per-

319 1600 522 1644 mansisse
538 1599 778 1653 videamus,
796 1599 903 1659 quid
922 1599 1026 1644 boni
1045 1599 1100 1643 de
1122 1597 1445 1643 accusatoribus
1462 1597 1621 1640 sentire
1637 1594 1708 1639 de-

320 1669 497 1723 bemus,
538 1684 647 1728 quos
680 1678 797 1712 extra
828 1668 947 1712 illam
982 1667 1210 1712 videmus?
1232 1672 1295 1713 Ac
1328 1683 1405 1727 per
1437 1668 1521 1711 hoc
1558 1666 1603 1710 in
1634 1664 1707 1709 illa

321 1740 634 1799 quadripertita
656 1739 1002 1793 distributione-³,
1020 1739 1098 1782 ubi
1120 1738 1206 1782 dixi
1224 1754 1325 1783 cum
1348 1738 1402 1782 de
1427 1737 1708 1782 traditoribus

320 1810 603 1870 proferuntur
637 1825 687 1853 ex
710 1819 896 1870 utraque
928 1819 1050 1869 parte
1087 1808 1379 1864 documenta,
1413 1817 1490 1852 aut
1519 1817 1707 1867 utraque

320 1896 419 1925 vera
435 1897 522 1925 esse
541 1890 616 1925 aut
638 1890 823 1941 utraque
841 1880 961 1936 falsa,
983 1889 1058 1925 aut
1075 1890 1220 1925 nostra
1235 1895 1337 1924 vera
1359 1888 1403 1925 et
1420 1888 1560 1924 vestra
1581 1878 1705 1934 falsa,

320 1961 393 1995 aut
420 1961 565 1996 nostra
583 1950 689 1995 falsa
712 1960 755 1996 et
776 1960 915 1995 vestra
937 1966 1053 2006 vera,
1085 1967 1184 1996 cum
1211 1951 1379 1995 videres
1405 1950 1451 1994 in
1473 1949 1708 2009 superiori-

320 2023 401 2066 bus
423 2023 562 2067 tribus
583 2038 659 2067 vos
686 2021 893 2066 facillime
919 2022 1133 2081 superari,
1158 2023 1318 2066 frustra
1346 2021 1424 2065 tibi
1457 2021 1542 2066 hoc
1563 2028 1707 2064 extre-

319 2108 456 2148 mum,
481 2093 606 2153 quasi
624 2109 711 2152 qua
734 2093 961 2147 evaderes,
983 2092 1162 2151 elegisti.
1194 2092 1401 2145 Quamvis
1428 2092 1542 2135 enim
1572 2104 1707 2149 quam

317 2163 597 2222 impudenter
620 2164 790 2208 dicatur
812 2162 1036 2221 advertas,
1067 2172 1213 2207 tamen
1244 2179 1293 2207 ea
1317 2163 1407 2222 ipsa
1426 2177 1527 2207 vera
1545 2169 1703 2216 vestra,

316 2235 351 2278 si
373 2251 457 2294 qua
474 2244 614 2279 essent
629 2236 819 2279 humana
837 2234 1118 2288 documenta,
1139 2233 1200 2277 illi
1222 2233 1426 2278 Ecclesiae
1439 2232 1613 2292 probari
1633 2231 1705 2276 de-

316 2304 526 2359 buerunt,
552 2321 682 2365 quam
707 2306 895 2364 probant
917 2305 1179 2348 documenta
1202 2303 1364 2347 divina.

378 2379 622 2421 LXXVIII.
650 2376 725 2420 Dic
769 2375 896 2430 mihi,
936 2375 1115 2420 obsecro
1146 2384 1218 2419 te:
1243 2375 1320 2418 sed
1352 2372 1442 2418 noli
1473 2372 1704 2417 offundere

318 2446 501 2491 nebulas
532 2447 767 2506 imperitis,
791 2455 842 2490 ut
875 2446 1080 2505 quoniam
1103 2444 1332 2489 traditores
1361 2453 1582 2488 accusatos
1614 2456 1705 2487 non

365 2554 375 2571 ¹
391 2548 502 2581 Matth.
519 2560 605 2588 xxiv,
627 2548 680 2580 ⁹3.
698 2566 738 2571 —
755 2555 766 2571 ²
782 2551 883 2591 Apoc.
900 2559 958 2589 vn,
977 2559 1010 2591 9.
1028 2565 1070 2570 --
1087 2548 1165 2580 vide
1182 2546 1238 2579 lib.
1257 2557 1266 2578 r
1283 2550 1394 2579 contra
1411 2544 1556 2578 Petilian.
1576 2554 1648 2587 cap.
1666 2551 1702 2585 2,

316 2605 349 2635 et
363 2601 419 2635 lib.
437 2614 486 2644 ιιι,
506 2613 577 2646 cap.
593 2603 649 2643 58,
664 2609 696 2636 et
713 2607 826 2636 contra
844 2606 994 2636 Crescon.
1014 2602 1068 2635 lib.
1089 2612 1135 2643 iv,
1153 2612 1227 2644 cap.
1249 2602 1302 2643 57.
