1825 3264
330 260 494 290 conns
526 259 727 289 numus
760 261 995 300 mmmm,
1031 264 1113 292 Lm.
1151 266 1216 292 111.
1396 255 1477 294 190

28 339 29 343 ’
95 342 185 373 esse
210 341 290 387 pro
324 327 476 381 vobiS‚
501 334 544 370 et
574 335 719 371 tamen
748 336 924 386 propter
953 337 1120 387 partem
1143 331 1298 374 Donati
1328 343 1402 375 vos
1424 335 1479 375 al)

94 397 298 445 Ecclesiae
324 397 549 443 catholicae
582 398 890 443 communione
930 401 1167 457 separatis3
1204 402 1315 445 sicut
1350 401 1477 445 etiam

92 469 154 513 illi
177 483 286 529 quos
304 467 464 513 Paulus
486 468 710 528 arguebat,
730 483 818 512 non
842 469 992 527 utique
1011 468 1215 515 dicebant
1237 473 1281 515 in
1305 471 1481 516 nomine

95 537 219 585 Pauli
238 554 282 584 se
303 539 434 584 fuisse
457 539 693 600 baptizatos
712 574 723 594 ,
759 549 834 584 aut
856 539 1038 583 Paulum
1064 556 1142 600 pro
1164 557 1208 586 se
1229 557 1319 586 esse
1341 543 1482 587 cruci-

27 608 29 656 Ῐ
93 611 245 666 fixum,
271 620 313 656 et
331 619 473 656 tamen
492 611 547 655 de
570 611 692 656 Pauli
711 612 887 655 nomine
908 611 1091 656 schisma
1111 612 1343 657 faciebant.
1366 614 1485 658 Sicut

26 721 27 741 ζ
94 697 198 741 ergo
223 681 306 726 illis
326 717 336 736 ,
363 697 443 741 pro
466 683 626 742 quibus
646 682 842 728 Christus
858 717 869 737 ‚
902 697 991 726 non
1023 683 1184 727 Paulus
1201 719 1211 739 ,
1251 685 1483 728 crucifixus

93 761 177 808 est,
198 760 242 796 et
262 753 338 813 qui
363 753 410 796 in
432 753 609 798 nomine
629 754 810 807 Christi,
835 767 925 798 non
948 754 992 797 in
1016 753 1192 798 nomine
1215 754 1358 810 Pauli,
1385 754 1484 799 fue-

20 825 25 844 *
93 831 197 868 runt
214 823 444 883 baptizati,
469 832 511 868 et
531 833 674 868 tamen
695 824 901 868 dicebant
922 842 930 869 ε
953 827 1046 882 Ego
1066 840 1162 868 sum
1180 824 1302 869 Pauli
1320 860 1330 879 ,
1353 839 1485 884 prop-

91 901 158 938 ter
178 895 262 938 hoc
279 895 438 939 rectius
457 893 617 939 dicitur
643 913 651 939 :
678 914 698 937 «
724 895 948 955 Numquid
967 895 1128 940 Paulus
1151 910 1229 955 pro
1247 896 1368 941 vobis
1386 911 1485 940 cru-

93 981 114 1005 »
140 965 290 1009 cifixus
312 973 402 1019 est,
439 974 514 1008 aut
544 965 589 1008 in
624 965 799 1009 nomine
835 965 957 1009 Pauli
986 964 1192 1025 baptizati
1226 966 1350 1021 estis,
1379 983 1398 1006 n
1438 976 1486 1010 ut

20 1092 21 1095 Ἰ
90 1034 284 1079 haereant
300 1035 338 1078 ei
360 1035 436 1095 qui
455 1050 533 1094 pro
555 1034 655 1094 ipsis
678 1036 906 1080 crucifixus
928 1046 1007 1091 est,
1033 1046 1076 1081 et
1099 1037 1142 1081 in
1165 1037 1291 1096 cujus
1309 1037 1484 1081 nominc

90 1105 294 1165 baptizati
327 1115 455 1161 sunt,
494 1115 538 1150 et
558 1121 646 1150 non
682 1107 736 1150 ad
767 1121 928 1151 nomen
958 1107 1081 1151 Pauli
1106 1108 1360 1153 dividantur
1387 1127 1395 1152 :
1427 1109 1485 1152 sic

88 1184 132 1220 et
153 1177 279 1221 vobis
302 1175 443 1222 multo
462 1178 597 1236 magis
620 1178 723 1237 quia
746 1193 833 1222 non
852 1179 993 1222 dicitis
1019 1197 1026 1223 :
1055 1181 1104 1222 In
1127 1178 1302 1222 nomine
1328 1179 1482 1223 Donati

90 1247 293 1306 baptizati
315 1262 463 1292 sumus
483 1283 494 1303 ,
532 1258 575 1292 et
596 1257 742 1292 tamen
775 1248 906 1293 vultis
939 1264 1028 1294 esse
1063 1250 1117 1293 de
1149 1259 1270 1309 parte
1293 1252 1449 1294 Donati
1471 1285 1481 1305 ‚

86 1325 377 1374 congruenter
397 1317 557 1362 dicitur
584 1336 592 1361 ε
627 1317 852 1377 Numquid
877 1321 1070 1363 Donatus
1096 1335 1175 1378 pro
1198 1320 1320 1364 vobis
1344 1321 1485 1363 cruci-

15 1423 17 1432 .
84 1387 194 1431 fixus
224 1397 323 1441 est,
377 1397 453 1432 aut
477 1388 523 1432 in
558 1388 733 1432 nomine
767 1390 924 1432 Donati
956 1389 1164 1448 baptizati
1201 1390 1329 1434 estis?
1360 1389 1484 1434 Scitis

14 1494 15 1501 ,
85 1458 204 1502 enim
226 1459 447 1504 Christum
469 1473 548 1518 pro
570 1459 693 1504 vobis
719 1473 810 1503 esse
835 1460 1088 1504 crucifixum
1109 1495 1120 1516 ,
1156 1469 1199 1504 et
1231 1461 1276 1503 in
1306 1460 1484 1505 nomine

84 1529 245 1574 Christi
266 1545 342 1574 vos
358 1530 618 1589 baptizatos,
643 1537 686 1574 et
703 1537 848 1574 tamen
872 1540 1048 1590 propter
1070 1545 1231 1576 nomen
1249 1539 1291 1575 et
1314 1540 1479 1591 partem

86 1600 243 1644 Donati
266 1602 422 1644 unitati
444 1601 630 1656 Christi,
664 1602 738 1662 qui
762 1616 842 1661 pro
863 1601 986 1647 vohis
1004 1602 1234 1647 crucifixus
1257 1609 1349 1656 est,
1372 1611 1415 1646 et
1437 1603 1481 1645 in

85 1671 210 1730 cujus
247 1672 426 1716 nomine
464 1671 672 1731 baptizati
709 1673 810 1716 estis
837 1708 848 1728 ,
895 1681 1013 1717 tanta
1052 1673 1287 1733 pertinacia
1321 1686 1481 1732 repug-

83 1749 208 1784 natis.

141 1812 297 1854 LXIV.
329 1811 439 1863 Quia
461 1825 565 1856 vero
595 1811 641 1856 id
671 1812 760 1871 egit
788 1811 1025 1858 Petilianus
1047 1813 1216 1872 scriptis
1244 1813 1354 1867 suis,
1386 1822 1477 1856 «ut

6 1890 10 1904 '
80 1881 202 1940 origo
236 1889 280 1925 et
313 1882 434 1926 radix
466 1891 509 1926 et
531 1892 663 1942 caput
694 1883 900 1942 baptizati
931 1899 1019 1928 non
1049 1883 1130 1927 nisi
1164 1883 1236 1927 ille
1263 1884 1317 1927 sit
1339 1898 1362 1926 a
1385 1898 1473 1942 quo

79 1950 326 2009 baptizatur
346 1985 357 2006 ‚
385 1969 406 1992 η
438 1960 481 1996 et
501 1953 586 1996 hoc
608 1968 631 1996 a
654 1967 724 1996 me
747 1967 836 1996 non
863 1953 1050 1997 inaniter
1069 1988 1079 2007 ‚
1113 1967 1193 1996 nec
1217 1952 1442 2012 pueriliter
1462 1987 1472 2006 ,

3 2073 7 2084 ¹
77 2034 158 2063 nec
175 2015 429 2078 insipienter
447 2020 613 2065 dictum
638 2030 717 2075 est,
742 2021 975 2080 primordia
995 2022 1200 2081 Epistolae
1222 2022 1354 2080 ipsius
1371 2022 1471 2080 qui-

81 2089 162 2133 hus
178 2099 284 2134 tunc
307 2090 510 2149 respondi
533 2125 544 2146 ,
580 2101 800 2135 recensete
819 2126 829 2146 ,
863 2100 906 2136 et
926 2091 1126 2137 videbitis
1142 2127 1153 2147 ‚
1174 2092 1261 2136 imo
1284 2106 1387 2136 vero
1402 2105 1470 2135 me

77 2171 448 2206 commemorante
462 2161 689 2220 diligenter
707 2163 932 2208 advertite.
958 2181 977 2205 «
997 2163 1287 2217 Conscientia,
1308 2164 1467 2222 inquit,

78 2240 225 2275 sancte
241 2232 383 2276 dantis
400 2232 666 2288 attenditur,
691 2248 791 2293 quae
814 2233 964 2278 abluat
982 2234 1228 2293 accipientis
1247 2253 1254 2278 :
1275 2249 1373 2277 nam
1395 2234 1471 2292 qui

77 2301 210 2345 fidem
230 2302 367 2346 sciens
397 2317 419 2346 a
442 2303 610 2362 perfido
629 2304 881 2363 sumpserit,
909 2319 997 2349 non
1022 2304 1150 2348 fidem
1170 2305 1372 2363 percipit,
1395 2304 1470 2347 sed

76 2380 261 2416 reatum.
290 2390 310 2413 »
340 2375 397 2417 Et
426 2382 634 2433 tanquam
665 2375 882 2418 diceretur
905 2376 943 2418 ei
979 2394 988 2419 2
1026 2375 1153 2419 Unde
1176 2375 1259 2418 hoc
1283 2374 1472 2433 probas?

81 2459 97 2481 α
124 2441 276 2486 Omnis
298 2455 365 2486 res
387 2443 501 2487 enim
524 2444 712 2502 origine,
740 2444 912 2504 inquit,
949 2454 993 2488 et
1020 2444 1166 2488 radice
1187 2445 1406 2502 consistit3
1430 2452 1474 2487 et

76 2513 110 2555 si
126 2521 259 2569 caput
279 2526 366 2556 non
390 2513 524 2557 habet
545 2513 725 2572 aliquid,
747 2513 856 2557 nihil
878 2522 943 2558 est
965 2535 975 2571 3
1000 2529 1080 2558 nec
1102 2515 1343 2574 quidquam
1361 2514 1472 2558 bene

79 2591 333 2639 regenerat,
373 2583 452 2627 nisi
485 2583 602 2629 bono
636 2584 798 2628 semine
836 2595 1129 2642 regeneretur.
1167 2588 1276 2638 Quae
1295 2599 1393 2630 cum
1418 2586 1473 2627 ita
