<?xml version="1.0" encoding="UTF-8"?>
<!DOCTYPE html PUBLIC "-//W3C//DTD XHTML 1.0 Transitional//EN"
    "http://www.w3.org/TR/xhtml1/DTD/xhtml1-transitional.dtd">
<html xmlns="http://www.w3.org/1999/xhtml" xml:lang="en" lang="en">
 <head>
  <title>
</title>
<meta http-equiv="Content-Type" content="text/html;charset=utf-8" />
  <meta name='ocr-system' content='tesseract 3.04.00' />
  <meta name='ocr-capabilities' content='ocr_page ocr_carea ocr_par ocr_line ocrx_word'/>
</head>
<body>
  <div class='ocr_page' id='page_1' title='image "./operaomniaaccura32auguuoft_0255.png"; bbox 0 0 1825 3264; ppageno 0'>
   <div class='ocr_carea' id='block_1_1' title="bbox 502 253 1458 293">
    <p class='ocr_par' dir='ltr' id='par_1_1' title="bbox 502 253 1458 293">
     <span class='ocr_line' id='line_1_1' title="bbox 502 253 1458 293; baseline 0.001 -3"><span class='ocrx_word' id='word_1_1' title='bbox 502 264 556 290; x_wconf 68' lang='lat' dir='ltr'>ns</span> <span class='ocrx_word' id='word_1_2' title='bbox 592 265 777 291; x_wconf 72' lang='grc' dir='ltr'><strong>ιΝιΤΛτΕ</strong></span> <span class='ocrx_word' id='word_1_3' title='bbox 811 265 1024 293; x_wconf 72' lang='lat' dir='ltr'>ECCLESUE.</span> <span class='ocrx_word' id='word_1_4' title='bbox 1375 253 1458 292; x_wconf 71' lang='lat'>245»</span> 
     </span>
    </p>
   </div>
   <div class='ocr_carea' id='block_1_2' title="bbox 4 327 1469 1454">
    <p class='ocr_par' dir='ltr' id='par_1_2' title="bbox 4 327 1469 1454">
     <span class='ocr_line' id='line_1_2' title="bbox 85 327 1463 391; baseline 0.003 -20"><span class='ocrx_word' id='word_1_5' title='bbox 85 349 103 371; x_wconf 68' lang='grc' dir='ltr'><strong><em>ι</em></strong></span> <span class='ocrx_word' id='word_1_6' title='bbox 138 329 341 374; x_wconf 84' lang='lat' dir='ltr'>convenit</span> <span class='ocrx_word' id='word_1_7' title='bbox 362 327 623 383; x_wconf 89' lang='lat' dir='ltr'>multitudo,</span> <span class='ocrx_word' id='word_1_8' title='bbox 650 346 697 374; x_wconf 88' lang='lat' dir='ltr'>ac</span> <span class='ocrx_word' id='word_1_9' title='bbox 719 338 863 374; x_wconf 88' lang='lat' dir='ltr'>mente</span> <span class='ocrx_word' id='word_1_10' title='bbox 880 333 1060 375; x_wconf 82' lang='lat' dir='ltr'>confusa</span> <span class='ocrx_word' id='word_1_11' title='bbox 1083 340 1162 386; x_wconf 83' lang='lat' dir='ltr'>est,</span> <span class='ocrx_word' id='word_1_12' title='bbox 1187 332 1289 391; x_wconf 89' lang='lat' dir='ltr'>quia</span> <span class='ocrx_word' id='word_1_13' title='bbox 1311 331 1463 375; x_wconf 86' lang='lat' dir='ltr'>audie·-</span> 
     </span>
     <span class='ocr_line' id='line_1_3' title="bbox 83 399 1462 460; baseline 0.004 -19"><span class='ocrx_word' id='word_1_14' title='bbox 83 418 102 440; x_wconf 94' lang='lat'>»</span> <span class='ocrx_word' id='word_1_15' title='bbox 138 399 210 442; x_wconf 89' lang='lat' dir='ltr'>bat</span> <span class='ocrx_word' id='word_1_16' title='bbox 229 400 526 458; x_wconf 84' lang='lat' dir='ltr'>unusquisque</span> <span class='ocrx_word' id='word_1_17' title='bbox 552 415 699 444; x_wconf 89' lang='lat' dir='ltr'>eorum</span> <span class='ocrx_word' id='word_1_18' title='bbox 726 415 802 444; x_wconf 89' lang='lat' dir='ltr'>sua</span> <span class='ocrx_word' id='word_1_19' title='bbox 824 400 975 459; x_wconf 88' lang='lat' dir='ltr'>lingua</span> <span class='ocrx_word' id='word_1_20' title='bbox 998 401 1225 460; x_wconf 86' lang='lat' dir='ltr'>loquentes</span> <span class='ocrx_word' id='word_1_21' title='bbox 1247 417 1333 446; x_wconf 88' lang='lat' dir='ltr'>eos.</span> <span class='ocrx_word' id='word_1_22' title='bbox 1361 404 1462 446; x_wconf 89' lang='lat' dir='ltr'>Stu-</span> 
     </span>
     <span class='ocr_line' id='line_1_4' title="bbox 82 469 1460 529; baseline 0.004 -17"><span class='ocrx_word' id='word_1_23' title='bbox 82 488 101 512; x_wconf 86' lang='lat'>»</span> <span class='ocrx_word' id='word_1_24' title='bbox 135 469 300 529; x_wconf 84' lang='lat' dir='ltr'>pebant</span> <span class='ocrx_word' id='word_1_25' title='bbox 334 479 477 514; x_wconf 88' lang='lat' dir='ltr'>autem</span> <span class='ocrx_word' id='word_1_26' title='bbox 522 481 564 515; x_wconf 89' lang='lat' dir='ltr'>et</span> <span class='ocrx_word' id='word_1_27' title='bbox 603 471 872 515; x_wconf 77' lang='lat' dir='ltr'>mirabantur</span> <span class='ocrx_word' id='word_1_28' title='bbox 913 473 968 516; x_wconf 79' lang='lat' dir='ltr'>ad</span> <span class='ocrx_word' id='word_1_29' title='bbox 1010 473 1195 516; x_wconf 90' lang='lat' dir='ltr'>invicem</span> <span class='ocrx_word' id='word_1_30' title='bbox 1237 473 1429 518; x_wconf 87' lang='lat' dir='ltr'>dicentes</span> <span class='ocrx_word' id='word_1_31' title='bbox 1452 494 1460 518; x_wconf 93' lang='grc'>;</span> 
     </span>
     <span class='ocr_line' id='line_1_5' title="bbox 81 542 1463 604; baseline 0.004 -20"><span class='ocrx_word' id='word_1_32' title='bbox 81 559 102 582; x_wconf 87' lang='lat'>»</span> <span class='ocrx_word' id='word_1_33' title='bbox 135 544 290 586; x_wconf 85' lang='lat' dir='ltr'>Nonne</span> <span class='ocrx_word' id='word_1_34' title='bbox 312 557 460 586; x_wconf 90' lang='lat' dir='ltr'>omnes</span> <span class='ocrx_word' id='word_1_35' title='bbox 478 543 544 587; x_wconf 91' lang='lat' dir='ltr'>isti</span> <span class='ocrx_word' id='word_1_36' title='bbox 566 543 642 603; x_wconf 91' lang='lat' dir='ltr'>qui</span> <span class='ocrx_word' id='word_1_37' title='bbox 664 542 923 603; x_wconf 89' lang='lat' dir='ltr'>loquuntur,</span> <span class='ocrx_word' id='word_1_38' title='bbox 952 542 1118 588; x_wconf 88' lang='lat' dir='ltr'>Galilaei</span> <span class='ocrx_word' id='word_1_39' title='bbox 1135 547 1261 588; x_wconf 80' lang='lat' dir='ltr'>sunt?</span> <span class='ocrx_word' id='word_1_40' title='bbox 1279 547 1336 588; x_wconf 86' lang='lat' dir='ltr'>Et</span> <span class='ocrx_word' id='word_1_41' title='bbox 1350 561 1463 604; x_wconf 86' lang='lat' dir='ltr'>quo-</span> 
     </span>
     <span class='ocr_line' id='line_1_6' title="bbox 82 612 1462 673; baseline 0.004 -21"><span class='ocrx_word' id='word_1_42' title='bbox 82 630 101 652; x_wconf 86' lang='lat'>»</span> <span class='ocrx_word' id='word_1_43' title='bbox 137 612 270 657; x_wconf 90' lang='lat' dir='ltr'>modo</span> <span class='ocrx_word' id='word_1_44' title='bbox 292 627 370 657; x_wconf 92' lang='lat' dir='ltr'>nos</span> <span class='ocrx_word' id='word_1_45' title='bbox 393 613 635 657; x_wconf 87' lang='lat' dir='ltr'>audivimus</span> <span class='ocrx_word' id='word_1_46' title='bbox 658 613 958 673; x_wconf 87' lang='lat' dir='ltr'>unusquisque</span> <span class='ocrx_word' id='word_1_47' title='bbox 986 614 1205 673; x_wconf 82' lang='lat' dir='ltr'>propriam</span> <span class='ocrx_word' id='word_1_48' title='bbox 1234 613 1428 673; x_wconf 84' lang='lat' dir='ltr'>linguam</span> <span class='ocrx_word' id='word_1_49' title='bbox 1450 650 1462 670; x_wconf 90' lang='lat'>,</span> 
     </span>
     <span class='ocr_line' id='line_1_7' title="bbox 82 682 1466 744; baseline 0.004 -21"><span class='ocrx_word' id='word_1_50' title='bbox 82 701 99 721; x_wconf 87' lang='lat'>»</span> <span class='ocrx_word' id='word_1_51' title='bbox 135 682 179 725; x_wconf 91' lang='lat' dir='ltr'>in</span> <span class='ocrx_word' id='word_1_52' title='bbox 199 697 284 742; x_wconf 90' lang='lat' dir='ltr'>qua</span> <span class='ocrx_word' id='word_1_53' title='bbox 303 682 394 726; x_wconf 86' lang='lat' dir='ltr'>nati</span> <span class='ocrx_word' id='word_1_54' title='bbox 411 684 590 727; x_wconf 79' lang='lat' dir='ltr'>sumus?</span> <span class='ocrx_word' id='word_1_55' title='bbox 606 683 775 738; x_wconf 89' lang='lat' dir='ltr'>Parthi,</span> <span class='ocrx_word' id='word_1_56' title='bbox 797 693 841 727; x_wconf 88' lang='lat' dir='ltr'>et</span> <span class='ocrx_word' id='word_1_57' title='bbox 856 682 1001 738; x_wconf 90' lang='lat' dir='ltr'>Medi,</span> <span class='ocrx_word' id='word_1_58' title='bbox 1022 693 1066 728; x_wconf 91' lang='lat' dir='ltr'>et</span> <span class='ocrx_word' id='word_1_59' title='bbox 1081 683 1281 728; x_wconf 88' lang='lat' dir='ltr'>Elamitae</span> <span class='ocrx_word' id='word_1_60' title='bbox 1296 719 1307 739; x_wconf 91' lang='lat'>‚</span> <span class='ocrx_word' id='word_1_61' title='bbox 1328 693 1371 728; x_wconf 90' lang='lat' dir='ltr'>et</span> <span class='ocrx_word' id='word_1_62' title='bbox 1390 685 1466 744; x_wconf 92' lang='lat' dir='ltr'>qui</span> 
     </span>
     <span class='ocr_line' id='line_1_8' title="bbox 79 745 1461 813; baseline 0.002 -18"><span class='ocrx_word' id='word_1_63' title='bbox 79 771 99 795; x_wconf 92' lang='lat'>»</span> <span class='ocrx_word' id='word_1_64' title='bbox 134 753 380 797; x_wconf 86' lang='lat' dir='ltr'>inhabitant</span> <span class='ocrx_word' id='word_1_65' title='bbox 412 755 771 813; x_wconf 85' lang='lat' dir='ltr'>Mesopotamiam</span> <span class='ocrx_word' id='word_1_66' title='bbox 816 745 986 809; x_wconf 82' lang='lat' dir='ltr'>Judaei,</span> <span class='ocrx_word' id='word_1_67' title='bbox 1027 763 1070 798; x_wconf 88' lang='lat' dir='ltr'>et</span> <span class='ocrx_word' id='word_1_68' title='bbox 1107 754 1426 813; x_wconf 88' lang='lat' dir='ltr'>Cappadociam</span> <span class='ocrx_word' id='word_1_69' title='bbox 1450 789 1461 810; x_wconf 96' lang='lat'>,</span> 
     </span>
     <span class='ocr_line' id='line_1_9' title="bbox 79 825 1468 886; baseline 0.004 -22"><span class='ocrx_word' id='word_1_70' title='bbox 79 842 98 865; x_wconf 75' lang='lat' dir='ltr'>n</span> <span class='ocrx_word' id='word_1_71' title='bbox 136 827 341 879; x_wconf 80' lang='lat' dir='ltr'>Pontum,</span> <span class='ocrx_word' id='word_1_72' title='bbox 373 833 417 868; x_wconf 92' lang='lat' dir='ltr'>et</span> <span class='ocrx_word' id='word_1_73' title='bbox 445 826 606 880; x_wconf 83' lang='lat' dir='ltr'>Asiam,</span> <span class='ocrx_word' id='word_1_74' title='bbox 632 826 958 886; x_wconf 82' lang='lat' dir='ltr'>Phrygiamque</span> <span class='ocrx_word' id='word_1_75' title='bbox 982 835 1026 870; x_wconf 87' lang='lat' dir='ltr'>et</span> <span class='ocrx_word' id='word_1_76' title='bbox 1050 825 1369 885; x_wconf 89' lang='lat' dir='ltr'>Pamphyliam,</span> <span class='ocrx_word' id='word_1_77' title='bbox 1391 828 1468 870; x_wconf 91' lang='lat' dir='ltr'>AE-</span> 
     </span>
     <span class='ocr_line' id='line_1_10' title="bbox 7 897 1469 957; baseline 0.003 -21"><span class='ocrx_word' id='word_1_78' title='bbox 7 932 9 942; x_wconf 91' lang='grc'>,</span> <span class='ocrx_word' id='word_1_79' title='bbox 76 913 97 936; x_wconf 84' lang='lat'>»</span> <span class='ocrx_word' id='word_1_80' title='bbox 134 904 332 954; x_wconf 88' lang='lat' dir='ltr'>gyptum,</span> <span class='ocrx_word' id='word_1_81' title='bbox 371 904 414 940; x_wconf 90' lang='lat' dir='ltr'>et</span> <span class='ocrx_word' id='word_1_82' title='bbox 442 905 584 955; x_wconf 88' lang='lat' dir='ltr'>partes</span> <span class='ocrx_word' id='word_1_83' title='bbox 618 897 793 955; x_wconf 79' lang='lat' dir='ltr'>Lybiae,</span> <span class='ocrx_word' id='word_1_84' title='bbox 826 912 926 957; x_wconf 84' lang='lat' dir='ltr'>quae</span> <span class='ocrx_word' id='word_1_85' title='bbox 955 906 1057 941; x_wconf 91' lang='lat' dir='ltr'>sunt</span> <span class='ocrx_word' id='word_1_86' title='bbox 1083 897 1139 941; x_wconf 88' lang='lat' dir='ltr'>ad</span> <span class='ocrx_word' id='word_1_87' title='bbox 1168 899 1387 954; x_wconf 86' lang='lat' dir='ltr'>Cyrenen,</span> <span class='ocrx_word' id='word_1_88' title='bbox 1426 905 1469 940; x_wconf 91' lang='lat' dir='ltr'>et</span> 
     </span>
     <span class='ocr_line' id='line_1_11' title="bbox 6 966 1467 1028; baseline 0.003 -21"><span class='ocrx_word' id='word_1_89' title='bbox 6 975 9 1022; x_wconf 65' lang='lat' dir='ltr'><strong>g</strong></span> <span class='ocrx_word' id='word_1_90' title='bbox 76 982 96 1007; x_wconf 83' lang='lat'>»</span> <span class='ocrx_word' id='word_1_91' title='bbox 131 966 207 1025; x_wconf 87' lang='lat' dir='ltr'>qui</span> <span class='ocrx_word' id='word_1_92' title='bbox 230 966 497 1012; x_wconf 87' lang='lat' dir='ltr'>advenerant</span> <span class='ocrx_word' id='word_1_93' title='bbox 519 968 722 1023; x_wconf 84' lang='lat' dir='ltr'>Romani,</span> <span class='ocrx_word' id='word_1_94' title='bbox 739 968 986 1028; x_wconf 84' lang='lat' dir='ltr'>Judaeiqne,</span> <span class='ocrx_word' id='word_1_95' title='bbox 1009 977 1052 1012; x_wconf 89' lang='lat' dir='ltr'>et</span> <span class='ocrx_word' id='word_1_96' title='bbox 1074 969 1270 1023; x_wconf 83' lang='lat' dir='ltr'>advenae,</span> <span class='ocrx_word' id='word_1_97' title='bbox 1285 970 1467 1012; x_wconf 88' lang='lat' dir='ltr'>Creten-</span> 
     </span>
     <span class='ocr_line' id='line_1_12' title="bbox 76 1039 1469 1100; baseline 0.002 -19.856"><span class='ocrx_word' id='word_1_98' title='bbox 76 1055 95 1079; x_wconf 68' lang='lat'>»</span> <span class='ocrx_word' id='word_1_99' title='bbox 131 1052 220 1091; x_wconf 86' lang='lat' dir='ltr'>ses,</span> <span class='ocrx_word' id='word_1_100' title='bbox 261 1047 305 1082; x_wconf 88' lang='lat' dir='ltr'>et</span> <span class='ocrx_word' id='word_1_101' title='bbox 337 1039 500 1083; x_wconf 83' lang='lat' dir='ltr'>Arabes</span> <span class='ocrx_word' id='word_1_102' title='bbox 530 1040 767 1084; x_wconf 86' lang='lat' dir='ltr'>audiebant</span> <span class='ocrx_word' id='word_1_103' title='bbox 797 1040 1026 1100; x_wconf 90' lang='lat' dir='ltr'>loquentes</span> <span class='ocrx_word' id='word_1_104' title='bbox 1060 1039 1156 1084; x_wconf 85' lang='lat' dir='ltr'>illos</span> <span class='ocrx_word' id='word_1_105' title='bbox 1190 1040 1277 1084; x_wconf 92' lang='lat' dir='ltr'>suis</span> <span class='ocrx_word' id='word_1_106' title='bbox 1310 1040 1469 1097; x_wconf 83' lang='lat' dir='ltr'>linguis</span> 
     </span>
     <span class='ocr_line' id='line_1_13' title="bbox 76 1107 1468 1170; baseline 0.004 -21"><span class='ocrx_word' id='word_1_107' title='bbox 76 1125 96 1149; x_wconf 85' lang='lat'>»</span> <span class='ocrx_word' id='word_1_108' title='bbox 131 1107 346 1166; x_wconf 87' lang='lat' dir='ltr'>magnalia</span> <span class='ocrx_word' id='word_1_109' title='bbox 375 1111 467 1153; x_wconf 90' lang='lat' dir='ltr'>Dei.</span> <span class='ocrx_word' id='word_1_110' title='bbox 495 1111 738 1170; x_wconf 72' lang='lat' dir='ltr'>Stupebant</span> <span class='ocrx_word' id='word_1_111' title='bbox 764 1120 909 1155; x_wconf 86' lang='lat' dir='ltr'>autem</span> <span class='ocrx_word' id='word_1_112' title='bbox 933 1119 976 1154; x_wconf 89' lang='lat' dir='ltr'>et</span> <span class='ocrx_word' id='word_1_113' title='bbox 1002 1111 1263 1155; x_wconf 86' lang='lat' dir='ltr'>haesitabant</span> <span class='ocrx_word' id='word_1_114' title='bbox 1279 1110 1333 1154; x_wconf 89' lang='lat' dir='ltr'>ad</span> <span class='ocrx_word' id='word_1_115' title='bbox 1353 1111 1468 1154; x_wconf 90' lang='lat' dir='ltr'>invi-</span> 
     </span>
     <span class='ocr_line' id='line_1_14' title="bbox 76 1179 1469 1234; baseline 0.001 -13"><span class='ocrx_word' id='word_1_116' title='bbox 76 1196 95 1219; x_wconf 95' lang='lat'>»</span> <span class='ocrx_word' id='word_1_117' title='bbox 132 1194 226 1223; x_wconf 87' lang='lat' dir='ltr'>cem</span> <span class='ocrx_word' id='word_1_118' title='bbox 245 1179 438 1224; x_wconf 88' lang='lat' dir='ltr'>dicentes</span> <span class='ocrx_word' id='word_1_119' title='bbox 458 1181 700 1234; x_wconf 88' lang='lat' dir='ltr'>:Quidnam</span> <span class='ocrx_word' id='word_1_120' title='bbox 725 1180 819 1225; x_wconf 83' lang='lat' dir='ltr'>vult</span> <span class='ocrx_word' id='word_1_121' title='bbox 846 1181 928 1225; x_wconf 84' lang='lat' dir='ltr'>hoc</span> <span class='ocrx_word' id='word_1_122' title='bbox 948 1182 1068 1224; x_wconf 86' lang='lat' dir='ltr'>esse?</span> <span class='ocrx_word' id='word_1_123' title='bbox 1089 1180 1175 1225; x_wconf 86' lang='lat' dir='ltr'>Alii</span> <span class='ocrx_word' id='word_1_124' title='bbox 1196 1196 1299 1225; x_wconf 89' lang='lat' dir='ltr'>vero</span> <span class='ocrx_word' id='word_1_125' title='bbox 1315 1181 1469 1225; x_wconf 79' lang='lat' dir='ltr'>irride-</span> 
     </span>
     <span class='ocr_line' id='line_1_15' title="bbox 5 1251 1468 1311; baseline 0.002 -18"><span class='ocrx_word' id='word_1_126' title='bbox 5 1298 7 1302; x_wconf 21' lang='lat'>,</span> <span class='ocrx_word' id='word_1_127' title='bbox 76 1271 92 1291; x_wconf 74' lang='grc' dir='ltr'>ι)</span> <span class='ocrx_word' id='word_1_128' title='bbox 132 1251 238 1295; x_wconf 86' lang='lat' dir='ltr'>bant</span> <span class='ocrx_word' id='word_1_129' title='bbox 266 1266 338 1296; x_wconf 91' lang='lat' dir='ltr'>eos</span> <span class='ocrx_word' id='word_1_130' title='bbox 355 1287 365 1306; x_wconf 97' lang='lat'>,</span> <span class='ocrx_word' id='word_1_131' title='bbox 390 1251 583 1296; x_wconf 87' lang='lat' dir='ltr'>dicentes</span> <span class='ocrx_word' id='word_1_132' title='bbox 605 1271 613 1296; x_wconf 80' lang='lat' dir='ltr'><strong><em>z</em></strong></span> <span class='ocrx_word' id='word_1_133' title='bbox 634 1252 745 1306; x_wconf 88' lang='lat' dir='ltr'>Quia</span> <span class='ocrx_word' id='word_1_134' title='bbox 770 1262 915 1296; x_wconf 90' lang='lat' dir='ltr'>musto</span> <span class='ocrx_word' id='word_1_135' title='bbox 939 1251 1093 1311; x_wconf 88' lang='lat' dir='ltr'>repleti</span> <span class='ocrx_word' id='word_1_136' title='bbox 1115 1261 1217 1296; x_wconf 89' lang='lat' dir='ltr'>sunt</span> <span class='ocrx_word' id='word_1_137' title='bbox 1233 1253 1316 1296; x_wconf 88' lang='lat' dir='ltr'>isti.</span> <span class='ocrx_word' id='word_1_138' title='bbox 1342 1254 1468 1296; x_wconf 87' lang='lat' dir='ltr'>Stans</span> 
     </span>
     <span class='ocr_line' id='line_1_16' title="bbox 4 1321 1465 1381; baseline 0.002 -18"><span class='ocrx_word' id='word_1_139' title='bbox 4 1325 8 1372; x_wconf 67' lang='grc' dir='ltr'><em>ξ</em></span> <span class='ocrx_word' id='word_1_140' title='bbox 74 1339 92 1362; x_wconf 85' lang='lat'>»</span> <span class='ocrx_word' id='word_1_141' title='bbox 129 1336 231 1366; x_wconf 91' lang='lat' dir='ltr'>vero</span> <span class='ocrx_word' id='word_1_142' title='bbox 264 1325 415 1366; x_wconf 88' lang='lat' dir='ltr'>Petrus</span> <span class='ocrx_word' id='word_1_143' title='bbox 454 1337 553 1366; x_wconf 87' lang='lat' dir='ltr'>eum</span> <span class='ocrx_word' id='word_1_144' title='bbox 587 1322 792 1366; x_wconf 82' lang='lat' dir='ltr'>undecim</span> <span class='ocrx_word' id='word_1_145' title='bbox 820 1322 1063 1381; x_wconf 91' lang='lat' dir='ltr'>Discipulis,</span> <span class='ocrx_word' id='word_1_146' title='bbox 1101 1321 1287 1366; x_wconf 88' lang='lat' dir='ltr'>elevavit</span> <span class='ocrx_word' id='word_1_147' title='bbox 1315 1338 1465 1366; x_wconf 82' lang='lat' dir='ltr'>vocem</span> 
     </span>
     <span class='ocr_line' id='line_1_17' title="bbox 4 1390 1466 1454; baseline 0.002 -22"><span class='ocrx_word' id='word_1_148' title='bbox 4 1394 8 1454; x_wconf 66' lang='lat'>,²</span> <span class='ocrx_word' id='word_1_149' title='bbox 73 1409 93 1432; x_wconf 89' lang='lat'>»</span> <span class='ocrx_word' id='word_1_150' title='bbox 127 1407 267 1445; x_wconf 89' lang='lat' dir='ltr'>suam,</span> <span class='ocrx_word' id='word_1_151' title='bbox 288 1401 330 1435; x_wconf 89' lang='lat' dir='ltr'>et</span> <span class='ocrx_word' id='word_1_152' title='bbox 352 1390 524 1436; x_wconf 78' lang='lat' dir='ltr'>locutus</span> <span class='ocrx_word' id='word_1_153' title='bbox 546 1401 609 1436; x_wconf 83' lang='lat' dir='ltr'>est</span> <span class='ocrx_word' id='word_1_154' title='bbox 631 1391 779 1436; x_wconf 83' lang='lat' dir='ltr'>dicens</span> <span class='ocrx_word' id='word_1_155' title='bbox 798 1392 906 1437; x_wconf 85' lang='lat' dir='ltr'>:Viri</span> <span class='ocrx_word' id='word_1_156' title='bbox 930 1391 1090 1447; x_wconf 84' lang='lat' dir='ltr'>Judaei,</span> <span class='ocrx_word' id='word_1_157' title='bbox 1117 1401 1160 1435; x_wconf 89' lang='lat' dir='ltr'>et</span> <span class='ocrx_word' id='word_1_158' title='bbox 1183 1392 1371 1436; x_wconf 82' lang='lat' dir='ltr'>universi</span> <span class='ocrx_word' id='word_1_159' title='bbox 1391 1393 1466 1451; x_wconf 91' lang='lat' dir='ltr'>qui</span> 
     </span>
    </p>
   </div>
   <div class='ocr_carea' id='block_1_3' title="bbox 5 1457 1462 1517">
    <p class='ocr_par' dir='ltr' id='par_1_3' title="bbox 5 1457 1462 1517">
     <span class='ocr_line' id='line_1_18' title="bbox 5 1457 1462 1517; baseline 0.003 -15"><span class='ocrx_word' id='word_1_160' title='bbox 5 1457 7 1488; x_wconf 66' lang='lat'>³</span> <span class='ocrx_word' id='word_1_161' title='bbox 73 1479 93 1502; x_wconf 90' lang='lat'>»</span> <span class='ocrx_word' id='word_1_162' title='bbox 130 1461 332 1506; x_wconf 88' lang='lat' dir='ltr'>habitatis</span> <span class='ocrx_word' id='word_1_163' title='bbox 355 1461 610 1517; x_wconf 84' lang='lat' dir='ltr'>Jerusalem,</span> <span class='ocrx_word' id='word_1_164' title='bbox 636 1463 720 1507; x_wconf 88' lang='lat' dir='ltr'>hoe</span> <span class='ocrx_word' id='word_1_165' title='bbox 737 1463 858 1507; x_wconf 88' lang='lat' dir='ltr'>vobis</span> <span class='ocrx_word' id='word_1_166' title='bbox 881 1472 1035 1507; x_wconf 89' lang='lat' dir='ltr'>notum</span> <span class='ocrx_word' id='word_1_167' title='bbox 1059 1463 1113 1506; x_wconf 89' lang='lat' dir='ltr'>sit</span> <span class='ocrx_word' id='word_1_168' title='bbox 1141 1481 1150 1506; x_wconf 73' lang='grc' dir='ltr'><strong><em>ι</em></strong></span> <span class='ocrx_word' id='word_1_169' title='bbox 1180 1480 1199 1503; x_wconf 87' lang='grc'>»</span> <span class='ocrx_word' id='word_1_170' title='bbox 1226 1472 1269 1506; x_wconf 83' lang='lat' dir='ltr'>et</span> <span class='ocrx_word' id='word_1_171' title='bbox 1290 1472 1462 1517; x_wconf 84' lang='lat' dir='ltr'>caetera,</span> 
     </span>
    </p>
   </div>
   <div class='ocr_carea' id='block_1_4' title="bbox 0 0 21 3264">
    <p class='ocr_par' dir='ltr' id='par_1_4' title="bbox 0 0 21 3264">
     <span class='ocr_line' id='line_1_19' title="bbox 0 0 21 3264; baseline 0 0"><span class='ocrx_word' id='word_1_172' title='bbox 0 0 21 3264; x_wconf 95' lang='lat' dir='ltr'> </span> 
     </span>
    </p>
   </div>
   <div class='ocr_carea' id='block_1_5' title="bbox 4 1532 1496 2584">
    <p class='ocr_par' dir='ltr' id='par_1_5' title="bbox 4 1532 1496 2584">
     <span class='ocr_line' id='line_1_20' title="bbox 5 1532 1462 1592; baseline 0 -16"><span class='ocrx_word' id='word_1_173' title='bbox 5 1567 7 1588; x_wconf 89' lang='lat'>:</span> <span class='ocrx_word' id='word_1_174' title='bbox 68 1532 230 1592; x_wconf 89' lang='lat' dir='ltr'>quibus</span> <span class='ocrx_word' id='word_1_175' title='bbox 245 1548 317 1577; x_wconf 88' lang='lat' dir='ltr'>eos</span> <span class='ocrx_word' id='word_1_176' title='bbox 335 1533 646 1577; x_wconf 80' lang='lat' dir='ltr'>exhortabatur</span> <span class='ocrx_word' id='word_1_177' title='bbox 670 1533 724 1578; x_wconf 90' lang='lat' dir='ltr'>ad</span> <span class='ocrx_word' id='word_1_178' title='bbox 742 1534 888 1578; x_wconf 83' lang='lat' dir='ltr'>fidem.</span> <span class='ocrx_word' id='word_1_179' title='bbox 917 1537 1027 1587; x_wconf 86' lang='lat' dir='ltr'>Quae</span> <span class='ocrx_word' id='word_1_180' title='bbox 1050 1548 1149 1578; x_wconf 89' lang='lat' dir='ltr'>cum</span> <span class='ocrx_word' id='word_1_181' title='bbox 1176 1535 1462 1587; x_wconf 85' lang='lat' dir='ltr'>terminasset,</span> 
     </span>
     <span class='ocr_line' id='line_1_21' title="bbox 4 1604 1463 1662; baseline 0.001 -16"><span class='ocrx_word' id='word_1_182' title='bbox 4 1605 7 1638; x_wconf 71' lang='grc' dir='ltr'><em>ἕ</em></span> <span class='ocrx_word' id='word_1_183' title='bbox 68 1604 264 1662; x_wconf 88' lang='lat' dir='ltr'>sequitur</span> <span class='ocrx_word' id='word_1_184' title='bbox 288 1605 507 1662; x_wconf 87' lang='lat' dir='ltr'>Scriptura</span> <span class='ocrx_word' id='word_1_185' title='bbox 529 1605 586 1648; x_wconf 90' lang='lat' dir='ltr'>ita</span> <span class='ocrx_word' id='word_1_186' title='bbox 609 1621 802 1649; x_wconf 85' lang='lat' dir='ltr'>narrans.</span> <span class='ocrx_word' id='word_1_187' title='bbox 834 1625 853 1646; x_wconf 91' lang='lat'>«</span> <span class='ocrx_word' id='word_1_188' title='bbox 882 1605 957 1648; x_wconf 89' lang='lat' dir='ltr'>His</span> <span class='ocrx_word' id='word_1_189' title='bbox 981 1605 1113 1662; x_wconf 85' lang='lat' dir='ltr'>igitur</span> <span class='ocrx_word' id='word_1_190' title='bbox 1135 1605 1310 1658; x_wconf 85' lang='lat' dir='ltr'>auditis,</span> <span class='ocrx_word' id='word_1_191' title='bbox 1339 1619 1463 1648; x_wconf 91' lang='lat' dir='ltr'>com-</span> 
     </span>
     <span class='ocr_line' id='line_1_22' title="bbox 5 1667 1460 1734; baseline 0.003 -20"><span class='ocrx_word' id='word_1_192' title='bbox 5 1667 7 1715; x_wconf 69' lang='grc' dir='ltr'><strong>Ῑ</strong></span> <span class='ocrx_word' id='word_1_193' title='bbox 70 1692 89 1714; x_wconf 90' lang='lat'>»</span> <span class='ocrx_word' id='word_1_194' title='bbox 127 1674 278 1732; x_wconf 88' lang='lat' dir='ltr'>puncti</span> <span class='ocrx_word' id='word_1_195' title='bbox 300 1684 400 1718; x_wconf 88' lang='lat' dir='ltr'>sunt</span> <span class='ocrx_word' id='word_1_196' title='bbox 419 1676 564 1728; x_wconf 89' lang='lat' dir='ltr'>corde,</span> <span class='ocrx_word' id='word_1_197' title='bbox 586 1676 779 1719; x_wconf 87' lang='lat' dir='ltr'>dicentes</span> <span class='ocrx_word' id='word_1_198' title='bbox 793 1675 848 1718; x_wconf 90' lang='lat' dir='ltr'>ad</span> <span class='ocrx_word' id='word_1_199' title='bbox 869 1678 1044 1719; x_wconf 91' lang='lat' dir='ltr'>Petrum</span> <span class='ocrx_word' id='word_1_200' title='bbox 1063 1685 1106 1718; x_wconf 89' lang='lat' dir='ltr'>et</span> <span class='ocrx_word' id='word_1_201' title='bbox 1124 1675 1178 1719; x_wconf 89' lang='lat' dir='ltr'>ad</span> <span class='ocrx_word' id='word_1_202' title='bbox 1196 1676 1428 1734; x_wconf 86' lang='lat' dir='ltr'>Apostolos</span> <span class='ocrx_word' id='word_1_203' title='bbox 1451 1693 1460 1718; x_wconf 90' lang='lat'>:</span> 
     </span>
     <span class='ocr_line' id='line_1_23' title="bbox 6 1744 1461 1799; baseline 0.002 -15"><span class='ocrx_word' id='word_1_204' title='bbox 6 1762 7 1765; x_wconf 41' lang='lat'>¹</span> <span class='ocrx_word' id='word_1_205' title='bbox 69 1762 88 1784; x_wconf 87' lang='lat'>»</span> <span class='ocrx_word' id='word_1_206' title='bbox 124 1744 241 1797; x_wconf 90' lang='lat' dir='ltr'>Quid</span> <span class='ocrx_word' id='word_1_207' title='bbox 270 1744 502 1799; x_wconf 75' lang='lat' dir='ltr'>faciemus,</span> <span class='ocrx_word' id='word_1_208' title='bbox 539 1745 618 1789; x_wconf 91' lang='lat' dir='ltr'>viri</span> <span class='ocrx_word' id='word_1_209' title='bbox 658 1744 844 1790; x_wconf 82' lang='lat' dir='ltr'>fratres?</span> <span class='ocrx_word' id='word_1_210' title='bbox 872 1746 1100 1789; x_wconf 88' lang='lat' dir='ltr'>Ostendite</span> <span class='ocrx_word' id='word_1_211' title='bbox 1137 1745 1278 1790; x_wconf 89' lang='lat' dir='ltr'>nobis.</span> <span class='ocrx_word' id='word_1_212' title='bbox 1309 1748 1461 1788; x_wconf 85' lang='lat' dir='ltr'>Petrus</span> 
     </span>
     <span class='ocr_line' id='line_1_24' title="bbox 6 1805 1496 1875; baseline 0.001 -18"><span class='ocrx_word' id='word_1_213' title='bbox 6 1805 7 1809; x_wconf 27' lang='lat'>¹</span> <span class='ocrx_word' id='word_1_214' title='bbox 69 1833 89 1856; x_wconf 88' lang='lat'>»</span> <span class='ocrx_word' id='word_1_215' title='bbox 124 1825 268 1860; x_wconf 88' lang='lat' dir='ltr'>autem</span> <span class='ocrx_word' id='word_1_216' title='bbox 298 1815 405 1859; x_wconf 77' lang='lat' dir='ltr'>dixit</span> <span class='ocrx_word' id='word_1_217' title='bbox 438 1816 493 1860; x_wconf 89' lang='lat' dir='ltr'>ad</span> <span class='ocrx_word' id='word_1_218' title='bbox 518 1832 590 1860; x_wconf 93' lang='lat' dir='ltr'>eos</span> <span class='ocrx_word' id='word_1_219' title='bbox 616 1818 949 1861; x_wconf 87' lang='lat' dir='ltr'>:Poenitentiam</span> <span class='ocrx_word' id='word_1_220' title='bbox 978 1816 1108 1874; x_wconf 78' lang='lat' dir='ltr'>agite,</span> <span class='ocrx_word' id='word_1_221' title='bbox 1141 1826 1184 1859; x_wconf 92' lang='lat' dir='ltr'>et</span> <span class='ocrx_word' id='word_1_222' title='bbox 1221 1817 1460 1875; x_wconf 85' lang='lat' dir='ltr'>baptizetur</span> <span class='ocrx_word' id='word_1_223' title='bbox 1493 1868 1496 1871; x_wconf 14' lang='grc' dir='ltr'><strong>Δ</strong></span> 
     </span>
     <span class='ocr_line' id='line_1_25' title="bbox 6 1887 1458 1947; baseline 0.001 -18"><span class='ocrx_word' id='word_1_224' title='bbox 6 1910 7 1914; x_wconf 65' lang='lat'><em>=</em></span> <span class='ocrx_word' id='word_1_225' title='bbox 68 1904 88 1928; x_wconf 70' lang='lat'>1»</span> <span class='ocrx_word' id='word_1_226' title='bbox 124 1887 422 1947; x_wconf 87' lang='lat' dir='ltr'>unusquisque</span> <span class='ocrx_word' id='word_1_227' title='bbox 445 1896 635 1932; x_wconf 87' lang='lat' dir='ltr'>vestrum</span> <span class='ocrx_word' id='word_1_228' title='bbox 659 1889 704 1932; x_wconf 89' lang='lat' dir='ltr'>in</span> <span class='ocrx_word' id='word_1_229' title='bbox 726 1890 903 1932; x_wconf 90' lang='lat' dir='ltr'>nomine</span> <span class='ocrx_word' id='word_1_230' title='bbox 926 1890 1027 1931; x_wconf 86' lang='lat' dir='ltr'>Jesu</span> <span class='ocrx_word' id='word_1_231' title='bbox 1051 1888 1210 1931; x_wconf 86' lang='lat' dir='ltr'>Christi</span> <span class='ocrx_word' id='word_1_232' title='bbox 1240 1887 1282 1930; x_wconf 88' lang='lat' dir='ltr'>in</span> <span class='ocrx_word' id='word_1_233' title='bbox 1307 1887 1458 1930; x_wconf 87' lang='lat' dir='ltr'>remis-</span> 
     </span>
     <span class='ocr_line' id='line_1_26' title="bbox 6 1948 1456 2016; baseline 0.001 -18"><span class='ocrx_word' id='word_1_234' title='bbox 6 1948 7 1994; x_wconf 61' lang='grc' dir='ltr'>ἶ</span> <span class='ocrx_word' id='word_1_235' title='bbox 69 1979 85 1997; x_wconf 83' lang='grc'>»</span> <span class='ocrx_word' id='word_1_236' title='bbox 122 1957 286 2001; x_wconf 87' lang='lat' dir='ltr'>sionem</span> <span class='ocrx_word' id='word_1_237' title='bbox 335 1967 614 2016; x_wconf 85' lang='lat' dir='ltr'>peccatorum</span> <span class='ocrx_word' id='word_1_238' title='bbox 638 1993 648 2012; x_wconf 90' lang='lat'>,</span> <span class='ocrx_word' id='word_1_239' title='bbox 699 1968 741 2002; x_wconf 86' lang='lat' dir='ltr'>et</span> <span class='ocrx_word' id='word_1_240' title='bbox 784 1957 1002 2016; x_wconf 79' lang='lat' dir='ltr'>accipietis</span> <span class='ocrx_word' id='word_1_241' title='bbox 1045 1958 1226 2015; x_wconf 81' lang='lat' dir='ltr'>gratiam</span> <span class='ocrx_word' id='word_1_242' title='bbox 1274 1958 1456 2016; x_wconf 83' lang='lat' dir='ltr'>Spiritus</span> 
     </span>
     <span class='ocr_line' id='line_1_27' title="bbox 66 2026 1456 2086; baseline 0 -17"><span class='ocrx_word' id='word_1_243' title='bbox 66 2044 93 2067; x_wconf 67' lang='lat' dir='ltr'>n</span> <span class='ocrx_word' id='word_1_244' title='bbox 121 2028 272 2071; x_wconf 88' lang='lat' dir='ltr'>sancti.</span> <span class='ocrx_word' id='word_1_245' title='bbox 292 2028 426 2071; x_wconf 82' lang='lat' dir='ltr'>Vobis</span> <span class='ocrx_word' id='word_1_246' title='bbox 445 2037 507 2071; x_wconf 90' lang='lat' dir='ltr'>est</span> <span class='ocrx_word' id='word_1_247' title='bbox 526 2029 639 2071; x_wconf 84' lang='lat' dir='ltr'>enim</span> <span class='ocrx_word' id='word_1_248' title='bbox 661 2028 902 2086; x_wconf 88' lang='lat' dir='ltr'>promissio,</span> <span class='ocrx_word' id='word_1_249' title='bbox 929 2037 971 2070; x_wconf 91' lang='lat' dir='ltr'>et</span> <span class='ocrx_word' id='word_1_250' title='bbox 989 2026 1085 2070; x_wconf 85' lang='lat' dir='ltr'>filiis</span> <span class='ocrx_word' id='word_1_251' title='bbox 1108 2028 1272 2081; x_wconf 85' lang='lat' dir='ltr'>vestris,</span> <span class='ocrx_word' id='word_1_252' title='bbox 1297 2036 1340 2070; x_wconf 88' lang='lat' dir='ltr'>et</span> <span class='ocrx_word' id='word_1_253' title='bbox 1360 2041 1456 2069; x_wconf 91' lang='lat' dir='ltr'>om-</span> 
     </span>
     <span class='ocr_line' id='line_1_28' title="bbox 5 2086 1455 2156; baseline 0.003 -19"><span class='ocrx_word' id='word_1_254' title='bbox 5 2086 7 2127; x_wconf 65' lang='grc' dir='ltr'><strong>Ᾰ</strong></span> <span class='ocrx_word' id='word_1_255' title='bbox 67 2115 85 2137; x_wconf 75' lang='lat' dir='ltr'>n</span> <span class='ocrx_word' id='word_1_256' title='bbox 122 2097 252 2141; x_wconf 84' lang='lat' dir='ltr'>uibus</span> <span class='ocrx_word' id='word_1_257' title='bbox 275 2099 351 2156; x_wconf 89' lang='lat' dir='ltr'>qui</span> <span class='ocrx_word' id='word_1_258' title='bbox 375 2097 506 2156; x_wconf 87' lang='lat' dir='ltr'>longe</span> <span class='ocrx_word' id='word_1_259' title='bbox 530 2107 647 2151; x_wconf 89' lang='lat' dir='ltr'>sunt,</span> <span class='ocrx_word' id='word_1_260' title='bbox 679 2113 980 2156; x_wconf 85' lang='lat' dir='ltr'>quoscumque</span> <span class='ocrx_word' id='word_1_261' title='bbox 1003 2096 1280 2141; x_wconf 86' lang='lat' dir='ltr'>advocaverit</span> <span class='ocrx_word' id='word_1_262' title='bbox 1308 2098 1455 2141; x_wconf 90' lang='lat' dir='ltr'>Domi-</span> 
     </span>
     <span class='ocr_line' id='line_1_29' title="bbox 6 2167 1453 2227; baseline 0.003 -20"><span class='ocrx_word' id='word_1_263' title='bbox 6 2190 7 2194; x_wconf 66' lang='lat'><em>=</em></span> <span class='ocrx_word' id='word_1_264' title='bbox 67 2186 85 2207; x_wconf 70' lang='grc' dir='ltr'><strong>υ</strong></span> <span class='ocrx_word' id='word_1_265' title='bbox 122 2183 202 2211; x_wconf 86' lang='lat' dir='ltr'>nus</span> <span class='ocrx_word' id='word_1_266' title='bbox 228 2171 337 2211; x_wconf 84' lang='lat' dir='ltr'>Deus</span> <span class='ocrx_word' id='word_1_267' title='bbox 361 2177 520 2211; x_wconf 89' lang='lat' dir='ltr'>noster.</span> <span class='ocrx_word' id='word_1_268' title='bbox 547 2171 600 2211; x_wconf 90' lang='lat' dir='ltr'>Et</span> <span class='ocrx_word' id='word_1_269' title='bbox 618 2168 709 2211; x_wconf 88' lang='lat' dir='ltr'>aliis</span> <span class='ocrx_word' id='word_1_270' title='bbox 726 2168 904 2227; x_wconf 87' lang='lat' dir='ltr'>quidem</span> <span class='ocrx_word' id='word_1_271' title='bbox 924 2168 1066 2211; x_wconf 86' lang='lat' dir='ltr'>verbis</span> <span class='ocrx_word' id='word_1_272' title='bbox 1085 2167 1281 2226; x_wconf 89' lang='lat' dir='ltr'>plurimis</span> <span class='ocrx_word' id='word_1_273' title='bbox 1303 2169 1453 2211; x_wconf 81' lang='lat' dir='ltr'>testifi-</span> 
     </span>
     <span class='ocr_line' id='line_1_30' title="bbox 6 2237 1449 2297; baseline 0.002 -19"><span class='ocrx_word' id='word_1_274' title='bbox 6 2256 7 2260; x_wconf 45' lang='lat'>¹</span> <span class='ocrx_word' id='word_1_275' title='bbox 63 2256 82 2278; x_wconf 85' lang='lat'>»</span> <span class='ocrx_word' id='word_1_276' title='bbox 119 2238 302 2283; x_wconf 88' lang='lat' dir='ltr'>cabatur</span> <span class='ocrx_word' id='word_1_277' title='bbox 324 2237 382 2282; x_wconf 84' lang='lat' dir='ltr'>eis</span> <span class='ocrx_word' id='word_1_278' title='bbox 407 2237 558 2282; x_wconf 87' lang='lat' dir='ltr'>dicens</span> <span class='ocrx_word' id='word_1_279' title='bbox 579 2258 586 2281; x_wconf 90' lang='lat'><strong>:</strong></span> <span class='ocrx_word' id='word_1_280' title='bbox 617 2238 850 2283; x_wconf 85' lang='lat' dir='ltr'>Salvamini</span> <span class='ocrx_word' id='word_1_281' title='bbox 867 2253 889 2282; x_wconf 88' lang='lat' dir='ltr'>a</span> <span class='ocrx_word' id='word_1_282' title='bbox 908 2240 1183 2296; x_wconf 83' lang='lat' dir='ltr'>generatione</span> <span class='ocrx_word' id='word_1_283' title='bbox 1207 2253 1336 2297; x_wconf 84' lang='lat' dir='ltr'>prava</span> <span class='ocrx_word' id='word_1_284' title='bbox 1355 2239 1449 2282; x_wconf 84' lang='lat' dir='ltr'>hae.</span> 
     </span>
     <span class='ocr_line' id='line_1_31' title="bbox 63 2308 1451 2367; baseline 0.001 -18"><span class='ocrx_word' id='word_1_285' title='bbox 63 2326 82 2349; x_wconf 75' lang='lat' dir='ltr'>n</span> <span class='ocrx_word' id='word_1_286' title='bbox 119 2308 183 2351; x_wconf 89' lang='lat' dir='ltr'>llli</span> <span class='ocrx_word' id='word_1_287' title='bbox 215 2324 317 2352; x_wconf 88' lang='lat' dir='ltr'>vero</span> <span class='ocrx_word' id='word_1_288' title='bbox 340 2317 513 2367; x_wconf 89' lang='lat' dir='ltr'>recepto</span> <span class='ocrx_word' id='word_1_289' title='bbox 539 2310 674 2353; x_wconf 87' lang='lat' dir='ltr'>verbo</span> <span class='ocrx_word' id='word_1_290' title='bbox 704 2309 811 2363; x_wconf 88' lang='lat' dir='ltr'>hoe,</span> <span class='ocrx_word' id='word_1_291' title='bbox 841 2309 1145 2362; x_wconf 86' lang='lat' dir='ltr'>erediderunt,</span> <span class='ocrx_word' id='word_1_292' title='bbox 1175 2318 1218 2352; x_wconf 91' lang='lat' dir='ltr'>et</span> <span class='ocrx_word' id='word_1_293' title='bbox 1247 2309 1451 2367; x_wconf 79' lang='lat' dir='ltr'>baptizati</span> 
     </span>
     <span class='ocr_line' id='line_1_32' title="bbox 4 2378 1452 2437; baseline 0.001 -17"><span class='ocrx_word' id='word_1_294' title='bbox 4 2404 7 2411; x_wconf 58' lang='grc' dir='ltr'><em>ι</em></span> <span class='ocrx_word' id='word_1_295' title='bbox 63 2397 83 2420; x_wconf 90' lang='lat'>»</span> <span class='ocrx_word' id='word_1_296' title='bbox 119 2388 234 2424; x_wconf 90' lang='lat' dir='ltr'>sunt.</span> <span class='ocrx_word' id='word_1_297' title='bbox 263 2382 319 2423; x_wconf 91' lang='lat' dir='ltr'>Et</span> <span class='ocrx_word' id='word_1_298' title='bbox 341 2378 519 2437; x_wconf 82' lang='lat' dir='ltr'>adjectae</span> <span class='ocrx_word' id='word_1_299' title='bbox 539 2389 641 2423; x_wconf 89' lang='lat' dir='ltr'>sunt</span> <span class='ocrx_word' id='word_1_300' title='bbox 661 2382 705 2423; x_wconf 90' lang='lat' dir='ltr'>in</span> <span class='ocrx_word' id='word_1_301' title='bbox 728 2379 800 2423; x_wconf 89' lang='lat' dir='ltr'>illa</span> <span class='ocrx_word' id='word_1_302' title='bbox 824 2381 894 2423; x_wconf 87' lang='lat' dir='ltr'>die</span> <span class='ocrx_word' id='word_1_303' title='bbox 916 2381 1072 2423; x_wconf 85' lang='lat' dir='ltr'>animae</span> <span class='ocrx_word' id='word_1_304' title='bbox 1091 2380 1259 2423; x_wconf 82' lang='lat' dir='ltr'>circiter</span> <span class='ocrx_word' id='word_1_305' title='bbox 1275 2380 1352 2422; x_wconf 89' lang='lat' dir='ltr'>tria</span> <span class='ocrx_word' id='word_1_306' title='bbox 1371 2381 1452 2422; x_wconf 90' lang='lat' dir='ltr'>mi-</span> 
     </span>
     <span class='ocr_line' id='line_1_33' title="bbox 4 2449 1448 2511; baseline -0.001 -18"><span class='ocrx_word' id='word_1_307' title='bbox 4 2456 7 2511; x_wconf 80' lang='grc' dir='ltr'>Ι]</span> <span class='ocrx_word' id='word_1_308' title='bbox 63 2469 82 2490; x_wconf 88' lang='lat'>»</span> <span class='ocrx_word' id='word_1_309' title='bbox 118 2450 173 2494; x_wconf 90' lang='lat' dir='ltr'>lia</span> <span class='ocrx_word' id='word_1_310' title='bbox 201 2453 269 2493; x_wconf 87' lang='lat'>¹.»</span> <span class='ocrx_word' id='word_1_311' title='bbox 297 2452 408 2493; x_wconf 87' lang='lat' dir='ltr'>Ecce</span> <span class='ocrx_word' id='word_1_312' title='bbox 435 2450 809 2509; x_wconf 88' lang='lat' dir='ltr'>quemadmodum</span> <span class='ocrx_word' id='word_1_313' title='bbox 837 2460 981 2509; x_wconf 84' lang='lat' dir='ltr'>coepta</span> <span class='ocrx_word' id='word_1_314' title='bbox 1011 2460 1075 2494; x_wconf 83' lang='lat' dir='ltr'>est</span> <span class='ocrx_word' id='word_1_315' title='bbox 1102 2451 1158 2494; x_wconf 87' lang='lat' dir='ltr'>ab</span> <span class='ocrx_word' id='word_1_316' title='bbox 1186 2449 1448 2500; x_wconf 81' lang='lat' dir='ltr'>Jerusalem,</span> 
     </span>
     <span class='ocr_line' id='line_1_34' title="bbox 4 2517 1448 2584; baseline 0 -21"><span class='ocrx_word' id='word_1_317' title='bbox 4 2548 7 2584; x_wconf 37' lang='grc' dir='ltr'><em>ζ</em></span> <span class='ocrx_word' id='word_1_318' title='bbox 58 2520 160 2564; x_wconf 89' lang='lat' dir='ltr'>inde</span> <span class='ocrx_word' id='word_1_319' title='bbox 176 2520 290 2564; x_wconf 88' lang='lat' dir='ltr'>itura</span> <span class='ocrx_word' id='word_1_320' title='bbox 308 2517 496 2565; x_wconf 88' lang='lat' dir='ltr'>Ecclesia</span> <span class='ocrx_word' id='word_1_321' title='bbox 514 2534 591 2578; x_wconf 85' lang='lat' dir='ltr'>per</span> <span class='ocrx_word' id='word_1_322' title='bbox 608 2535 756 2566; x_wconf 87' lang='lat' dir='ltr'>omnes</span> <span class='ocrx_word' id='word_1_323' title='bbox 772 2521 940 2579; x_wconf 86' lang='lat' dir='ltr'>linguas</span> <span class='ocrx_word' id='word_1_324' title='bbox 955 2520 1095 2580; x_wconf 86' lang='lat' dir='ltr'>:quod</span> <span class='ocrx_word' id='word_1_325' title='bbox 1117 2520 1246 2563; x_wconf 90' lang='lat' dir='ltr'>etiam</span> <span class='ocrx_word' id='word_1_326' title='bbox 1268 2520 1448 2579; x_wconf 79' lang='lat' dir='ltr'>praesig-</span> 
     </span>
    </p>
   </div>
   <div class='ocr_carea' id='block_1_6' title="bbox 107 2605 485 2640">
    <p class='ocr_par' dir='ltr' id='par_1_6' title="bbox 107 2605 485 2640">
     <span class='ocr_line' id='line_1_35' title="bbox 107 2605 485 2640; baseline 0 -3"><span class='ocrx_word' id='word_1_327' title='bbox 107 2612 115 2626; x_wconf 95' lang='lat'><em>¹</em></span> <span class='ocrx_word' id='word_1_328' title='bbox 140 2608 211 2637; x_wconf 77' lang='lat' dir='ltr'>Act.</span> <span class='ocrx_word' id='word_1_329' title='bbox 233 2618 267 2640; x_wconf 83' lang='grc' dir='ltr'>ιι,</span> <span class='ocrx_word' id='word_1_330' title='bbox 293 2617 300 2637; x_wconf 90' lang='grc' dir='ltr'>ι</span> <span class='ocrx_word' id='word_1_331' title='bbox 326 2605 364 2636; x_wconf 77' lang='lat' dir='ltr'>ad</span> <span class='ocrx_word' id='word_1_332' title='bbox 383 2607 485 2637; x_wconf 79' lang='lat' dir='ltr'>tinctu.</span> 
     </span>
    </p>
   </div>
  </div>
 </body>
</html>
