<?xml version="1.0" encoding="UTF-8"?>
<!DOCTYPE html PUBLIC "-//W3C//DTD XHTML 1.0 Transitional//EN"
    "http://www.w3.org/TR/xhtml1/DTD/xhtml1-transitional.dtd">
<html xmlns="http://www.w3.org/1999/xhtml" xml:lang="en" lang="en">
 <head>
  <title>
</title>
<meta http-equiv="Content-Type" content="text/html;charset=utf-8" />
  <meta name='ocr-system' content='tesseract 3.04.00' />
  <meta name='ocr-capabilities' content='ocr_page ocr_carea ocr_par ocr_line ocrx_word'/>
</head>
<body>
  <div class='ocr_page' id='page_1' title='image "./operaomniaaccura32auguuoft_0096.png"; bbox 0 0 1825 3264; ppageno 0'>
   <div class='ocr_carea' id='block_1_1' title="bbox 385 236 1321 274">
    <p class='ocr_par' dir='ltr' id='par_1_1' title="bbox 385 236 1321 274">
     <span class='ocr_line' id='line_1_1' title="bbox 385 236 1321 274; baseline -0.001 -5"><span class='ocrx_word' id='word_1_1' title='bbox 385 236 438 274; x_wconf 84' lang='lat'>86</span> <span class='ocrx_word' id='word_1_2' title='bbox 807 242 839 269; x_wconf 89' lang='lat' dir='ltr'>s.</span> <span class='ocrx_word' id='word_1_3' title='bbox 877 242 1105 270; x_wconf 72' lang='lat' dir='ltr'>Aucus-rim</span> <span class='ocrx_word' id='word_1_4' title='bbox 1143 241 1321 269; x_wconf 67' lang='lat' dir='ltr'>nacon</span> 
     </span>
    </p>
   </div>
   <div class='ocr_carea' id='block_1_2' title="bbox 381 303 1777 1069">
    <p class='ocr_par' dir='ltr' id='par_1_2' title="bbox 381 303 1769 636">
     <span class='ocr_line' id='line_1_2' title="bbox 381 303 1767 365; baseline -0.006 -9"><span class='ocrx_word' id='word_1_5' title='bbox 381 312 601 357; x_wconf 82' lang='lat' dir='ltr'><strong>Christum</strong></span> <span class='ocrx_word' id='word_1_6' title='bbox 632 306 814 351; x_wconf 89' lang='lat' dir='ltr'>laudant</span> <span class='ocrx_word' id='word_1_7' title='bbox 841 315 884 350; x_wconf 91' lang='lat' dir='ltr'>et</span> <span class='ocrx_word' id='word_1_8' title='bbox 905 305 1156 365; x_wconf 80' lang='lat' dir='ltr'>praedicant.</span> <span class='ocrx_word' id='word_1_9' title='bbox 1189 306 1244 349; x_wconf 85' lang='lat' dir='ltr'>Hi</span> <span class='ocrx_word' id='word_1_10' title='bbox 1266 314 1366 349; x_wconf 91' lang='lat' dir='ltr'>sunt</span> <span class='ocrx_word' id='word_1_11' title='bbox 1397 319 1500 363; x_wconf 81' lang='lat' dir='ltr'>ergo</span> <span class='ocrx_word' id='word_1_12' title='bbox 1528 303 1583 349; x_wconf 92' lang='lat' dir='ltr'>de</span> <span class='ocrx_word' id='word_1_13' title='bbox 1604 304 1767 365; x_wconf 56' lang='lat' dir='ltr'>quibas</span> 
     </span>
     <span class='ocr_line' id='line_1_3' title="bbox 383 374 1766 440; baseline -0.003 -16"><span class='ocrx_word' id='word_1_14' title='bbox 383 383 473 440; x_wconf 86' lang='lat' dir='ltr'>ipse</span> <span class='ocrx_word' id='word_1_15' title='bbox 498 380 558 422; x_wconf 89' lang='lat' dir='ltr'>ait</span> <span class='ocrx_word' id='word_1_16' title='bbox 583 396 593 422; x_wconf 71' lang='grc' dir='ltr'>ε</span> <span class='ocrx_word' id='word_1_17' title='bbox 623 396 643 420; x_wconf 90' lang='lat'>«</span> <span class='ocrx_word' id='word_1_18' title='bbox 664 377 812 422; x_wconf 90' lang='lat' dir='ltr'>Induti</span> <span class='ocrx_word' id='word_1_19' title='bbox 832 376 1017 435; x_wconf 91' lang='lat' dir='ltr'>pellibus</span> <span class='ocrx_word' id='word_1_20' title='bbox 1045 376 1208 430; x_wconf 86' lang='lat' dir='ltr'>ovium,</span> <span class='ocrx_word' id='word_1_21' title='bbox 1233 376 1349 419; x_wconf 89' lang='lat' dir='ltr'>intus</span> <span class='ocrx_word' id='word_1_22' title='bbox 1379 384 1526 419; x_wconf 85' lang='lat' dir='ltr'>autem</span> <span class='ocrx_word' id='word_1_23' title='bbox 1554 384 1657 419; x_wconf 90' lang='lat' dir='ltr'>sunt</span> <span class='ocrx_word' id='word_1_24' title='bbox 1671 374 1766 434; x_wconf 91' lang='lat' dir='ltr'>lupi</span> 
     </span>
     <span class='ocr_line' id='line_1_4' title="bbox 381 442 1768 508; baseline -0.001 -16"><span class='ocrx_word' id='word_1_25' title='bbox 381 469 402 492; x_wconf 87' lang='lat'>»</span> <span class='ocrx_word' id='word_1_26' title='bbox 428 463 602 508; x_wconf 85' lang='lat' dir='ltr'>rapaces</span> <span class='ocrx_word' id='word_1_27' title='bbox 621 450 653 492; x_wconf 88' lang='lat'>¹.</span> <span class='ocrx_word' id='word_1_28' title='bbox 677 450 741 492; x_wconf 85' lang='lat' dir='ltr'>Ex</span> <span class='ocrx_word' id='word_1_29' title='bbox 762 447 978 492; x_wconf 88' lang='lat' dir='ltr'>fructibus</span> <span class='ocrx_word' id='word_1_30' title='bbox 998 461 1149 491; x_wconf 86' lang='lat' dir='ltr'>eorum</span> <span class='ocrx_word' id='word_1_31' title='bbox 1171 446 1438 505; x_wconf 83' lang='lat' dir='ltr'>cognoscetis</span> <span class='ocrx_word' id='word_1_32' title='bbox 1455 460 1544 490; x_wconf 89' lang='lat' dir='ltr'>eos.</span> <span class='ocrx_word' id='word_1_33' title='bbox 1573 442 1594 487; x_wconf 58' lang='grc' dir='ltr'><strong>ἡ</strong></span> <span class='ocrx_word' id='word_1_34' title='bbox 1624 446 1768 490; x_wconf 85' lang='lat' dir='ltr'>Ovina</span> 
     </span>
     <span class='ocr_line' id='line_1_5' title="bbox 381 513 1769 580; baseline -0.004 -15"><span class='ocrx_word' id='word_1_35' title='bbox 381 520 507 580; x_wconf 92' lang='lat' dir='ltr'>pellis</span> <span class='ocrx_word' id='word_1_36' title='bbox 529 528 592 563; x_wconf 89' lang='lat' dir='ltr'>est</span> <span class='ocrx_word' id='word_1_37' title='bbox 612 519 658 563; x_wconf 91' lang='lat' dir='ltr'>in</span> <span class='ocrx_word' id='word_1_38' title='bbox 681 518 841 564; x_wconf 83' lang='lat' dir='ltr'>Christi</span> <span class='ocrx_word' id='word_1_39' title='bbox 861 517 1065 562; x_wconf 88' lang='lat' dir='ltr'>laudibus</span> <span class='ocrx_word' id='word_1_40' title='bbox 1079 551 1090 573; x_wconf 93' lang='lat'>,</span> <span class='ocrx_word' id='word_1_41' title='bbox 1123 515 1299 575; x_wconf 87' lang='lat' dir='ltr'>lupinus</span> <span class='ocrx_word' id='word_1_42' title='bbox 1322 515 1492 561; x_wconf 86' lang='lat' dir='ltr'>fructus</span> <span class='ocrx_word' id='word_1_43' title='bbox 1517 516 1564 559; x_wconf 91' lang='lat' dir='ltr'>in</span> <span class='ocrx_word' id='word_1_44' title='bbox 1583 513 1769 560; x_wconf 86' lang='lat' dir='ltr'>maledi-</span> 
     </span>
     <span class='ocr_line' id='line_1_6' title="bbox 381 589 681 636; baseline -0.013 0"><span class='ocrx_word' id='word_1_45' title='bbox 381 591 442 636; x_wconf 88' lang='lat' dir='ltr'>cis</span> <span class='ocrx_word' id='word_1_46' title='bbox 461 589 681 634; x_wconf 86' lang='lat' dir='ltr'><strong>dentibus.</strong></span> 
     </span>
    </p>

    <p class='ocr_par' dir='ltr' id='par_1_3' title="bbox 381 655 1770 862">
     <span class='ocr_line' id='line_1_7' title="bbox 438 655 1770 716; baseline -0.004 -11"><span class='ocrx_word' id='word_1_47' title='bbox 438 661 607 706; x_wconf 85' lang='lat' dir='ltr'>CLXV.</span> <span class='ocrx_word' id='word_1_48' title='bbox 631 662 890 703; x_wconf 68' lang='lat' dir='ltr'>Psmmmus</span> <span class='ocrx_word' id='word_1_49' title='bbox 903 657 1013 702; x_wconf 85' lang='lat' dir='ltr'>dixit</span> <span class='ocrx_word' id='word_1_50' title='bbox 1039 675 1048 702; x_wconf 89' lang='lat'>:</span> <span class='ocrx_word' id='word_1_51' title='bbox 1075 676 1094 699; x_wconf 92' lang='lat'>«</span> <span class='ocrx_word' id='word_1_52' title='bbox 1117 658 1155 700; x_wconf 93' lang='lat' dir='ltr'>O</span> <span class='ocrx_word' id='word_1_53' title='bbox 1169 656 1312 701; x_wconf 88' lang='lat' dir='ltr'>miseri</span> <span class='ocrx_word' id='word_1_54' title='bbox 1337 655 1585 711; x_wconf 85' lang='lat' dir='ltr'>traditores,</span> <span class='ocrx_word' id='word_1_55' title='bbox 1598 655 1770 716; x_wconf 85' lang='lat' dir='ltr'>impleri</span> 
     </span>
     <span class='ocr_line' id='line_1_8' title="bbox 382 725 1767 792; baseline -0.002 -18"><span class='ocrx_word' id='word_1_56' title='bbox 382 730 560 792; x_wconf 88' lang='lat' dir='ltr'>quidem</span> <span class='ocrx_word' id='word_1_57' title='bbox 585 729 852 788; x_wconf 88' lang='lat' dir='ltr'>Scripturam</span> <span class='ocrx_word' id='word_1_58' title='bbox 878 728 937 772; x_wconf 91' lang='lat' dir='ltr'>sic</span> <span class='ocrx_word' id='word_1_59' title='bbox 970 727 1118 772; x_wconf 86' lang='lat' dir='ltr'>decuit</span> <span class='ocrx_word' id='word_1_60' title='bbox 1145 745 1154 772; x_wconf 72' lang='grc' dir='ltr'><strong><em>ι</em></strong></span> <span class='ocrx_word' id='word_1_61' title='bbox 1178 727 1253 771; x_wconf 90' lang='lat' dir='ltr'>sed</span> <span class='ocrx_word' id='word_1_62' title='bbox 1274 727 1320 771; x_wconf 91' lang='lat' dir='ltr'>in</span> <span class='ocrx_word' id='word_1_63' title='bbox 1346 726 1470 771; x_wconf 83' lang='lat' dir='ltr'>vobi-s</span> <span class='ocrx_word' id='word_1_64' title='bbox 1498 726 1583 772; x_wconf 89' lang='lat' dir='ltr'>hoc</span> <span class='ocrx_word' id='word_1_65' title='bbox 1609 725 1739 772; x_wconf 89' lang='lat' dir='ltr'>doleo</span> <span class='ocrx_word' id='word_1_66' title='bbox 1755 758 1767 782; x_wconf 91' lang='lat'>,</span> 
     </span>
     <span class='ocr_line' id='line_1_9' title="bbox 381 797 1412 862; baseline -0.007 -16"><span class='ocrx_word' id='word_1_67' title='bbox 381 800 502 862; x_wconf 92' lang='lat' dir='ltr'>quod</span> <span class='ocrx_word' id='word_1_68' title='bbox 519 809 659 859; x_wconf 89' lang='lat' dir='ltr'>partes</span> <span class='ocrx_word' id='word_1_69' title='bbox 680 799 855 844; x_wconf 83' lang='lat' dir='ltr'>malitiae</span> <span class='ocrx_word' id='word_1_70' title='bbox 868 813 945 843; x_wconf 88' lang='lat' dir='ltr'>vos</span> <span class='ocrx_word' id='word_1_71' title='bbox 957 797 1138 856; x_wconf 90' lang='lat' dir='ltr'>implere</span> <span class='ocrx_word' id='word_1_72' title='bbox 1151 797 1412 841; x_wconf 83' lang='lat' dir='ltr'>meruistis.»</span> 
     </span>
    </p>

    <p class='ocr_par' dir='ltr' id='par_1_4' title="bbox 382 866 1777 1069">
     <span class='ocr_line' id='line_1_10' title="bbox 442 866 1775 927; baseline -0.004 -11"><span class='ocrx_word' id='word_1_73' title='bbox 442 873 636 917; x_wconf 84' lang='lat' dir='ltr'>CLXVI.</span> <span class='ocrx_word' id='word_1_74' title='bbox 683 873 958 914; x_wconf 68' lang='lat' dir='ltr'>Avensa-mus</span> <span class='ocrx_word' id='word_1_75' title='bbox 980 867 1205 927; x_wconf 85' lang='lat' dir='ltr'>respondit</span> <span class='ocrx_word' id='word_1_76' title='bbox 1227 886 1235 912; x_wconf 96' lang='lat'>:</span> <span class='ocrx_word' id='word_1_77' title='bbox 1257 871 1431 912; x_wconf 89' lang='lat' dir='ltr'>Possem</span> <span class='ocrx_word' id='word_1_78' title='bbox 1455 881 1536 926; x_wconf 88' lang='lat' dir='ltr'>ego</span> <span class='ocrx_word' id='word_1_79' title='bbox 1553 867 1690 926; x_wconf 87' lang='lat' dir='ltr'>magis</span> <span class='ocrx_word' id='word_1_80' title='bbox 1709 866 1775 911; x_wconf 89' lang='lat' dir='ltr'>di-</span> 
     </span>
     <span class='ocr_line' id='line_1_11' title="bbox 382 936 1775 997; baseline -0.003 -11"><span class='ocrx_word' id='word_1_81' title='bbox 382 957 480 986; x_wconf 82' lang='lat' dir='ltr'>cere</span> <span class='ocrx_word' id='word_1_82' title='bbox 507 960 515 985; x_wconf 89' lang='lat'><strong>:</strong></span> <span class='ocrx_word' id='word_1_83' title='bbox 537 943 574 985; x_wconf 92' lang='lat' dir='ltr'>O</span> <span class='ocrx_word' id='word_1_84' title='bbox 595 941 736 984; x_wconf 89' lang='lat' dir='ltr'>miseri</span> <span class='ocrx_word' id='word_1_85' title='bbox 761 940 1014 996; x_wconf 66' lang='lat' dir='ltr'>traditores,</span> <span class='ocrx_word' id='word_1_86' title='bbox 1037 939 1071 982; x_wconf 91' lang='lat' dir='ltr'>si</span> <span class='ocrx_word' id='word_1_87' title='bbox 1093 938 1200 982; x_wconf 89' lang='lat' dir='ltr'>mihi</span> <span class='ocrx_word' id='word_1_88' title='bbox 1225 936 1431 997; x_wconf 86' lang='lat' dir='ltr'>placeret,</span> <span class='ocrx_word' id='word_1_89' title='bbox 1451 937 1541 982; x_wconf 90' lang='lat' dir='ltr'>imo</span> <span class='ocrx_word' id='word_1_90' title='bbox 1554 937 1589 981; x_wconf 86' lang='lat' dir='ltr'>si</span> <span class='ocrx_word' id='word_1_91' title='bbox 1606 937 1775 997; x_wconf 86' lang='lat' dir='ltr'>justitia</span> 
     </span>
     <span class='ocr_line' id='line_1_12' title="bbox 385 1008 1777 1069; baseline -0.003 -12"><span class='ocrx_word' id='word_1_92' title='bbox 385 1012 602 1067; x_wconf 82' lang='lat' dir='ltr'>suaderet,</span> <span class='ocrx_word' id='word_1_93' title='bbox 628 1011 830 1056; x_wconf 90' lang='lat' dir='ltr'>omnibus</span> <span class='ocrx_word' id='word_1_94' title='bbox 849 1011 971 1055; x_wconf 90' lang='lat' dir='ltr'>vobis</span> <span class='ocrx_word' id='word_1_95' title='bbox 1000 1010 1189 1069; x_wconf 87' lang='lat' dir='ltr'>objicere</span> <span class='ocrx_word' id='word_1_96' title='bbox 1213 1008 1508 1069; x_wconf 89' lang='lat' dir='ltr'>quorumdam</span> <span class='ocrx_word' id='word_1_97' title='bbox 1536 1008 1651 1054; x_wconf 84' lang='lat' dir='ltr'>facta</span> <span class='ocrx_word' id='word_1_98' title='bbox 1680 1023 1777 1054; x_wconf 88' lang='lat' dir='ltr'>ves-</span> 
     </span>
    </p>
   </div>
   <div class='ocr_carea' id='block_1_3' title="bbox 386 1084 1802 2547">
    <p class='ocr_par' dir='ltr' id='par_1_5' title="bbox 386 1084 1779 1354">
     <span class='ocr_line' id='line_1_13' title="bbox 386 1084 1776 1145; baseline -0.004 -12"><span class='ocrx_word' id='word_1_99' title='bbox 386 1099 570 1133; x_wconf 83' lang='lat' dir='ltr'>trorum.</span> <span class='ocrx_word' id='word_1_100' title='bbox 598 1087 728 1141; x_wconf 89' lang='lat' dir='ltr'>Quod</span> <span class='ocrx_word' id='word_1_101' title='bbox 749 1101 852 1145; x_wconf 85' lang='lat' dir='ltr'>ergo</span> <span class='ocrx_word' id='word_1_102' title='bbox 884 1085 940 1129; x_wconf 88' lang='lat' dir='ltr'>ad</span> <span class='ocrx_word' id='word_1_103' title='bbox 962 1100 1112 1130; x_wconf 90' lang='lat' dir='ltr'>omncs</span> <span class='ocrx_word' id='word_1_104' title='bbox 1133 1099 1209 1129; x_wconf 85' lang='lat' dir='ltr'>vos</span> <span class='ocrx_word' id='word_1_105' title='bbox 1229 1084 1434 1143; x_wconf 81' lang='lat' dir='ltr'>pertinet,</span> <span class='ocrx_word' id='word_1_106' title='bbox 1459 1085 1497 1128; x_wconf 92' lang='lat' dir='ltr'>O</span> <span class='ocrx_word' id='word_1_107' title='bbox 1517 1084 1661 1128; x_wconf 87' lang='lat' dir='ltr'>miseri</span> <span class='ocrx_word' id='word_1_108' title='bbox 1682 1084 1776 1128; x_wconf 86' lang='lat' dir='ltr'>hae-</span> 
     </span>
     <span class='ocr_line' id='line_1_14' title="bbox 388 1154 1778 1215; baseline -0.001 -13"><span class='ocrx_word' id='word_1_109' title='bbox 388 1159 508 1202; x_wconf 89' lang='lat' dir='ltr'>retici</span> <span class='ocrx_word' id='word_1_110' title='bbox 534 1176 542 1201; x_wconf 91' lang='lat'>:</span> <span class='ocrx_word' id='word_1_111' title='bbox 574 1165 730 1201; x_wconf 80' lang='lat' dir='ltr'>caetera</span> <span class='ocrx_word' id='word_1_112' title='bbox 749 1157 839 1215; x_wconf 84' lang='lat' dir='ltr'>jam</span> <span class='ocrx_word' id='word_1_113' title='bbox 860 1155 992 1199; x_wconf 85' lang='lat' dir='ltr'>verba</span> <span class='ocrx_word' id='word_1_114' title='bbox 1011 1163 1084 1198; x_wconf 87' lang='lat' dir='ltr'>tua</span> <span class='ocrx_word' id='word_1_115' title='bbox 1115 1168 1196 1213; x_wconf 82' lang='lat' dir='ltr'>ego</span> <span class='ocrx_word' id='word_1_116' title='bbox 1218 1154 1398 1198; x_wconf 86' lang='lat' dir='ltr'>dixerim</span> <span class='ocrx_word' id='word_1_117' title='bbox 1426 1174 1437 1212; x_wconf 82' lang='lat'><em>3</em></span> <span class='ocrx_word' id='word_1_118' title='bbox 1471 1154 1682 1214; x_wconf 87' lang='lat' dir='ltr'>scriptum</span> <span class='ocrx_word' id='word_1_119' title='bbox 1713 1162 1778 1200; x_wconf 90' lang='lat' dir='ltr'>est</span> 
     </span>
     <span class='ocr_line' id='line_1_15' title="bbox 389 1223 1779 1286; baseline -0.002 -14"><span class='ocrx_word' id='word_1_120' title='bbox 389 1229 527 1273; x_wconf 84' lang='lat' dir='ltr'>enim:</span> <span class='ocrx_word' id='word_1_121' title='bbox 547 1247 568 1270; x_wconf 91' lang='lat'>«</span> <span class='ocrx_word' id='word_1_122' title='bbox 587 1229 770 1286; x_wconf 88' lang='lat' dir='ltr'>Oportet</span> <span class='ocrx_word' id='word_1_123' title='bbox 784 1236 827 1270; x_wconf 88' lang='lat' dir='ltr'>et</span> <span class='ocrx_word' id='word_1_124' title='bbox 841 1227 1022 1269; x_wconf 88' lang='lat' dir='ltr'>haereses</span> <span class='ocrx_word' id='word_1_125' title='bbox 1044 1240 1149 1279; x_wconf 91' lang='lat' dir='ltr'>esse,</span> <span class='ocrx_word' id='word_1_126' title='bbox 1178 1234 1227 1268; x_wconf 92' lang='lat' dir='ltr'>ut</span> <span class='ocrx_word' id='word_1_127' title='bbox 1242 1224 1415 1283; x_wconf 86' lang='lat' dir='ltr'>probati</span> <span class='ocrx_word' id='word_1_128' title='bbox 1437 1223 1655 1270; x_wconf 87' lang='lat' dir='ltr'>manifesti</span> <span class='ocrx_word' id='word_1_129' title='bbox 1669 1225 1779 1269; x_wconf 88' lang='lat' dir='ltr'>fiant</span> 
     </span>
     <span class='ocr_line' id='line_1_16' title="bbox 391 1293 1779 1354; baseline -0.001 -15"><span class='ocrx_word' id='word_1_130' title='bbox 391 1317 411 1339; x_wconf 92' lang='lat'>»</span> <span class='ocrx_word' id='word_1_131' title='bbox 449 1299 649 1341; x_wconf 86' lang='lat' dir='ltr'>intervos</span> <span class='ocrx_word' id='word_1_132' title='bbox 672 1299 704 1339; x_wconf 81' lang='lat'>².</span> <span class='ocrx_word' id='word_1_133' title='bbox 733 1314 752 1337; x_wconf 87' lang='lat'>»</span> <span class='ocrx_word' id='word_1_134' title='bbox 772 1295 948 1354; x_wconf 91' lang='lat' dir='ltr'>Impleri</span> <span class='ocrx_word' id='word_1_135' title='bbox 965 1310 1068 1353; x_wconf 87' lang='lat' dir='ltr'>ergo</span> <span class='ocrx_word' id='word_1_136' title='bbox 1089 1295 1354 1353; x_wconf 84' lang='lat' dir='ltr'>Scripturam</span> <span class='ocrx_word' id='word_1_137' title='bbox 1377 1294 1437 1338; x_wconf 90' lang='lat' dir='ltr'>sic</span> <span class='ocrx_word' id='word_1_138' title='bbox 1449 1295 1648 1353; x_wconf 90' lang='lat' dir='ltr'>oportuit</span> <span class='ocrx_word' id='word_1_139' title='bbox 1675 1293 1779 1339; x_wconf 85' lang='lat' dir='ltr'>:sed</span> 
     </span>
    </p>

    <p class='ocr_par' dir='ltr' id='par_1_6' title="bbox 397 1364 1795 1488">
     <span class='ocr_line' id='line_1_17' title="bbox 415 1364 1779 1424; baseline -0.004 -11"><span class='ocrx_word' id='word_1_140' title='bbox 415 1384 441 1413; x_wconf 88' lang='grc' dir='ltr'>ιι</span> <span class='ocrx_word' id='word_1_141' title='bbox 465 1367 588 1412; x_wconf 88' lang='lat' dir='ltr'>vobis</span> <span class='ocrx_word' id='word_1_142' title='bbox 604 1368 687 1411; x_wconf 91' lang='lat' dir='ltr'>hoc</span> <span class='ocrx_word' id='word_1_143' title='bbox 710 1365 854 1421; x_wconf 80' lang='lat' dir='ltr'>doleo,</span> <span class='ocrx_word' id='word_1_144' title='bbox 886 1364 1006 1424; x_wconf 91' lang='lat' dir='ltr'>quod</span> <span class='ocrx_word' id='word_1_145' title='bbox 1027 1373 1168 1424; x_wconf 87' lang='lat' dir='ltr'>partes</span> <span class='ocrx_word' id='word_1_146' title='bbox 1190 1364 1365 1409; x_wconf 82' lang='lat' dir='ltr'>malitiae</span> <span class='ocrx_word' id='word_1_147' title='bbox 1386 1364 1566 1424; x_wconf 88' lang='lat' dir='ltr'>implere</span> <span class='ocrx_word' id='word_1_148' title='bbox 1587 1380 1663 1410; x_wconf 86' lang='lat' dir='ltr'>vos</span> <span class='ocrx_word' id='word_1_149' title='bbox 1685 1379 1779 1408; x_wconf 89' lang='lat' dir='ltr'>me-</span> 
     </span>
     <span class='ocr_line' id='line_1_18' title="bbox 397 1438 1795 1488; baseline -0.002 -6"><span class='ocrx_word' id='word_1_150' title='bbox 397 1438 552 1488; x_wconf 57' lang='lat' dir='ltr'>luistis.</span> <span class='ocrx_word' id='word_1_151' title='bbox 1776 1446 1795 1461; x_wconf 62' lang='lat'><em>*</em></span> 
     </span>
    </p>

    <p class='ocr_par' dir='ltr' id='par_1_7' title="bbox 393 1504 1802 1903">
     <span class='ocr_line' id='line_1_19' title="bbox 453 1504 1800 1552; baseline -0.002 -1"><span class='ocrx_word' id='word_1_152' title='bbox 453 1509 670 1552; x_wconf 88' lang='lat' dir='ltr'>CLXVII.</span> <span class='ocrx_word' id='word_1_153' title='bbox 711 1509 974 1550; x_wconf 65' lang='lat' dir='ltr'>Pia-numus</span> <span class='ocrx_word' id='word_1_154' title='bbox 997 1504 1106 1548; x_wconf 80' lang='lat' dir='ltr'>dixit</span> <span class='ocrx_word' id='word_1_155' title='bbox 1131 1523 1139 1548; x_wconf 80' lang='lat'>2</span> <span class='ocrx_word' id='word_1_156' title='bbox 1167 1523 1187 1546; x_wconf 88' lang='lat'>«</span> <span class='ocrx_word' id='word_1_157' title='bbox 1217 1504 1351 1549; x_wconf 90' lang='lat' dir='ltr'>Nobis</span> <span class='ocrx_word' id='word_1_158' title='bbox 1389 1513 1533 1548; x_wconf 87' lang='lat' dir='ltr'>autem</span> <span class='ocrx_word' id='word_1_159' title='bbox 1571 1504 1800 1549; x_wconf 86' lang='lat' dir='ltr'>Dominus.</span> 
     </span>
     <span class='ocr_line' id='line_1_20' title="bbox 393 1574 1779 1635; baseline -0.001 -13"><span class='ocrx_word' id='word_1_160' title='bbox 393 1579 589 1623; x_wconf 88' lang='lat' dir='ltr'>Christus</span> <span class='ocrx_word' id='word_1_161' title='bbox 611 1586 760 1621; x_wconf 90' lang='lat' dir='ltr'>contra</span> <span class='ocrx_word' id='word_1_162' title='bbox 788 1586 928 1621; x_wconf 87' lang='lat' dir='ltr'>vestra</span> <span class='ocrx_word' id='word_1_163' title='bbox 945 1575 1089 1620; x_wconf 87' lang='lat' dir='ltr'>feralia</span> <span class='ocrx_word' id='word_1_164' title='bbox 1117 1575 1366 1634; x_wconf 85' lang='lat' dir='ltr'>patientiam</span> <span class='ocrx_word' id='word_1_165' title='bbox 1383 1574 1627 1635; x_wconf 88' lang='lat' dir='ltr'>simplicem</span> <span class='ocrx_word' id='word_1_166' title='bbox 1648 1577 1779 1620; x_wconf 91' lang='lat' dir='ltr'>inno-</span> 
     </span>
     <span class='ocr_line' id='line_1_21' title="bbox 396 1645 1783 1707; baseline -0.001 -15"><span class='ocrx_word' id='word_1_167' title='bbox 396 1648 670 1707; x_wconf 88' lang='lat' dir='ltr'>centiamque</span> <span class='ocrx_word' id='word_1_168' title='bbox 702 1646 937 1691; x_wconf 86' lang='lat' dir='ltr'>mandavit.</span> <span class='ocrx_word' id='word_1_169' title='bbox 973 1647 1091 1700; x_wconf 87' lang='lat' dir='ltr'>Quid</span> <span class='ocrx_word' id='word_1_170' title='bbox 1125 1647 1241 1689; x_wconf 91' lang='lat' dir='ltr'>enim</span> <span class='ocrx_word' id='word_1_171' title='bbox 1282 1645 1388 1690; x_wconf 91' lang='lat' dir='ltr'>dicit</span> <span class='ocrx_word' id='word_1_172' title='bbox 1409 1648 1427 1688; x_wconf 75' lang='lat'>⁴?</span> <span class='ocrx_word' id='word_1_173' title='bbox 1467 1665 1486 1688; x_wconf 93' lang='lat'>«</span> <span class='ocrx_word' id='word_1_174' title='bbox 1524 1646 1783 1691; x_wconf 88' lang='lat' dir='ltr'>Mandatum</span> 
     </span>
     <span class='ocr_line' id='line_1_22' title="bbox 400 1715 1802 1776; baseline -0.001 -16"><span class='ocrx_word' id='word_1_175' title='bbox 400 1739 418 1760; x_wconf 84' lang='lat'>»</span> <span class='ocrx_word' id='word_1_176' title='bbox 453 1734 616 1763; x_wconf 90' lang='lat' dir='ltr'>novum</span> <span class='ocrx_word' id='word_1_177' title='bbox 642 1718 699 1762; x_wconf 91' lang='lat' dir='ltr'>do</span> <span class='ocrx_word' id='word_1_178' title='bbox 731 1719 869 1772; x_wconf 88' lang='lat' dir='ltr'>vobis,</span> <span class='ocrx_word' id='word_1_179' title='bbox 896 1727 944 1761; x_wconf 88' lang='lat' dir='ltr'>ut</span> <span class='ocrx_word' id='word_1_180' title='bbox 966 1716 1153 1776; x_wconf 84' lang='lat' dir='ltr'>diligatis</span> <span class='ocrx_word' id='word_1_181' title='bbox 1169 1717 1372 1771; x_wconf 86' lang='lat' dir='ltr'>invicem,</span> <span class='ocrx_word' id='word_1_182' title='bbox 1400 1716 1625 1776; x_wconf 88' lang='lat' dir='ltr'>quomodo</span> <span class='ocrx_word' id='word_1_183' title='bbox 1652 1715 1802 1761; x_wconf 68' lang='lat' dir='ltr'>dilexi:</span> 
     </span>
     <span class='ocr_line' id='line_1_23' title="bbox 401 1787 1801 1848; baseline 0.001 -18"><span class='ocrx_word' id='word_1_184' title='bbox 401 1809 418 1830; x_wconf 94' lang='lat'>»</span> <span class='ocrx_word' id='word_1_185' title='bbox 455 1804 545 1833; x_wconf 90' lang='lat' dir='ltr'>vos.</span> <span class='ocrx_word' id='word_1_186' title='bbox 573 1792 630 1832; x_wconf 90' lang='lat' dir='ltr'>Et</span> <span class='ocrx_word' id='word_1_187' title='bbox 649 1790 695 1832; x_wconf 91' lang='lat' dir='ltr'>in</span> <span class='ocrx_word' id='word_1_188' title='bbox 717 1789 799 1833; x_wconf 92' lang='lat' dir='ltr'>hoc</span> <span class='ocrx_word' id='word_1_189' title='bbox 822 1789 957 1832; x_wconf 87' lang='lat' dir='ltr'>scient</span> <span class='ocrx_word' id='word_1_190' title='bbox 978 1803 1128 1832; x_wconf 90' lang='lat' dir='ltr'>omnes</span> <span class='ocrx_word' id='word_1_191' title='bbox 1149 1788 1253 1847; x_wconf 89' lang='lat' dir='ltr'>quia</span> <span class='ocrx_word' id='word_1_192' title='bbox 1279 1788 1364 1831; x_wconf 92' lang='lat' dir='ltr'>mei</span> <span class='ocrx_word' id='word_1_193' title='bbox 1383 1788 1584 1848; x_wconf 89' lang='lat' dir='ltr'>discipuli</span> <span class='ocrx_word' id='word_1_194' title='bbox 1606 1788 1722 1843; x_wconf 88' lang='lat' dir='ltr'>estis,</span> <span class='ocrx_word' id='word_1_195' title='bbox 1749 1787 1801 1832; x_wconf 74' lang='grc' dir='ltr'>εἰ·</span> 
     </span>
     <span class='ocr_line' id='line_1_24' title="bbox 397 1859 1371 1903; baseline -0.001 -3"><span class='ocrx_word' id='word_1_196' title='bbox 397 1877 418 1900; x_wconf 88' lang='lat'>»</span> <span class='ocrx_word' id='word_1_197' title='bbox 454 1859 732 1903; x_wconf 88' lang='lat' dir='ltr'>dilectionem</span> <span class='ocrx_word' id='word_1_198' title='bbox 750 1859 990 1903; x_wconf 85' lang='lat' dir='ltr'>habueritis</span> <span class='ocrx_word' id='word_1_199' title='bbox 1011 1859 1056 1902; x_wconf 91' lang='lat' dir='ltr'>in</span> <span class='ocrx_word' id='word_1_200' title='bbox 1085 1859 1273 1902; x_wconf 89' lang='lat' dir='ltr'>invicem</span> <span class='ocrx_word' id='word_1_201' title='bbox 1291 1859 1322 1901; x_wconf 82' lang='lat'>³.</span> <span class='ocrx_word' id='word_1_202' title='bbox 1352 1877 1371 1899; x_wconf 90' lang='lat'>»</span> 
     </span>
    </p>

    <p class='ocr_par' dir='ltr' id='par_1_8' title="bbox 390 1928 1784 2129">
     <span class='ocr_line' id='line_1_25' title="bbox 450 1928 1784 1987; baseline 0 -13"><span class='ocrx_word' id='word_1_203' title='bbox 450 1931 690 1974; x_wconf 83' lang='lat' dir='ltr'>CLXVIII.</span> <span class='ocrx_word' id='word_1_204' title='bbox 738 1933 1016 1974; x_wconf 68' lang='lat' dir='ltr'>Anausnnus</span> <span class='ocrx_word' id='word_1_205' title='bbox 1061 1928 1284 1987; x_wconf 84' lang='lat' dir='ltr'>respondit</span> <span class='ocrx_word' id='word_1_206' title='bbox 1325 1948 1333 1972; x_wconf 88' lang='lat'>:</span> <span class='ocrx_word' id='word_1_207' title='bbox 1381 1928 1470 1973; x_wconf 87' lang='lat' dir='ltr'>Nisi</span> <span class='ocrx_word' id='word_1_208' title='bbox 1513 1928 1607 1973; x_wconf 86' lang='lat' dir='ltr'>haec</span> <span class='ocrx_word' id='word_1_209' title='bbox 1651 1928 1784 1974; x_wconf 85' lang='lat' dir='ltr'>verba</span> 
     </span>
     <span class='ocr_line' id='line_1_26' title="bbox 390 1999 1784 2059; baseline 0.001 -17"><span class='ocrx_word' id='word_1_210' title='bbox 390 1999 521 2058; x_wconf 85' lang='lat' dir='ltr'>longe</span> <span class='ocrx_word' id='word_1_211' title='bbox 532 2000 713 2043; x_wconf 88' lang='lat' dir='ltr'>avestris</span> <span class='ocrx_word' id='word_1_212' title='bbox 724 2001 916 2044; x_wconf 88' lang='lat' dir='ltr'>moribus</span> <span class='ocrx_word' id='word_1_213' title='bbox 932 1999 1071 2043; x_wconf 88' lang='lat' dir='ltr'>aliena</span> <span class='ocrx_word' id='word_1_214' title='bbox 1087 1999 1133 2042; x_wconf 90' lang='lat' dir='ltr'>in</span> <span class='ocrx_word' id='word_1_215' title='bbox 1147 1999 1354 2043; x_wconf 83' lang='lat' dir='ltr'>sermonis</span> <span class='ocrx_word' id='word_1_216' title='bbox 1368 2002 1497 2044; x_wconf 85' lang='lat' dir='ltr'>vestri</span> <span class='ocrx_word' id='word_1_217' title='bbox 1510 1999 1784 2059; x_wconf 87' lang='lat' dir='ltr'>superficiem</span> 
     </span>
     <span class='ocr_line' id='line_1_27' title="bbox 394 2069 1569 2129; baseline 0.001 -16"><span class='ocrx_word' id='word_1_218' title='bbox 394 2070 699 2126; x_wconf 76' lang='lat' dir='ltr'>transferretis,</span> <span class='ocrx_word' id='word_1_219' title='bbox 720 2070 943 2129; x_wconf 88' lang='lat' dir='ltr'>quomodo</span> <span class='ocrx_word' id='word_1_220' title='bbox 961 2085 1035 2114; x_wconf 91' lang='lat' dir='ltr'>vos</span> <span class='ocrx_word' id='word_1_221' title='bbox 1054 2070 1180 2113; x_wconf 91' lang='lat' dir='ltr'>ovina</span> <span class='ocrx_word' id='word_1_222' title='bbox 1198 2069 1313 2128; x_wconf 90' lang='lat' dir='ltr'>pelle</span> <span class='ocrx_word' id='word_1_223' title='bbox 1336 2070 1532 2128; x_wconf 86' lang='lat' dir='ltr'>tegeretis</span> <span class='ocrx_word' id='word_1_224' title='bbox 1551 2072 1569 2114; x_wconf 79' lang='lat' dir='ltr'>P</span> 
     </span>
    </p>

    <p class='ocr_par' dir='ltr' id='par_1_9' title="bbox 389 2137 1784 2547">
     <span class='ocr_line' id='line_1_28' title="bbox 449 2137 1781 2198; baseline 0.002 -17"><span class='ocrx_word' id='word_1_225' title='bbox 449 2140 644 2182; x_wconf 81' lang='lat' dir='ltr'>CLXIX.</span> <span class='ocrx_word' id='word_1_226' title='bbox 673 2142 932 2183; x_wconf 61' lang='lat' dir='ltr'>Pmmmns</span> <span class='ocrx_word' id='word_1_227' title='bbox 954 2139 1063 2182; x_wconf 88' lang='lat' dir='ltr'>dixit</span> <span class='ocrx_word' id='word_1_228' title='bbox 1083 2157 1092 2182; x_wconf 73' lang='grc' dir='ltr'>ε</span> <span class='ocrx_word' id='word_1_229' title='bbox 1114 2157 1133 2179; x_wconf 89' lang='lat'>«</span> <span class='ocrx_word' id='word_1_230' title='bbox 1163 2138 1321 2183; x_wconf 90' lang='lat' dir='ltr'>Paulus</span> <span class='ocrx_word' id='word_1_231' title='bbox 1343 2154 1521 2198; x_wconf 89' lang='lat' dir='ltr'>quoque</span> <span class='ocrx_word' id='word_1_232' title='bbox 1543 2137 1781 2198; x_wconf 89' lang='lat' dir='ltr'>apostolus,</span> 
     </span>
     <span class='ocr_line' id='line_1_29' title="bbox 389 2208 1784 2267; baseline 0.001 -17"><span class='ocrx_word' id='word_1_233' title='bbox 389 2222 490 2250; x_wconf 89' lang='lat' dir='ltr'>cum</span> <span class='ocrx_word' id='word_1_234' title='bbox 513 2208 832 2265; x_wconf 85' lang='lat' dir='ltr'>persecutiones</span> <span class='ocrx_word' id='word_1_235' title='bbox 861 2208 1090 2251; x_wconf 87' lang='lat' dir='ltr'>immensas</span> <span class='ocrx_word' id='word_1_236' title='bbox 1108 2208 1163 2252; x_wconf 90' lang='lat' dir='ltr'>ab</span> <span class='ocrx_word' id='word_1_237' title='bbox 1183 2208 1386 2252; x_wconf 89' lang='lat' dir='ltr'>omnibus</span> <span class='ocrx_word' id='word_1_238' title='bbox 1418 2208 1624 2266; x_wconf 81' lang='lat' dir='ltr'>gentibus</span> <span class='ocrx_word' id='word_1_239' title='bbox 1660 2217 1784 2267; x_wconf 84' lang='lat' dir='ltr'>pate—</span> 
     </span>
     <span class='ocr_line' id='line_1_30' title="bbox 392 2276 1784 2338; baseline 0.003 -19"><span class='ocrx_word' id='word_1_240' title='bbox 392 2285 527 2330; x_wconf 83' lang='lat' dir='ltr'>retur,</span> <span class='ocrx_word' id='word_1_241' title='bbox 554 2293 575 2320; x_wconf 89' lang='lat' dir='ltr'>a</span> <span class='ocrx_word' id='word_1_242' title='bbox 598 2276 712 2320; x_wconf 82' lang='lat' dir='ltr'>falsis</span> <span class='ocrx_word' id='word_1_243' title='bbox 728 2276 936 2320; x_wconf 84' lang='lat' dir='ltr'>fratribus</span> <span class='ocrx_word' id='word_1_244' title='bbox 967 2276 1144 2335; x_wconf 90' lang='lat' dir='ltr'>pertulit</span> <span class='ocrx_word' id='word_1_245' title='bbox 1162 2278 1394 2336; x_wconf 86' lang='lat' dir='ltr'>graviores,</span> <span class='ocrx_word' id='word_1_246' title='bbox 1417 2278 1530 2322; x_wconf 88' lang='lat' dir='ltr'>sicut</span> <span class='ocrx_word' id='word_1_247' title='bbox 1548 2277 1604 2323; x_wconf 89' lang='lat' dir='ltr'>de</span> <span class='ocrx_word' id='word_1_248' title='bbox 1628 2293 1674 2322; x_wconf 89' lang='lat' dir='ltr'>se</span> <span class='ocrx_word' id='word_1_249' title='bbox 1694 2279 1784 2338; x_wconf 86' lang='lat' dir='ltr'>ipse</span> 
     </span>
     <span class='ocr_line' id='line_1_31' title="bbox 393 2346 1783 2407; baseline 0.001 -17"><span class='ocrx_word' id='word_1_250' title='bbox 393 2354 591 2401; x_wconf 84' lang='lat' dir='ltr'>testatur,</span> <span class='ocrx_word' id='word_1_251' title='bbox 616 2346 868 2406; x_wconf 88' lang='lat' dir='ltr'>frequenter</span> <span class='ocrx_word' id='word_1_252' title='bbox 889 2347 1090 2401; x_wconf 83' lang='lat' dir='ltr'>afflictus,</span> <span class='ocrx_word' id='word_1_253' title='bbox 1115 2346 1314 2405; x_wconf 89' lang='lat' dir='ltr'>periculis</span> <span class='ocrx_word' id='word_1_254' title='bbox 1337 2362 1388 2391; x_wconf 86' lang='lat' dir='ltr'>ex</span> <span class='ocrx_word' id='word_1_255' title='bbox 1411 2348 1616 2406; x_wconf 85' lang='lat' dir='ltr'>gentibus</span> <span class='ocrx_word' id='word_1_256' title='bbox 1634 2383 1645 2403; x_wconf 92' lang='lat'>‚</span> <span class='ocrx_word' id='word_1_257' title='bbox 1668 2349 1783 2407; x_wconf 89' lang='lat' dir='ltr'>peri-</span> 
     </span>
     <span class='ocr_line' id='line_1_32' title="bbox 393 2415 1783 2478; baseline 0.002 -19"><span class='ocrx_word' id='word_1_258' title='bbox 393 2416 501 2460; x_wconf 85' lang='lat' dir='ltr'>culis</span> <span class='ocrx_word' id='word_1_259' title='bbox 524 2432 574 2460; x_wconf 90' lang='lat' dir='ltr'>ex</span> <span class='ocrx_word' id='word_1_260' title='bbox 596 2431 767 2475; x_wconf 83' lang='lat' dir='ltr'>genere,</span> <span class='ocrx_word' id='word_1_261' title='bbox 788 2416 989 2476; x_wconf 83' lang='lat' dir='ltr'>periculis</span> <span class='ocrx_word' id='word_1_262' title='bbox 1008 2432 1031 2460; x_wconf 91' lang='lat' dir='ltr'>a</span> <span class='ocrx_word' id='word_1_263' title='bbox 1049 2416 1165 2461; x_wconf 88' lang='lat' dir='ltr'>falsis</span> <span class='ocrx_word' id='word_1_264' title='bbox 1186 2415 1407 2461; x_wconf 87' lang='lat' dir='ltr'>fratribus.</span> <span class='ocrx_word' id='word_1_265' title='bbox 1431 2419 1605 2478; x_wconf 86' lang='lat' dir='ltr'>Quique</span> <span class='ocrx_word' id='word_1_266' title='bbox 1622 2418 1783 2462; x_wconf 88' lang='lat' dir='ltr'>iterum</span> 
     </span>
     <span class='ocr_line' id='line_1_33' title="bbox 391 2483 1779 2547; baseline 0.004 -19"><span class='ocrx_word' id='word_1_267' title='bbox 391 2483 521 2529; x_wconf 90' lang='lat' dir='ltr'>dicit:</span> <span class='ocrx_word' id='word_1_268' title='bbox 543 2504 562 2527; x_wconf 92' lang='lat'>«</span> <span class='ocrx_word' id='word_1_269' title='bbox 582 2487 823 2532; x_wconf 88' lang='lat' dir='ltr'>Imitatores</span> <span class='ocrx_word' id='word_1_270' title='bbox 846 2487 930 2530; x_wconf 90' lang='lat' dir='ltr'>mei</span> <span class='ocrx_word' id='word_1_271' title='bbox 947 2495 1100 2542; x_wconf 90' lang='lat' dir='ltr'>estote,</span> <span class='ocrx_word' id='word_1_272' title='bbox 1119 2487 1230 2532; x_wconf 89' lang='lat' dir='ltr'>sicut</span> <span class='ocrx_word' id='word_1_273' title='bbox 1251 2496 1294 2532; x_wconf 91' lang='lat' dir='ltr'>et</span> <span class='ocrx_word' id='word_1_274' title='bbox 1313 2502 1394 2547; x_wconf 85' lang='lat' dir='ltr'>ego</span> <span class='ocrx_word' id='word_1_275' title='bbox 1411 2488 1614 2534; x_wconf 78' lang='lat' dir='ltr'>Christi⁴.</span> <span class='ocrx_word' id='word_1_276' title='bbox 1631 2489 1779 2533; x_wconf 80' lang='lat' dir='ltr'>»Cum</span> 
     </span>
    </p>
   </div>
   <div class='ocr_carea' id='block_1_4' title="bbox 438 2561 1774 2614">
    <p class='ocr_par' dir='ltr' id='par_1_10' title="bbox 438 2561 1774 2614">
     <span class='ocr_line' id='line_1_34' title="bbox 438 2561 1774 2614; baseline 0.002 -13"><span class='ocrx_word' id='word_1_277' title='bbox 438 2575 447 2590; x_wconf 86' lang='lat'>¹</span> <span class='ocrx_word' id='word_1_278' title='bbox 467 2570 586 2602; x_wconf 83' lang='lat' dir='ltr'>Matth.</span> <span class='ocrx_word' id='word_1_279' title='bbox 607 2581 665 2610; x_wconf 84' lang='lat' dir='ltr'>vu,</span> <span class='ocrx_word' id='word_1_280' title='bbox 680 2571 730 2604; x_wconf 88' lang='lat'>15.</span> <span class='ocrx_word' id='word_1_281' title='bbox 748 2588 788 2595; x_wconf 90' lang='lat'>—</span> <span class='ocrx_word' id='word_1_282' title='bbox 804 2578 816 2595; x_wconf 89' lang='lat'>²</span> <span class='ocrx_word' id='word_1_283' title='bbox 835 2582 844 2603; x_wconf 86' lang='lat'>1</span> <span class='ocrx_word' id='word_1_284' title='bbox 866 2573 939 2604; x_wconf 87' lang='lat' dir='ltr'>Cor.</span> <span class='ocrx_word' id='word_1_285' title='bbox 956 2582 999 2613; x_wconf 80' lang='lat' dir='ltr'>xi,</span> <span class='ocrx_word' id='word_1_286' title='bbox 1023 2570 1263 2613; x_wconf 78' lang='lat' dir='ltr'>19.—3Joan.</span> <span class='ocrx_word' id='word_1_287' title='bbox 1283 2582 1350 2614; x_wconf 82' lang='lat' dir='ltr'>nu,</span> <span class='ocrx_word' id='word_1_288' title='bbox 1371 2570 1504 2613; x_wconf 67' lang='grc'>34.-4</span> <span class='ocrx_word' id='word_1_289' title='bbox 1528 2583 1541 2605; x_wconf 87' lang='grc' dir='ltr'><strong>ι</strong></span> <span class='ocrx_word' id='word_1_290' title='bbox 1561 2574 1636 2606; x_wconf 83' lang='lat' dir='ltr'>Cor.</span> <span class='ocrx_word' id='word_1_291' title='bbox 1654 2561 1774 2614; x_wconf 74' lang='lat'>¹1,&#39;26.</span> 
     </span>
    </p>
   </div>
   <div class='ocr_carea' id='block_1_5' title="bbox 1789 0 1825 3264">
    <p class='ocr_par' dir='ltr' id='par_1_11' title="bbox 1789 0 1825 3264">
     <span class='ocr_line' id='line_1_35' title="bbox 1789 0 1825 3264; baseline 0 0"><span class='ocrx_word' id='word_1_292' title='bbox 1789 0 1825 3264; x_wconf 95' lang='lat' dir='ltr'> </span> 
     </span>
    </p>
   </div>
  </div>
 </body>
</html>
