1825 3264
340 233 424 274 366
771 241 806 271 s.
843 242 1072 273 Anausnm
1105 245 1286 274 muscom

336 311 565 365 cultorem,
587 309 748 370 inquis,
779 319 951 355 tantum
979 310 1059 355 tibi
1081 309 1222 370 placet
1239 312 1450 371 excipere,
1475 312 1584 373 quid
1606 313 1718 358 illud

335 380 391 425 de
405 396 493 441 quo
507 379 682 436 dicitur,
696 379 806 426 Nolo
819 380 963 426 oleum
973 382 1208 441 peccatoris
1221 391 1528 442 unguatcaput
1540 399 1688 428 meum
1704 403 1713 429 :

335 461 564 496 utrum-ne
593 461 636 496 et
656 453 727 497 hie
750 462 949 513 peccator
966 452 1038 497 ille
1061 451 1175 497 solus
1193 461 1277 508 est,
1303 453 1380 514 qui
1400 452 1567 498 idolum
1587 455 1713 511 colit,

335 539 390 568 an
404 524 599 584 quisquis
612 523 733 584 quod
749 540 836 570 non
851 524 954 570 licet
969 524 1186 569 admittit?
1197 523 1327 577 Quod
1337 525 1371 568 si
1388 533 1431 570 et
1444 535 1718 585 peccatorem

334 602 506 639 tantum
517 594 729 640 cultorem
739 594 844 640 idoli
854 605 994 656 putas,
1006 595 1276 641 Christianus
1289 611 1392 655 ergo
1405 595 1557 656 siquid
1566 605 1715 641 contra

332 665 472 725 legem
488 667 676 725 gesserit,
694 681 891 727 peccasse
904 683 992 712 non
1002 667 1324 720 dicituri‘Quod
1333 667 1366 711 si
1380 667 1489 711 nihil
1504 668 1591 712 dici
1604 667 1716 713 stul-

332 737 416 781 tius
453 753 533 782 nec
555 738 782 784 absurdius
805 747 968 799 potest,
995 747 1140 798 aperte
1161 737 1421 798 praedictum
1443 748 1528 794 est,
1554 748 1604 784 ut
1626 755 1717 784 non

330 807 444 853 solus
462 808 567 853 idoli
590 809 747 864 cultor,
761 808 835 853 sed
852 809 1045 869 quisquis
1060 818 1262 868 peccator
1274 809 1388 853 inter
1402 824 1552 853 omnes
1569 809 1714 854 homi-

328 893 419 934 nes,
444 877 591 935 fuerit,
611 881 682 940 jus
698 880 780 924 sibi
799 879 1066 939 baptismatis
1082 894 1171 924 non
1193 888 1393 938 usurpet.
1424 898 1443 921 »
1471 881 1575 924 Haec
1599 887 1716 924 certe

331 940 430 1010 quae
445 950 606 994 inserui
617 951 749 995 verba
761 960 835 995 tua
848 960 962 995 sunt.
983 953 1077 1009 Ego
1093 950 1306 995 cultorem
1320 949 1427 994 idoli
1442 966 1531 995 non
1547 952 1712 1010 excepi,

259 1022 262 1025 ’
330 1020 406 1064 sed
426 1021 540 1079 ipsos
562 1020 665 1066 deos
687 1036 839 1066 eorum
860 1030 1055 1065 mortuos
1078 1036 1167 1065 esse
1190 1020 1302 1076 dixi,
1332 1036 1522 1080 quorum
1544 1036 1567 1066 a
1590 1019 1715 1066 nullo

327 1091 536 1150 baptizari
560 1091 726 1152 aliquid
744 1091 919 1151 prodest
947 1111 955 1136 2
978 1091 1033 1136 ab
1049 1092 1150 1151 ipsis
1166 1093 1281 1136 enim
1305 1091 1385 1136 diis
1407 1091 1487 1136 sibi
1505 1091 1714 1152 baptizari

307 1211 310 1214 ,
328 1161 549 1218 videntur,
575 1163 620 1206 in
642 1177 829 1222 quorum
848 1163 1024 1207 nomine
1046 1177 1090 1207 se
1111 1163 1317 1206 mundari
1339 1162 1605 1207 arbitrantur
1631 1181 1640 1208 ε
1668 1171 1715 1207 tu

330 1242 473 1276 autem
491 1232 662 1277 nullum
683 1242 951 1292 peccatorem
969 1233 1185 1292 excepisti.
1209 1232 1339 1287 Quod
1356 1234 1390 1278 si
1406 1234 1489 1278 hoc
1506 1232 1603 1278 loco
1618 1248 1710 1293 pec-

329 1312 448 1347 cator
465 1313 507 1347 et
525 1303 717 1348 mortalis
732 1304 864 1349 homo
878 1304 953 1364 qui
972 1304 1163 1363 baptizat
1180 1303 1488 1363 intelligendus
1507 1314 1586 1360 est,
1613 1304 1712 1348 nul-

328 1373 419 1418 lum
451 1384 722 1433 peccatorem
753 1375 997 1434 excipiens,
1029 1374 1183 1433 procul
1212 1373 1349 1419 dubio
1380 1383 1462 1419 nec
1491 1373 1713 1419 occultum

328 1445 545 1503 excepisti.
572 1464 592 1487 «
618 1448 794 1505 Aperte,
820 1446 977 1505 inquis,
1018 1444 1275 1504 praedictum
1314 1446 1401 1505 estff,
1436 1454 1486 1489 ut
1522 1460 1612 1489 non
1642 1460 1713 1489 so-

327 1515 394 1559 lus
416 1515 522 1561 idoli
536 1516 694 1572 cultor,
713 1515 788 1561 sed
801 1517 994 1576 quisquis
1012 1526 1214 1576 peccator
1227 1516 1340 1560 inter
1353 1531 1503 1560 omnes
1515 1516 1713 1560 homines

326 1586 484 1642 fuerit,
512 1588 582 1647 jus
607 1587 688 1631 sibi
720 1587 988 1647 baptismatis
1016 1603 1105 1632 non
1134 1596 1330 1647 usurpet.
1366 1605 1385 1628 υ
1412 1587 1527 1631 Audi
1550 1601 1653 1646 ergo
1670 1595 1713 1631 te

326 1657 467 1715 ipsum
494 1676 502 1701 :
532 1675 551 1698 «
577 1658 772 1717 quisquis
791 1667 1006 1716 peccator,
1030 1675 1050 1698 »
1081 1657 1223 1702 dixisti
1253 1676 1262 1702 ε
1289 1673 1370 1702 nec
1402 1656 1708 1711 manifestum,

325 1743 405 1772 nee
427 1727 649 1772 occultum
676 1729 893 1787 excepisti.
922 1727 1109 1772 Proinde
1131 1743 1217 1787 qua
1245 1727 1390 1773 fronte
1412 1724 1576 1787 cogunt
1599 1728 1711 1787 bap-

324 1797 445 1842 tizari
478 1807 573 1858 post
594 1797 871 1843 manifestum
891 1834 902 1854 ,
933 1799 1008 1858 qui
1034 1797 1193 1843 nolunt
1215 1808 1312 1858 post
1348 1799 1596 1853 occultum,
1633 1798 1711 1842 ubi

325 1879 520 1914 asserunt
535 1870 754 1915 neminem
769 1872 1027 1930 exceptum?
1040 1873 1161 1929 Fuge
1176 1884 1294 1928 ergo,
1313 1869 1463 1924 frater,
1486 1870 1541 1914 ab
1557 1870 1710 1913 insano

324 1939 550 1985 intellectu
569 1941 623 1984 ad
644 1956 813 1996 sanum,
846 1949 895 1985 ut
913 1941 957 1984 in
979 1941 1063 1985 hoc
1090 1940 1340 1985 testimonio
1360 1939 1416 1984 de
1438 1939 1536 1984 oleo
1557 1954 1711 1998 pecca-

324 2012 441 2066 toris,
467 2013 579 2056 sicut
605 2012 826 2072 superiora
851 2012 1045 2072 ejusdem
1064 2011 1222 2056 Psalmi
1245 2011 1376 2056 verba
1397 2010 1705 2070 praescribunt,

322 2081 530 2126 blandam
574 2082 860 2127 lenitudinem
895 2081 1058 2127 fallacis
1093 2082 1330 2126 adulatoris
1374 2080 1605 2140 intelligas.
1642 2083 1709 2124 Ita

322 2152 437 2196 enim
460 2163 502 2197 et
525 2152 671 2197 nullus
695 2155 775 2197 erit
797 2162 1018 2212 exceptus,
1048 2161 1092 2196 et
1113 2168 1202 2197 non
1230 2153 1440 2212 impinget
1471 2151 1517 2194 in
1548 2164 1710 2209 angus-

322 2222 401 2267 tias
424 2222 736 2282 insuperabiles
757 2223 896 2267 malus
915 2223 1158 2282 baptizator
1180 2222 1391 2267 occultus.
1420 2222 1488 2267 Sic
1501 2231 1544 2265 et
1559 2222 1605 2264 in
1622 2220 1708 2265 alio

326 2294 590 2348 testimonio,
620 2294 697 2337 ubi
724 2293 891 2338 dietum
921 2303 1005 2348 est,
1037 2312 1055 2335 «
1080 2293 1163 2346 Qui
1189 2292 1431 2351 baptizatur
1455 2307 1479 2335 a
1503 2299 1704 2347 mortuo,

326 2382 345 2405 >›
373 2364 478 2424 quid
494 2365 532 2408 ei
549 2365 725 2424 prodest
746 2364 903 2409 lavatio
927 2365 1045 2424 ejus?
1070 2382 1089 2405 ))
1110 2373 1183 2408 aut
1198 2364 1358 2422 inspice
1375 2362 1608 2422 diligenter
1629 2377 1697 2407 co-

322 2432 436 2478 dices
457 2436 672 2495 antiquos,
699 2445 742 2479 et
763 2435 947 2479 maxime
966 2437 1153 2489 Graecos,
1179 2449 1233 2478 ne
1250 2433 1362 2479 forte
1379 2435 1466 2493 ipsa
1487 2433 1617 2477 verba
1633 2431 1706 2476 ali·

319 2513 383 2548 ter
405 2506 669 2565 conscripta,
695 2522 745 2550 ex
767 2505 1031 2565 praecedenti
1050 2514 1091 2549 et
1113 2504 1399 2564 consequenti
1418 2504 1701 2548 contextione

323 2577 529 2620 sermonis
552 2574 683 2619 alium
712 2591 884 2621 sensum
906 2575 1109 2621 intiment
1135 2593 1143 2619 :
1170 2583 1245 2619 aut
1269 2582 1385 2619 certe
1409 2582 1603 2619 mortuos
1630 2573 1702 2617 in-
