1825 3264
317 268 481 299 coNTnA
514 270 717 299 nrm-:nas
750 271 983 312 rustum,
1019 275 1101 302 Lm.
1138 274 1185 302 11.
1389 267 1444 305 89

63 336 275 395 probatis,
312 336 367 381 ad
396 351 473 380 nos
499 351 588 380 non
618 337 837 396 pertinent
860 359 871 394 3
897 339 1005 384 sicut
1033 355 1113 384 nec
1139 340 1194 384 ad
1214 356 1316 396 vos,
1343 358 1444 404 quae

62 406 189 450 vestri
215 405 410 465 quotidie
442 406 744 461 committunt,
770 422 846 466 per
877 407 1035 452 scelera
1058 408 1342 467 furiosorum,
1368 428 1444 472 per

60 474 249 520 luxurias
263 476 602 531 vinolentorum,
620 492 697 536 per
713 477 951 522 caecitatem
964 479 1350 538 praecipitatorum,
1368 498 1445 542 per

4 547 5 550 ’
59 545 335 602 tyrannidem
370 556 608 605 raptorum.
635 547 740 599 Quis
757 563 845 591 non
873 549 1021 592 videat
1046 563 1197 592 verum
1217 565 1306 594 esse
1325 552 1444 612 quod

58 614 199 661 clamo
220 619 238 658 ⁶?
257 617 340 662 Sed
356 633 474 662 nune
491 618 524 662 si
542 627 650 662 esset
667 618 711 661 in
735 627 777 662 te
798 619 998 673 charitas,
1025 620 1318 678 congauderet
1337 624 1442 667 veri-

56 687 150 731 tati.
165 690 303 740 Quam
320 690 435 732 enim
452 688 672 748 eleganter
691 690 775 733 sub
793 690 906 749 pelle
929 690 1056 734 ovina
1079 690 1240 734 dicitur
1257 710 1265 736 :
1288 693 1444 737 Chari-

2 779 3 782 ¹
57 765 120 802 tas
133 758 276 802 omnia
301 757 471 813 tolerat,
489 760 633 803 omnia
656 760 862 804 sustinet:
889 759 966 804 ubi
986 770 1130 804 autem
1144 770 1324 805 ventum
1349 762 1446 806 fue-

56 827 111 871 rit
129 827 183 871 ad
206 843 408 882 examen,
439 829 599 888 Lupini
630 828 783 874 dentes
805 830 964 890 operiri
997 846 1086 876 non
1107 841 1302 890 possunt.
1331 834 1443 877 Cum

7 894 10 946 ἶ
54 897 169 941 enim
182 899 366 942 charitas
383 907 426 942 te
438 908 616 957 propter
630 900 674 944 id
689 899 811 960 quod
827 901 995 945 dictum
1013 910 1076 946 est
1099 920 1108 946 2
1131 920 1148 942 «
1174 902 1444 947 Sustinentes

2 991 9 1008 κ
56 984 78 1009 »
110 968 295 1013 invicem
317 970 361 1013 in
383 969 634 1025 dilectione,
659 972 884 1016 studentes
901 987 1072 1017 servare
1094 972 1308 1017 unitatem
1326 973 1444 1033 spiri-

56 1056 77 1080 »
115 1048 181 1083 tus
201 1040 248 1083 in
270 1040 447 1085 vinculo
468 1041 585 1100 pacis
601 1044 613 1067 ¹
635 1061 643 1086 :
670 1062 687 1082 »
712 1043 844 1086 etiam
861 1043 894 1087 si
914 1059 1001 1104 qua
1018 1042 1132 1088 mala
1149 1044 1267 1088 intus
1279 1059 1440 1098 nosses,

52 1119 242 1168 cogeret,
269 1125 358 1154 non
374 1112 433 1154 eis
464 1111 641 1171 quidem
664 1114 925 1169 consentire,
950 1113 1026 1158 sed
1046 1124 1192 1158 tamen
1214 1129 1263 1158 ea
1286 1115 1321 1159 si
1339 1129 1443 1173 pro-

53 1181 203 1224 hibere
226 1197 314 1225 non
335 1190 507 1240 poteras
530 1183 756 1237 sustinere,
774 1199 828 1227 ne
847 1193 1023 1244 propter
1042 1184 1176 1229 malos
1197 1185 1444 1230 ventilabro

52 1250 207 1295 ultimo
229 1252 506 1310 separandos,
522 1269 640 1298 nunc
664 1270 687 1298 a
713 1255 926 1299 bonorum
945 1256 1148 1299 societate
1168 1257 1282 1314 pacis
1296 1256 1444 1300 vincu-

6 1368 9 1387 l
53 1323 145 1367 lum
178 1323 495 1383 abrumperes,
528 1325 643 1369 foras
664 1334 795 1369 vento
819 1324 1004 1370 levitatis
1039 1341 1271 1380 excussus,
1309 1327 1443 1385 paleae

8 1423 9 1428 =
54 1394 216 1438 crimen
239 1394 390 1454 objicis
411 1395 575 1448 tritico,
602 1405 646 1439 et
675 1411 773 1455 quae
797 1396 921 1453 fingis
943 1395 997 1439 de
1019 1395 1142 1440 malis
1159 1431 1169 1450 ,
1195 1411 1272 1456 per
1291 1406 1442 1441 conta-

6 1490 9 1523 3
53 1464 224 1523 gionem
265 1464 408 1508 valere
443 1474 487 1509 et
523 1465 565 1508 in
604 1465 728 1509 bonis
766 1466 970 1509 affirmas.
1012 1468 1069 1510 Et
1097 1481 1196 1510 cum
1229 1467 1444 1517 Dominus

6 1562 7 1570 κ
53 1533 206 1578 dixerit
234 1553 242 1578 ε
271 1553 290 1575 n
324 1538 440 1593 Ager
469 1544 531 1579 est
566 1535 634 1578 hic
664 1535 878 1590 mundus,
905 1537 1051 1580 messis
1080 1545 1226 1580 autem
1255 1546 1318 1580 est
1348 1537 1444 1581 finis

56 1622 76 1645 »
112 1604 259 1649 saeculi
285 1627 295 1662 3
320 1621 421 1649 cum
438 1605 493 1649 de
510 1606 739 1650 frumentis
760 1615 803 1650 et
825 1606 996 1650 zizaniis
1018 1606 1194 1651 dixisset
1217 1626 1225 1651 :
1255 1626 1275 1648 «
1305 1608 1442 1652 Sinite

4 1676 7 1683 '
55 1692 76 1715 »ι
112 1684 296 1735 utraque
312 1691 501 1720 crescere
519 1692 657 1737 usque
674 1677 728 1721 ad
747 1680 979 1722 messem²2
996 1696 1015 1718 »
1039 1687 1085 1722 tu
1110 1677 1280 1722 laboras
1301 1678 1442 1723 verbis

4 1762 7 1775 ³
54 1745 152 1799 tuis,
174 1754 222 1789 ut
245 1744 462 1790 frumenta
478 1748 567 1807 jam
590 1762 666 1806 per
688 1756 831 1791 totum
864 1762 1014 1805 agrum
1044 1746 1275 1802 defecisse,
1312 1758 1356 1792 et
1387 1750 1442 1792 ad

51 1816 248 1873 exiguam
271 1817 527 1875 particulam
551 1826 736 1861 vestram
761 1817 1013 1861 remansisse
1043 1818 1278 1861 credantur
1299 1839 1310 1875 3
1335 1818 1441 1862 dum

50 1884 113 1929 vis
131 1895 179 1929 ut
201 1886 414 1931 habeatur
433 1887 630 1932 Christus
651 1888 854 1942 mendax,
880 1896 928 1932 tu
953 1897 1098 1932 autem
1119 1903 1264 1932 verax.
1299 1891 1352 1932 Et
1374 1888 1440 1932 lo·

51 1957 195 2016 queris
206 1957 383 2016 quidem
398 1967 549 2002 contra
567 1959 874 2002 conscientiam
888 1968 1007 2003 tuam
1025 1978 1032 2001 ε
1054 1974 1198 2018 neque
1215 1959 1329 2002 enim
1344 1973 1442 2002 vere

5 2025 8 2044 ³
50 2027 279 2085 quisquam
297 2043 478 2087 quoquo
491 2028 622 2072 modo
635 2029 810 2072 intuens
824 2028 1128 2085 Evangelium,
1142 2029 1275 2072 audet
1290 2029 1335 2070 in
1353 2027 1442 2071 ani-

5 2106 8 2130 1
51 2110 124 2140 mo
134 2111 212 2141 suo
232 2097 389 2151 dicere,
416 2113 492 2156 per
510 2107 574 2141 tot
597 2106 745 2156 gentes
768 2099 812 2141 in
829 2098 990 2157 quibus
1013 2112 1124 2157 pene
1142 2113 1343 2142 unavoce
1357 2113 1439 2142 res-

5 2186 7 2190 ⁴
51 2166 269 2225 pondetur
281 2171 436 2221 Amen,
457 2176 500 2211 et
516 2176 715 2211 cantatur
725 2167 925 2223 Alleluia,
940 2183 1025 2212 non
1044 2183 1133 2212 esse
1151 2169 1435 2213 Christianos.

6 2292 7 2296 Ἰ
51 2238 107 2280 Et
131 2244 274 2280 tamen
293 2251 348 2280 ne
362 2251 458 2296 pars
474 2237 645 2291 Donati,
667 2253 767 2296 quae
786 2237 882 2282 orbi
905 2247 1116 2282 terrarum
1135 2253 1224 2282 non
1247 2253 1441 2283 commu-

6 2299 7 2307 *
51 2307 183 2360 meat,
196 2321 337 2350 errare
344 2306 559 2361 videatur,
571 2308 604 2351 si
620 2307 717 2366 quis
730 2308 808 2351 tibi
818 2308 1009 2367 Angelus
1021 2308 1075 2352 de
1083 2307 1197 2353 coelo
1209 2310 1284 2368 qui
1300 2318 1441 2367 posset

5 2376 7 2383 '
52 2376 210 2419 intueri
246 2376 494 2420 universum
528 2377 704 2431 orbem,
743 2378 909 2422 diceret
940 2388 1056 2423 extra
1086 2379 1438 2423 communionem

6 2443 7 2448 ’
52 2454 235 2488 vestram
259 2460 473 2504 nusquam
501 2460 591 2489 esse
611 2447 864 2492 innocentes
893 2457 935 2491 et
959 2449 1111 2503 bonos,
1136 2451 1286 2506 procul
1303 2446 1440 2493 dubio

4 2566 5 2574 ἵ
53 2513 262 2573 gauderes
284 2530 418 2574 super
440 2515 665 2574 iniquitate
695 2519 862 2575 generis
884 2518 1081 2572 humani,
1104 2528 1147 2562 et
1175 2532 1276 2562 vera
1305 2526 1348 2562 te
1369 2518 1439 2561 di-

105 2605 111 2621 ·
144 2597 257 2641 Ephes.
277 2609 320 2638 iv,
344 2607 376 2632 2.
392 2616 432 2624 -
445 2605 457 2621 ²
477 2599 596 2632 Matth.
617 2609 684 2640 xm,
704 2599 757 2632 38.
