1825 3264
265 280 430 311 nonna
461 284 727 313 cnzscomrm
758 283 1047 326 DONATISTAM‚
1082 287 1165 316 mn.
1201 291 1249 316 11.
1375 277 1460 317 359

73 358 194 396 catus
204 358 282 394 est.
304 352 402 409 Ipse
417 351 579 411 quippe
595 352 655 396 ait
675 370 685 396 ι
709 369 728 393 «
745 352 827 405 Qui
844 367 933 397 non
955 354 1110 409 credit,
1132 356 1222 414 jam
1239 353 1460 416 judicatus

76 438 97 463 ι»
131 422 242 465 est1.
267 441 285 463 ι
304 420 465 466 Paulus
477 431 623 467 autem
636 422 856 483 apostolus
871 423 976 468 dicit
997 444 1005 469 :
1033 443 1053 466 «
1078 425 1269 471 Ecclesia
1285 425 1462 471 subdita

75 509 95 533 »
130 491 420 537 estChristo‘2.
441 510 460 534 n
478 495 576 539 Non
590 493 722 552 igitur
736 492 868 538 debet
880 494 1071 539 Ecclesia
1092 511 1136 540 se
1158 497 1330 541 Christo
1348 511 1461 556 prae-

70 575 249 621 ponere,
268 571 317 606 ut
330 571 455 622 putet
469 562 687 623 baptizare
710 579 833 624 posse
851 564 906 608 ab
929 563 1004 608 illo
1016 564 1248 624 judicatos,
1275 582 1298 610 a
1312 582 1356 610 se
1378 582 1460 611 au-

71 639 159 676 tem
176 632 411 692 judicatos,
437 633 652 693 baptizare
677 650 768 679 non
801 650 951 694 possc;
975 650 1076 680 curn
1097 635 1169 680 ille
1199 651 1368 696 semper
1385 652 1461 682 ve-

70 701 224 746 raciter
252 702 450 762 judicet,
490 703 775 750 Ecclesiastici
809 713 954 749 autem
979 705 1145 765 judices
1177 706 1288 750 sieut
1320 707 1462 751 homi-

68 785 146 816 nes
164 769 425 833 plerumque
445 772 668 819 fallantur.
688 775 912 832 Baptizant
926 790 1049 833 crgo,
1071 786 1287 836 quantum
1305 776 1462 822 attinet

68 839 123 886 ad
147 840 316 886 visibile
342 842 631 888 ministerium
651 879 662 899 ‚
684 853 726 888 et
747 844 853 890 boni
871 853 913 889 et
935 845 1037 889 mali
1064 864 1072 889 :
1091 846 1363 890 invisibiliter
1385 862 1462 890 au-

67 920 155 956 tem
177 926 255 971 per
276 926 348 957 eos
371 911 445 957 ille
464 913 680 972 baptizat,
705 915 829 975 cujus
852 924 916 959 est
936 925 979 960 et
996 915 1163 960 visibile
1181 916 1395 975 baptisma
1419 925 1462 960 et

67 981 296 1027 invisibilis
324 983 475 1041 gratia.
508 984 722 1044 Tinguere
745 1001 847 1044 ergo
871 995 1050 1045 possunt
1071 995 1113 1030 et
1138 986 1241 1031 boni
1265 997 1306 1031 ct
1329 986 1460 1041 mali,

66 1050 243 1096 abluere
275 1062 420 1097 autem
452 1055 760 1099 conscientiam
793 1071 882 1100 non
912 1057 993 1100 nisi
1018 1056 1090 1100 ille
1110 1058 1186 1117 qui
1208 1072 1376 1116 semper
1399 1066 1462 1101 est

65 1121 221 1167 bonus.
256 1125 319 1168 Ac
348 1139 425 1183 per
446 1124 530 1169 hoc
564 1126 692 1169 etiam
715 1126 935 1170 nesciente
955 1126 1145 1171 Ecclesia
1166 1136 1345 1187 propter
1367 1142 1460 1171 ma-

63 1191 151 1237 lam
183 1191 488 1254 pollutamque
522 1195 829 1240 conscientiam
862 1196 1054 1241 damnati
1089 1213 1112 1241 a
1141 1197 1339 1252 Christo,
1369 1199 1462 1258 jam

65 1263 112 1308 in
133 1277 314 1322 corpore
336 1265 496 1310 Christi
525 1279 614 1309 non
643 1276 745 1310 sunt
774 1267 893 1327 quod
926 1276 989 1312 est
1016 1265 1222 1322 Ecclesia,
1251 1269 1461 1328 quoniam

64 1349 155 1379 non
177 1345 320 1396 potest
338 1336 536 1381 Christus
554 1337 716 1381 habere
740 1338 936 1381 membra
962 1336 1183 1382 damnata.
1211 1337 1396 1382 Proinde
1419 1347 1462 1382 et

64 1406 144 1465 ipsi
161 1415 281 1451 extra
298 1406 533 1451 Ecclesiam
552 1407 788 1467 baptizant.
815 1408 969 1451 Omnia
995 1408 1158 1467 quippe
1175 1408 1254 1452 ista
1269 1417 1460 1452 monstra

65 1477 177 1522 absit
191 1478 372 1522 omnino
390 1478 501 1522 utin
523 1479 727 1522 membris
748 1478 864 1522 illius
881 1478 1099 1522 columbae
1117 1479 1258 1523 unicae
1276 1494 1459 1538 compu-

63 1555 214 1592 tentur
239 1566 249 1592 ι
269 1547 375 1592 absit
392 1557 441 1592 ut
459 1548 618 1592 intrare
641 1548 805 1607 possint
825 1547 984 1592 limites
1006 1548 1122 1592 horti
1144 1548 1353 1602 conclusi,
1380 1564 1459 1593 cu-

58 1617 128 1678 jus
146 1616 220 1661 ille
242 1626 387 1662 custos
409 1618 566 1678 estqui
587 1633 677 1663 non
695 1627 839 1678 potest
860 1617 968 1663 falli.
988 1619 1072 1672 Qui
1094 1628 1241 1663 tamen
1263 1619 1297 1663 si
1319 1620 1458 1664 confi-

0 1740 2 1742 ,
63 1697 213 1733 tentur
239 1697 283 1733 et
321 1689 628 1748 corriguntur,
664 1698 770 1734 tunc
802 1690 997 1744 intrant,
1033 1699 1138 1734 tunc
1165 1689 1453 1746 mundantur,

63 1769 171 1804 tunc
196 1759 243 1804 in
265 1760 492 1805 arboribus
514 1761 629 1806 horti
651 1760 861 1816 conclusi,
888 1770 992 1806 tunc
1015 1761 1060 1805 in
1083 1761 1288 1806 membris
1314 1761 1456 1806 unicae

63 1829 280 1875 columbae
301 1840 604 1887 numerantur,
630 1847 709 1876 nec
736 1841 880 1876 tamen
903 1830 1049 1876 denuo
1075 1832 1366 1891 baptizantur.
1391 1834 1455 1875 Ita

62 1910 106 1946 et
126 1915 228 1946 cum
250 1901 306 1946 ab
334 1901 548 1946 haereticis
569 1902 752 1946 veniunt
773 1917 872 1946 cum
908 1902 1001 1961 ipso
1029 1901 1302 1961 baptismate,
1334 1903 1455 1962 quod

62 1981 105 2017 et
127 1970 229 2016 foris
250 1972 515 2027 habuerunt,
534 1972 608 2018 sed
626 1988 715 2017 non
732 1982 774 2016 et
794 1988 893 2016 cum
909 1973 999 2031 ipsa
1021 1972 1307 2017 mundatione
1321 1988 1452 2033 quam

61 2043 180 2088 intus
214 2043 456 2102 accipiunt3
485 2052 536 2087 ut
566 2043 688 2102 quod
721 2042 862 2088 defuit
885 2052 1129 2102 praestetur,
1161 2042 1282 2103 quod
1305 2052 1451 2087 autem

61 2129 152 2159 non
168 2122 386 2159 mutatum
405 2123 469 2158 est
486 2114 769 2174 approbetur.

119 2187 307 2231 XXVII.
338 2204 358 2226 «
379 2187 547 2241 Vestra,
573 2185 741 2245 inquis,
769 2200 844 2245 per
862 2194 1026 2230 vestros
1048 2185 1230 2245 majores
1252 2183 1450 2229 traditio-

61 2255 127 2301 nis
164 2264 208 2299 et
243 2256 605 2312 thurificationis,
640 2266 683 2300 et
719 2271 795 2316 per
820 2271 895 2301 vos
929 2257 1239 2315 persecutionis
1271 2255 1451 2300 crimine

60 2324 266 2371 damnata
301 2326 566 2371 conscientia
607 2336 685 2371 est.
714 2345 734 2369 »
773 2329 836 2371 De
875 2326 1158 2371 traditoribus
1189 2325 1367 2386 quidem
1408 2334 1451 2368 et

61 2396 434 2442 thurificatoribus
470 2397 545 2457 qui
572 2395 757 2453 fuerint,
793 2398 870 2456 qui
896 2398 980 2442 hoc
1010 2397 1131 2441 nefas
1165 2396 1445 2450 admiserint,

60 2483 152 2513 non
190 2467 422 2527 Scripturis
453 2469 627 2523 sanctis,
659 2468 734 2512 sed
770 2467 897 2512 samae
930 2469 1157 2512 hominum
1188 2465 1444 2511 credidistis.

61 2541 171 2593 Quae
199 2539 232 2583 si
263 2547 405 2598 potest
437 2553 525 2583 esse
558 2538 664 2583 falsa
698 2539 812 2584 bona
845 2539 900 2583 de
931 2538 1068 2593 malis,
1101 2554 1177 2582 cur
1206 2553 1294 2582 non
1317 2538 1448 2598 possit

112 2630 121 2645 ²
143 2625 236 2656 Joan.
256 2633 303 2664 ni,
327 2621 455 2656 18.—⁰
476 2621 591 2665 EpheS.
613 2633 644 2660 v,
660 2622 714 2664 24.
