1825 3264
316 305 475 332 commi
508 305 769 333 cni-:scomma
803 306 1089 343 nomris‘rni,
1127 307 1205 332 Lm.
1245 306 1301 332 ιν.
1410 291 1501 330 '485

124 385 217 415 mus
242 385 317 430 per
337 386 468 430 quem
493 370 603 415 bene
632 372 707 415 fiat
734 391 742 414 2
771 371 892 431 quasi
914 381 1054 430 posset
1082 371 1174 414 fieri
1203 380 1251 414 ut
1276 385 1365 414 non
1392 370 1505 413 bene

121 440 317 486 Christus
339 441 414 485 det
435 441 566 485 fidem
584 476 594 495 ‚
621 456 710 485 non
730 441 842 484 bene
859 441 912 485 sit
927 442 1122 486 Christus
1144 441 1265 500 origo
1288 449 1508 500 caputque

122 511 384 565 Christiani,
410 526 498 555 non
528 511 640 554 hene
670 510 790 555 radix
812 511 969 570 figatur
1000 513 1042 554 in
1066 511 1253 556 Christo.
1281 514 1369 555 Aut
1390 509 1507 553 enim

122 596 211 625 non
235 581 299 635 fit,
325 590 399 626 aut
421 582 453 625 si
476 582 540 636 fit,
567 581 870 641 proculdubio
896 581 1004 625 bene
1024 582 1090 625 fit.

181 654 344 697 XXVI.
371 655 684 697 Verumtamen
711 653 791 697 ista
821 662 1070 706 tractamus,
1099 667 1153 696 ne
1175 661 1351 712 propter
1372 651 1507 695 malos

120 722 461 782 dispensatores,
493 739 581 768 non
604 733 748 767 tamen
774 739 950 768 suorum
965 759 975 778 ,
996 723 1071 768 sed
1094 722 1421 767 Dominicorum
1440 737 1509 766 sa-

121 802 466 848 cramentorum,
488 809 598 853 quos
614 808 786 838 necesse
808 803 872 838 est
898 810 1038 854 usque
1057 794 1111 838 ad
1131 802 1300 852 tempus
1322 792 1509 838 ventila-

120 863 249 908 tionis
272 879 384 908 areae
408 864 646 908 Dominicae
679 866 975 919 commisceri,
1006 864 1229 911 deseratur
1256 865 1344 923 ipsa
1368 864 1511 907 unitas

119 934 458 979 frumentorum.
487 935 677 980 Schisma
707 944 852 979 autem
877 933 1019 980 facere
1042 935 1097 979 ab
1121 935 1288 978 unitate
1317 934 1506 987 Christi,

119 1014 195 1049 aut
218 1006 262 1049 in
292 1005 521 1049 schismate
545 1020 635 1049 esse
651 1041 661 1060 ,
698 1005 895 1065 profecto
929 1004 1091 1050 malum
1115 1014 1178 1049 est
1199 1040 1209 1059 ,
1231 1017 1275 1049 et
1302 1019 1509 1062 magnum

119 1075 283 1120 malum
314 1095 323 1120 :
345 1091 424 1120 nec
444 1077 622 1120 omnino
642 1077 734 1120 fieri
756 1085 914 1134 potest,
940 1085 989 1120 ut
1002 1076 1198 1121 Christus
1220 1075 1294 1120 det
1310 1075 1512 1120 schisma-

120 1147 230 1201 tico,
263 1161 351 1190 non
373 1146 526 1200 fidem,
552 1147 625 1190 sed
648 1146 904 1205 sacrilegum
932 1161 1144 1200 errorem,
1176 1155 1251 1190 aut
1270 1146 1314 1189 in
1336 1145 1510 1191 Christo

119 1217 309 1262 radicem
336 1218 634 1262 schismaticus
657 1219 799 1262 fixerit
814 1253 824 1272 ,
855 1226 930 1262 aut
952 1217 1223 1262 schismatico
1246 1218 1442 1262 Christus
1456 1217 1510 1261 sit

118 1289 238 1347 origo
262 1297 304 1333 et
334 1300 466 1348 caput
495 1309 503 1333 2
530 1298 571 1333 et
599 1297 743 1332 tamen
773 1289 1034 1347 baptismum
1068 1289 1228 1334 Christi
1243 1289 1277 1332 si
1309 1287 1505 1342 dederit,

115 1360 266 1404 datum
300 1359 403 1417 erit,
432 1364 466 1404 si
500 1359 740 1419 acceperit,
774 1369 1001 1418 acceptum
1037 1360 1141 1416 erit,
1173 1374 1258 1403 non
1289 1357 1344 1402 ad
1375 1359 1507 1402 vitam

117 1438 325 1474 aeternam
347 1465 357 1483 ‚
395 1429 470 1474 sed
500 1429 554 1474 ad
584 1445 758 1489 poenam
794 1439 1029 1484 aeternam,
1061 1431 1095 1474 si
1128 1430 1170 1473 in
1204 1444 1255 1473 eo
1287 1427 1509 1485 sacrilegio

116 1501 421 1560 perseverarit,
458 1516 546 1545 non
580 1501 625 1544 in
653 1501 817 1544 malum
853 1500 1147 1546 convertendo
1182 1500 1350 1544 honum
1386 1499 1507 1558 quod

116 1572 281 1626 habet,
322 1571 396 1616 sed
426 1571 539 1616 malo
577 1587 654 1616 suo
692 1572 858 1616 honum
892 1570 1098 1616 habendo
1134 1571 1331 1631 quandiu
1368 1569 1507 1614 malus

116 1642 265 1686 haber

175 1713 362 1756 XXVII.
395 1711 562 1765 Quaeris
596 1710 707 1755 forte
733 1720 782 1755 ut
804 1711 887 1755 hoc
911 1711 1092 1770 probem
1121 1730 1129 1754 ι
1157 1708 1263 1770 quid
1286 1709 1406 1753 aliud
1428 1709 1505 1753 tibi

117 1782 275 1835 dicam,
297 1783 373 1826 nisi
405 1782 525 1842 quod
550 1782 633 1826 hoc
653 1796 783 1840 opere
811 1781 1008 1825 institui?
1030 1781 1260 1838 Bagaiense
1280 1778 1506 1823 decretum

115 1853 227 1912 lege,
254 1851 522 1897 Felicianum
539 1862 581 1896 et
602 1855 908 1896 Praetextatum
930 1852 1100 1894 intuere
1119 1870 1128 1894 ι
1153 1849 1413 1894 schismatici
1435 1848 1505 1892 de-

79 1980 81 1982 v
116 1923 292 1977 derunt,
319 1924 493 1982 utrique
522 1938 544 1965 a
575 1922 699 1965 vobis
721 1922 882 1980 recepti
904 1930 947 1964 et
969 1920 1141 1965 collecti
1173 1929 1302 1977 sunt,
1329 1934 1408 1964 nec
1442 1917 1506 1961 illi

116 1993 363 2052 degradati,
406 2007 486 2036 nec
524 1991 585 2035 illi
621 1992 886 2051 rebaptizati.
937 1994 1031 2035 Jam
1064 2002 1179 2035 certe
1215 2006 1305 2036 non
1345 1991 1504 2050 quaeris

116 2073 264 2108 utrum
281 2061 521 2108 fiatmelius
542 2064 798 2123 perjustum
822 2063 1084 2117 ministrum,
1105 2077 1159 2106 an
1179 2078 1254 2122 per
1270 2062 1502 2121 injustum:

116 2134 324 2194 quoniam
350 2149 437 2177 non
469 2132 567 2177 ideo
588 2142 651 2177 est
675 2133 915 2191 baptismus
939 2131 1091 2176 melior
1113 2147 1242 2192 quern
1267 2129 1387 2175 dedit
1410 2130 1504 2174 Pri-

116 2205 287 2249 mianus
310 2204 551 2249 secundum
568 2219 642 2249 vos
663 2205 804 2264 justus
819 2240 828 2258 ,
854 2219 984 2264 quam
1005 2203 1076 2248 ille
1090 2218 1219 2263 quem
1245 2201 1364 2246 dedit
1388 2200 1505 2245 Feli—

115 2276 266 2320 cianus
299 2276 497 2335 injustus.
543 2276 672 2320 Certe
697 2275 787 2334 jam
823 2273 1066 2332 intelligere
1093 2273 1257 2332 cogeris
1284 2271 1506 2332 quomodo

115 2346 349 2406 Apostolus
375 2346 529 2390 dixerit
560 2365 569 2391 z
605 2347 797 2405 «Neque
819 2345 892 2405 qui
917 2345 1084 2404 plantat
1115 2354 1178 2388 est
1209 2342 1397 2403 aliquid,
1425 2357 1504 2385 ne-

120 2435 140 2457 »
163 2431 250 2476 que
272 2416 348 2475 qui
371 2416 498 2475 rigat,
519 2414 595 2460 sed
607 2416 682 2474 qui
704 2415 1022 2459 incrementum
1037 2415 1110 2459 dat
1133 2417 1269 2458 Deus¹
1293 2433 1302 2457 2
1331 2431 1350 2453 »
1376 2421 1507 2471 teque

120 2485 277 2530 frustra
307 2486 459 2531 dixisse
488 2486 666 2541 recolis,
695 2506 713 2527 «
738 2486 856 2530 Sicut
885 2486 958 2544 qui
990 2485 1158 2544 plantat
1189 2494 1231 2528 et
1254 2485 1386 2542 rigat,
1417 2498 1505 2527 non

118 2557 196 2602 nisi
219 2557 399 2602 colonus
423 2557 604 2615 diligens
627 2566 669 2601 et
688 2556 825 2600 fidelis
855 2556 1107 2614 inquiritur,
1132 2556 1191 2600 sic
1214 2556 1342 2600 ctiam
1370 2554 1412 2597 in
1435 2569 1504 2597 sa-

171 2650 175 2663 ¹
210 2651 215 2669 1
243 2644 300 2673 [ἴοι
334 2653 378 2682 ιιι,
400 2653 427 2682 ’5⁷
