<?xml version="1.0" encoding="UTF-8"?>
<!DOCTYPE html PUBLIC "-//W3C//DTD XHTML 1.0 Transitional//EN"
    "http://www.w3.org/TR/xhtml1/DTD/xhtml1-transitional.dtd">
<html xmlns="http://www.w3.org/1999/xhtml" xml:lang="en" lang="en">
 <head>
  <title>
</title>
<meta http-equiv="Content-Type" content="text/html;charset=utf-8" />
  <meta name='ocr-system' content='tesseract 3.04.00' />
  <meta name='ocr-capabilities' content='ocr_page ocr_carea ocr_par ocr_line ocrx_word'/>
</head>
<body>
  <div class='ocr_page' id='page_1' title='image "./operaomniaaccura32auguuoft_0054.png"; bbox 0 0 1825 3264; ppageno 0'>
   <div class='ocr_carea' id='block_1_1' title="bbox 369 246 1309 286">
    <p class='ocr_par' dir='ltr' id='par_1_1' title="bbox 369 246 1309 286">
     <span class='ocr_line' id='line_1_1' title="bbox 369 246 1309 286; baseline -0.004 0"><span class='ocrx_word' id='word_1_1' title='bbox 369 246 421 286; x_wconf 80' lang='lat'><strong>44</strong></span> <span class='ocrx_word' id='word_1_2' title='bbox 800 259 832 284; x_wconf 85' lang='lat' dir='ltr'><strong>s.</strong></span> <span class='ocrx_word' id='word_1_3' title='bbox 870 256 1098 284; x_wconf 71' lang='grc' dir='ltr'><strong>ΑυαυεΤιΜ</strong></span> <span class='ocrx_word' id='word_1_4' title='bbox 1132 257 1309 284; x_wconf 74' lang='lat' dir='ltr'><strong>Emscom</strong></span> 
     </span>
    </p>
   </div>
   <div class='ocr_carea' id='block_1_2' title="bbox 364 321 1768 2641">
    <p class='ocr_par' dir='ltr' id='par_1_2' title="bbox 366 321 1744 454">
     <span class='ocr_line' id='line_1_2' title="bbox 366 321 1744 386; baseline -0.003 -16"><span class='ocrx_word' id='word_1_5' title='bbox 366 341 465 386; x_wconf 85' lang='lat' dir='ltr'><strong>quae</strong></span> <span class='ocrx_word' id='word_1_6' title='bbox 483 326 528 368; x_wconf 90' lang='lat' dir='ltr'><strong>in</strong></span> <span class='ocrx_word' id='word_1_7' title='bbox 551 323 752 368; x_wconf 88' lang='lat' dir='ltr'><strong>omnibus</strong></span> <span class='ocrx_word' id='word_1_8' title='bbox 768 322 925 382; x_wconf 86' lang='lat' dir='ltr'><strong>linguis</strong></span> <span class='ocrx_word' id='word_1_9' title='bbox 943 331 1005 367; x_wconf 87' lang='lat' dir='ltr'><strong>est</strong></span> <span class='ocrx_word' id='word_1_10' title='bbox 1031 358 1041 377; x_wconf 93' lang='lat'>‚</span> <span class='ocrx_word' id='word_1_11' title='bbox 1068 337 1156 367; x_wconf 83' lang='lat' dir='ltr'><strong>non</strong></span> <span class='ocrx_word' id='word_1_12' title='bbox 1174 331 1314 367; x_wconf 81' lang='lat' dir='ltr'><strong>servat</strong></span> <span class='ocrx_word' id='word_1_13' title='bbox 1337 322 1546 367; x_wconf 87' lang='lat' dir='ltr'><strong>unitatem</strong></span> <span class='ocrx_word' id='word_1_14' title='bbox 1569 321 1744 381; x_wconf 82' lang='lat' dir='ltr'><strong>spiritus</strong></span> 
     </span>
     <span class='ocr_line' id='line_1_3' title="bbox 368 395 758 454; baseline -0.005 -14"><span class='ocrx_word' id='word_1_15' title='bbox 368 397 410 440; x_wconf 91' lang='lat' dir='ltr'><strong>in</strong></span> <span class='ocrx_word' id='word_1_16' title='bbox 434 395 606 440; x_wconf 88' lang='lat' dir='ltr'><strong>vinculo</strong></span> <span class='ocrx_word' id='word_1_17' title='bbox 631 396 758 454; x_wconf 79' lang='lat' dir='ltr'><strong>paciS.</strong></span> 
     </span>
    </p>

    <p class='ocr_par' dir='ltr' id='par_1_3' title="bbox 364 464 1768 2575">
     <span class='ocr_line' id='line_1_4' title="bbox 425 464 1748 526; baseline -0.002 -15"><span class='ocrx_word' id='word_1_18' title='bbox 425 469 598 511; x_wconf 85' lang='lat' dir='ltr'><strong>LXXV.</strong></span> <span class='ocrx_word' id='word_1_19' title='bbox 633 468 729 510; x_wconf 83' lang='lat' dir='ltr'><strong>Jam</strong></span> <span class='ocrx_word' id='word_1_20' title='bbox 751 481 853 510; x_wconf 92' lang='lat' dir='ltr'><strong>vero</strong></span> <span class='ocrx_word' id='word_1_21' title='bbox 876 465 993 526; x_wconf 86' lang='lat' dir='ltr'><strong>quod</strong></span> <span class='ocrx_word' id='word_1_22' title='bbox 1015 480 1151 509; x_wconf 89' lang='lat' dir='ltr'><strong>unum</strong></span> <span class='ocrx_word' id='word_1_23' title='bbox 1170 464 1348 524; x_wconf 85' lang='lat' dir='ltr'><strong>quidem</strong></span> <span class='ocrx_word' id='word_1_24' title='bbox 1370 465 1635 524; x_wconf 89' lang='lat' dir='ltr'><strong>baptismum</strong></span> <span class='ocrx_word' id='word_1_25' title='bbox 1658 479 1748 509; x_wconf 88' lang='lat' dir='ltr'><strong>esse</strong></span> 
     </span>
     <span class='ocr_line' id='line_1_5' title="bbox 364 536 1748 596; baseline -0.001 -14"><span class='ocrx_word' id='word_1_26' title='bbox 364 538 532 592; x_wconf 84' lang='lat' dir='ltr'><strong>dixisti,</strong></span> <span class='ocrx_word' id='word_1_27' title='bbox 562 536 638 582; x_wconf 88' lang='lat' dir='ltr'><strong>sed</strong></span> <span class='ocrx_word' id='word_1_28' title='bbox 661 547 805 581; x_wconf 82' lang='lat' dir='ltr'><strong>tamen</strong></span> <span class='ocrx_word' id='word_1_29' title='bbox 829 538 966 582; x_wconf 84' lang='lat' dir='ltr'><strong>tribus</strong></span> <span class='ocrx_word' id='word_1_30' title='bbox 989 537 1191 595; x_wconf 87' lang='lat' dir='ltr'><strong>gradibus</strong></span> <span class='ocrx_word' id='word_1_31' title='bbox 1220 545 1519 581; x_wconf 86' lang='lat' dir='ltr'><strong>consecratum</strong></span> <span class='ocrx_word' id='word_1_32' title='bbox 1536 571 1546 590; x_wconf 89' lang='lat'><strong>,</strong></span> <span class='ocrx_word' id='word_1_33' title='bbox 1568 536 1748 596; x_wconf 84' lang='lat' dir='ltr'><strong>ipsaque</strong></span> 
     </span>
     <span class='ocr_line' id='line_1_6' title="bbox 366 607 1744 668; baseline -0.003 -14"><span class='ocrx_word' id='word_1_34' title='bbox 366 609 443 654; x_wconf 83' lang='lat' dir='ltr'><strong>tria</strong></span> <span class='ocrx_word' id='word_1_35' title='bbox 461 609 520 653; x_wconf 87' lang='lat' dir='ltr'><strong>sie</strong></span> <span class='ocrx_word' id='word_1_36' title='bbox 538 608 728 668; x_wconf 82' lang='lat' dir='ltr'><strong>personis</strong></span> <span class='ocrx_word' id='word_1_37' title='bbox 751 608 929 667; x_wconf 85' lang='lat' dir='ltr'><strong>singulis</strong></span> <span class='ocrx_word' id='word_1_38' title='bbox 947 609 1194 668; x_wconf 87' lang='lat' dir='ltr'><strong>dispertitus</strong></span> <span class='ocrx_word' id='word_1_39' title='bbox 1218 623 1260 652; x_wconf 90' lang='lat' dir='ltr'><strong>es</strong></span> <span class='ocrx_word' id='word_1_40' title='bbox 1276 643 1286 663; x_wconf 90' lang='lat'><strong>,</strong></span> <span class='ocrx_word' id='word_1_41' title='bbox 1312 616 1360 651; x_wconf 88' lang='lat' dir='ltr'><strong>ut</strong></span> <span class='ocrx_word' id='word_1_42' title='bbox 1382 622 1540 668; x_wconf 88' lang='lat' dir='ltr'><strong>aquam</strong></span> <span class='ocrx_word' id='word_1_43' title='bbox 1564 607 1744 662; x_wconf 82' lang='lat' dir='ltr'><strong>Joanni,</strong></span> 
     </span>
     <span class='ocr_line' id='line_1_7' title="bbox 367 677 1747 737; baseline -0.001 -14"><span class='ocrx_word' id='word_1_44' title='bbox 367 679 574 737; x_wconf 86' lang='lat' dir='ltr'><strong>Spiritum</strong></span> <span class='ocrx_word' id='word_1_45' title='bbox 602 689 796 723; x_wconf 86' lang='lat' dir='ltr'><strong>sanctum</strong></span> <span class='ocrx_word' id='word_1_46' title='bbox 821 680 1006 724; x_wconf 90' lang='lat' dir='ltr'><strong>Domino</strong></span> <span class='ocrx_word' id='word_1_47' title='bbox 1023 682 1125 723; x_wconf 88' lang='lat' dir='ltr'><strong>Jesu</strong></span> <span class='ocrx_word' id='word_1_48' title='bbox 1139 679 1327 731; x_wconf 88' lang='lat' dir='ltr'><strong>Christo,</strong></span> <span class='ocrx_word' id='word_1_49' title='bbox 1345 687 1388 722; x_wconf 91' lang='lat' dir='ltr'><strong>et</strong></span> <span class='ocrx_word' id='word_1_50' title='bbox 1405 678 1550 737; x_wconf 84' lang='lat' dir='ltr'><strong>ignem</strong></span> <span class='ocrx_word' id='word_1_51' title='bbox 1570 677 1747 722; x_wconf 90' lang='lat' dir='ltr'><strong>tertium</strong></span> 
     </span>
     <span class='ocr_line' id='line_1_8' title="bbox 367 749 1747 810; baseline -0.001 -16"><span class='ocrx_word' id='word_1_52' title='bbox 367 749 586 794; x_wconf 81' lang='lat' dir='ltr'><strong>Paracleto</strong></span> <span class='ocrx_word' id='word_1_53' title='bbox 607 749 792 809; x_wconf 80' lang='lat' dir='ltr'>desuper</span> <span class='ocrx_word' id='word_1_54' title='bbox 815 751 943 794; x_wconf 86' lang='lat' dir='ltr'><strong>misso</strong></span> <span class='ocrx_word' id='word_1_55' title='bbox 973 750 1174 794; x_wconf 87' lang='lat' dir='ltr'><strong>tribueris</strong></span> <span class='ocrx_word' id='word_1_56' title='bbox 1190 786 1200 805; x_wconf 89' lang='lat'><strong>,</strong></span> <span class='ocrx_word' id='word_1_57' title='bbox 1227 759 1416 810; x_wconf 82' lang='lat' dir='ltr'><strong>quantus</strong></span> <span class='ocrx_word' id='word_1_58' title='bbox 1447 764 1566 793; x_wconf 88' lang='lat' dir='ltr'><strong>error</strong></span> <span class='ocrx_word' id='word_1_59' title='bbox 1586 750 1640 793; x_wconf 92' lang='lat' dir='ltr'><strong>sit</strong></span> <span class='ocrx_word' id='word_1_60' title='bbox 1668 764 1747 808; x_wconf 89' lang='lat' dir='ltr'><strong>pa-</strong></span> 
     </span>
     <span class='ocr_line' id='line_1_9' title="bbox 365 819 1747 880; baseline -0.001 -17"><span class='ocrx_word' id='word_1_61' title='bbox 365 836 537 878; x_wconf 89' lang='lat' dir='ltr'><strong>rumper</strong></span> <span class='ocrx_word' id='word_1_62' title='bbox 559 819 747 864; x_wconf 85' lang='lat' dir='ltr'><strong>adverte.</strong></span> <span class='ocrx_word' id='word_1_63' title='bbox 778 823 838 864; x_wconf 91' lang='lat' dir='ltr'><strong>Eo</strong></span> <span class='ocrx_word' id='word_1_64' title='bbox 855 821 1017 880; x_wconf 81' lang='lat' dir='ltr'><strong>quippe</strong></span> <span class='ocrx_word' id='word_1_65' title='bbox 1039 819 1196 864; x_wconf 88' lang='lat' dir='ltr'><strong>ductus</strong></span> <span class='ocrx_word' id='word_1_66' title='bbox 1219 836 1262 864; x_wconf 91' lang='lat' dir='ltr'><strong>es</strong></span> <span class='ocrx_word' id='word_1_67' title='bbox 1285 830 1332 864; x_wconf 93' lang='lat' dir='ltr'><strong>ut</strong></span> <span class='ocrx_word' id='word_1_68' title='bbox 1353 821 1410 864; x_wconf 84' lang='lat' dir='ltr'><strong>ita</strong></span> <span class='ocrx_word' id='word_1_69' title='bbox 1428 819 1624 873; x_wconf 83' lang='lat' dir='ltr'><strong>sentires,</strong></span> <span class='ocrx_word' id='word_1_70' title='bbox 1645 819 1747 879; x_wconf 89' lang='lat' dir='ltr'><strong>quia</strong></span> 
     </span>
     <span class='ocr_line' id='line_1_10' title="bbox 364 891 1748 951; baseline -0.001 -17"><span class='ocrx_word' id='word_1_71' title='bbox 364 893 551 934; x_wconf 83' lang='lat' dir='ltr'><strong>Joannes</strong></span> <span class='ocrx_word' id='word_1_72' title='bbox 575 891 631 934; x_wconf 86' lang='lat' dir='ltr'><strong>ait</strong></span> <span class='ocrx_word' id='word_1_73' title='bbox 660 910 667 934; x_wconf 90' lang='lat'>:</span> <span class='ocrx_word' id='word_1_74' title='bbox 698 910 717 932; x_wconf 91' lang='lat'>«</span> <span class='ocrx_word' id='word_1_75' title='bbox 744 894 836 949; x_wconf 82' lang='lat' dir='ltr'><strong>Ego</strong></span> <span class='ocrx_word' id='word_1_76' title='bbox 865 891 1042 950; x_wconf 81' lang='lat' dir='ltr'><strong>quidem</strong></span> <span class='ocrx_word' id='word_1_77' title='bbox 1068 891 1237 950; x_wconf 81' lang='lat' dir='ltr'><strong>baptizo</strong></span> <span class='ocrx_word' id='word_1_78' title='bbox 1260 891 1303 934; x_wconf 90' lang='lat' dir='ltr'><strong>in</strong></span> <span class='ocrx_word' id='word_1_79' title='bbox 1327 907 1438 951; x_wconf 85' lang='lat' dir='ltr'><strong>aqua</strong></span> <span class='ocrx_word' id='word_1_80' title='bbox 1456 926 1466 944; x_wconf 93' lang='lat'><strong>,</strong></span> <span class='ocrx_word' id='word_1_81' title='bbox 1503 891 1579 950; x_wconf 83' lang='lat' dir='ltr'><strong>qui</strong></span> <span class='ocrx_word' id='word_1_82' title='bbox 1603 898 1748 933; x_wconf 87' lang='lat' dir='ltr'><strong>autem</strong></span> 
     </span>
     <span class='ocr_line' id='line_1_11' title="bbox 368 959 1749 1021; baseline 0.001 -21"><span class='ocrx_word' id='word_1_83' title='bbox 368 980 387 1001; x_wconf 90' lang='lat'>»</span> <span class='ocrx_word' id='word_1_84' title='bbox 411 971 506 1020; x_wconf 81' lang='lat' dir='ltr'><strong>post</strong></span> <span class='ocrx_word' id='word_1_85' title='bbox 526 977 595 1005; x_wconf 85' lang='lat' dir='ltr'><strong>me</strong></span> <span class='ocrx_word' id='word_1_86' title='bbox 616 962 747 1016; x_wconf 80' lang='lat' dir='ltr'><strong>venit,</strong></span> <span class='ocrx_word' id='word_1_87' title='bbox 776 962 910 1021; x_wconf 81' lang='lat' dir='ltr'><strong>major</strong></span> <span class='ocrx_word' id='word_1_88' title='bbox 928 976 995 1004; x_wconf 78' lang='lat' dir='ltr'><strong>me</strong></span> <span class='ocrx_word' id='word_1_89' title='bbox 1016 970 1094 1015; x_wconf 85' lang='lat' dir='ltr'><strong>cst,</strong></span> <span class='ocrx_word' id='word_1_90' title='bbox 1117 962 1206 1020; x_wconf 89' lang='lat' dir='ltr'><strong>ipse</strong></span> <span class='ocrx_word' id='word_1_91' title='bbox 1222 976 1296 1005; x_wconf 82' lang='lat' dir='ltr'><strong>vos</strong></span> <span class='ocrx_word' id='word_1_92' title='bbox 1313 961 1502 1019; x_wconf 85' lang='lat' dir='ltr'><strong>baptizat</strong></span> <span class='ocrx_word' id='word_1_93' title='bbox 1520 961 1565 1003; x_wconf 89' lang='lat' dir='ltr'><strong>in</strong></span> <span class='ocrx_word' id='word_1_94' title='bbox 1586 959 1749 1019; x_wconf 81' lang='lat' dir='ltr'><strong>Spiritu</strong></span> 
     </span>
     <span class='ocr_line' id='line_1_12' title="bbox 369 1030 1750 1090; baseline 0 -17"><span class='ocrx_word' id='word_1_95' title='bbox 369 1052 387 1072; x_wconf 69' lang='grc' dir='ltr'><strong>υ</strong></span> <span class='ocrx_word' id='word_1_96' title='bbox 410 1042 558 1076; x_wconf 83' lang='lat' dir='ltr'><strong>sancto</strong></span> <span class='ocrx_word' id='word_1_97' title='bbox 592 1043 633 1077; x_wconf 91' lang='lat' dir='ltr'><strong>et</strong></span> <span class='ocrx_word' id='word_1_98' title='bbox 663 1033 749 1090; x_wconf 78' lang='lat' dir='ltr'><strong>igni</strong></span> <span class='ocrx_word' id='word_1_99' title='bbox 771 1036 798 1076; x_wconf 71' lang='lat'><strong>³.</strong></span> <span class='ocrx_word' id='word_1_100' title='bbox 837 1051 855 1073; x_wconf 89' lang='lat'>»</span> <span class='ocrx_word' id='word_1_101' title='bbox 889 1035 974 1078; x_wconf 90' lang='lat' dir='ltr'><strong>Nec</strong></span> <span class='ocrx_word' id='word_1_102' title='bbox 1004 1031 1275 1076; x_wconf 76' lang='lat' dir='ltr'><strong>considerare</strong></span> <span class='ocrx_word' id='word_1_103' title='bbox 1310 1032 1513 1086; x_wconf 81' lang='lat' dir='ltr'><strong>voluisti,</strong></span> <span class='ocrx_word' id='word_1_104' title='bbox 1547 1047 1636 1075; x_wconf 89' lang='lat' dir='ltr'><strong>non</strong></span> <span class='ocrx_word' id='word_1_105' title='bbox 1669 1030 1750 1074; x_wconf 86' lang='lat' dir='ltr'><strong>tria</strong></span> 
     </span>
     <span class='ocr_line' id='line_1_13' title="bbox 365 1101 1750 1161; baseline -0.001 -15"><span class='ocrx_word' id='word_1_106' title='bbox 365 1104 502 1146; x_wconf 83' lang='lat' dir='ltr'><strong>tribus</strong></span> <span class='ocrx_word' id='word_1_107' title='bbox 525 1102 770 1161; x_wconf 74' lang='lat' dir='ltr'><strong>singillatim</strong></span> <span class='ocrx_word' id='word_1_108' title='bbox 796 1118 884 1146; x_wconf 87' lang='lat' dir='ltr'><strong>esse</strong></span> <span class='ocrx_word' id='word_1_109' title='bbox 901 1112 1097 1161; x_wconf 84' lang='lat' dir='ltr'><strong>coaptata</strong></span> <span class='ocrx_word' id='word_1_110' title='bbox 1116 1137 1125 1155; x_wconf 93' lang='lat'><strong>,</strong></span> <span class='ocrx_word' id='word_1_111' title='bbox 1153 1117 1309 1161; x_wconf 79' lang='lat' dir='ltr'><strong>aquam</strong></span> <span class='ocrx_word' id='word_1_112' title='bbox 1334 1103 1516 1155; x_wconf 83' lang='lat' dir='ltr'><strong>Joanni,</strong></span> <span class='ocrx_word' id='word_1_113' title='bbox 1541 1101 1750 1160; x_wconf 89' lang='lat' dir='ltr'><strong>Spiritum</strong></span> 
     </span>
     <span class='ocr_line' id='line_1_14' title="bbox 364 1171 1751 1232; baseline -0.001 -15"><span class='ocrx_word' id='word_1_114' title='bbox 364 1174 560 1227; x_wconf 83' lang='lat' dir='ltr'><strong>Christo,</strong></span> <span class='ocrx_word' id='word_1_115' title='bbox 586 1174 729 1231; x_wconf 84' lang='lat' dir='ltr'><strong>ignem</strong></span> <span class='ocrx_word' id='word_1_116' title='bbox 759 1172 979 1216; x_wconf 80' lang='lat' dir='ltr'><strong>Paracleto</strong></span> <span class='ocrx_word' id='word_1_117' title='bbox 1002 1193 1011 1228; x_wconf 63' lang='grc' dir='ltr'><strong>ς</strong></span> <span class='ocrx_word' id='word_1_118' title='bbox 1032 1171 1106 1216; x_wconf 88' lang='lat' dir='ltr'><strong>sed</strong></span> <span class='ocrx_word' id='word_1_119' title='bbox 1142 1173 1219 1215; x_wconf 78' lang='lat' dir='ltr'><strong>tria</strong></span> <span class='ocrx_word' id='word_1_120' title='bbox 1260 1173 1351 1216; x_wconf 74' lang='lat' dir='ltr'><strong>haec</strong></span> <span class='ocrx_word' id='word_1_121' title='bbox 1374 1172 1429 1216; x_wconf 88' lang='lat' dir='ltr'><strong>ad</strong></span> <span class='ocrx_word' id='word_1_122' title='bbox 1467 1171 1576 1216; x_wconf 89' lang='lat' dir='ltr'><strong>duos</strong></span> <span class='ocrx_word' id='word_1_123' title='bbox 1607 1171 1751 1232; x_wconf 90' lang='lat' dir='ltr'><strong>potius</strong></span> 
     </span>
     <span class='ocr_line' id='line_1_15' title="bbox 364 1242 1746 1304; baseline -0.001 -16"><span class='ocrx_word' id='word_1_124' title='bbox 364 1246 593 1304; x_wconf 83' lang='lat' dir='ltr'><strong>pertinere,</strong></span> <span class='ocrx_word' id='word_1_125' title='bbox 611 1259 745 1288; x_wconf 85' lang='lat' dir='ltr'><strong>unum</strong></span> <span class='ocrx_word' id='word_1_126' title='bbox 766 1243 1061 1297; x_wconf 71' lang='lat' dir='ltr'><strong>adsoannem,</strong></span> <span class='ocrx_word' id='word_1_127' title='bbox 1084 1253 1125 1286; x_wconf 89' lang='lat' dir='ltr'><strong>et</strong></span> <span class='ocrx_word' id='word_1_128' title='bbox 1149 1243 1238 1287; x_wconf 87' lang='lat' dir='ltr'><strong>duo</strong></span> <span class='ocrx_word' id='word_1_129' title='bbox 1253 1253 1406 1287; x_wconf 76' lang='lat' dir='ltr'><strong>caetera</strong></span> <span class='ocrx_word' id='word_1_130' title='bbox 1424 1243 1477 1287; x_wconf 82' lang='lat' dir='ltr'><strong>ad</strong></span> <span class='ocrx_word' id='word_1_131' title='bbox 1497 1242 1746 1287; x_wconf 88' lang='lat' dir='ltr'><strong>Dominum.</strong></span> 
     </span>
     <span class='ocr_line' id='line_1_16' title="bbox 364 1314 1749 1374; baseline -0.002 -15"><span class='ocrx_word' id='word_1_132' title='bbox 364 1318 513 1374; x_wconf 80' lang='lat' dir='ltr'><strong>Neque</strong></span> <span class='ocrx_word' id='word_1_133' title='bbox 532 1316 644 1358; x_wconf 91' lang='lat' dir='ltr'><strong>enim</strong></span> <span class='ocrx_word' id='word_1_134' title='bbox 665 1314 828 1358; x_wconf 89' lang='lat' dir='ltr'><strong>dictum</strong></span> <span class='ocrx_word' id='word_1_135' title='bbox 848 1324 931 1358; x_wconf 86' lang='lat' dir='ltr'><strong>est:</strong></span> <span class='ocrx_word' id='word_1_136' title='bbox 952 1317 1044 1371; x_wconf 83' lang='lat' dir='ltr'><strong>Ego</strong></span> <span class='ocrx_word' id='word_1_137' title='bbox 1062 1314 1238 1373; x_wconf 82' lang='lat' dir='ltr'><strong>quidem</strong></span> <span class='ocrx_word' id='word_1_138' title='bbox 1252 1329 1327 1358; x_wconf 86' lang='lat' dir='ltr'><strong>vos</strong></span> <span class='ocrx_word' id='word_1_139' title='bbox 1352 1314 1525 1373; x_wconf 87' lang='lat' dir='ltr'><strong>baptizo</strong></span> <span class='ocrx_word' id='word_1_140' title='bbox 1549 1314 1593 1357; x_wconf 90' lang='lat' dir='ltr'><strong>in</strong></span> <span class='ocrx_word' id='word_1_141' title='bbox 1614 1329 1749 1374; x_wconf 69' lang='lat' dir='ltr'><strong>aqua;</strong></span> 
     </span>
     <span class='ocr_line' id='line_1_17' title="bbox 365 1385 1750 1445; baseline -0.001 -17"><span class='ocrx_word' id='word_1_142' title='bbox 365 1387 440 1444; x_wconf 81' lang='lat' dir='ltr'><strong>qui</strong></span> <span class='ocrx_word' id='word_1_143' title='bbox 465 1395 606 1428; x_wconf 82' lang='lat' dir='ltr'><strong>autem</strong></span> <span class='ocrx_word' id='word_1_144' title='bbox 639 1394 734 1444; x_wconf 88' lang='lat' dir='ltr'><strong>post</strong></span> <span class='ocrx_word' id='word_1_145' title='bbox 766 1401 834 1428; x_wconf 92' lang='lat' dir='ltr'><strong>me</strong></span> <span class='ocrx_word' id='word_1_146' title='bbox 852 1385 997 1439; x_wconf 81' lang='lat' dir='ltr'><strong>venit,</strong></span> <span class='ocrx_word' id='word_1_147' title='bbox 1031 1386 1169 1443; x_wconf 81' lang='lat' dir='ltr'><strong>major</strong></span> <span class='ocrx_word' id='word_1_148' title='bbox 1193 1400 1259 1427; x_wconf 88' lang='lat' dir='ltr'><strong>me</strong></span> <span class='ocrx_word' id='word_1_149' title='bbox 1283 1395 1370 1439; x_wconf 92' lang='lat' dir='ltr'><strong>est,</strong></span> <span class='ocrx_word' id='word_1_150' title='bbox 1398 1386 1520 1445; x_wconf 87' lang='lat' dir='ltr'><strong>cujus</strong></span> <span class='ocrx_word' id='word_1_151' title='bbox 1543 1400 1631 1429; x_wconf 87' lang='lat' dir='ltr'><strong>non</strong></span> <span class='ocrx_word' id='word_1_152' title='bbox 1655 1399 1750 1428; x_wconf 88' lang='lat' dir='ltr'><strong>sum</strong></span> 
     </span>
     <span class='ocr_line' id='line_1_18' title="bbox 365 1455 1750 1515; baseline 0.001 -17"><span class='ocrx_word' id='word_1_153' title='bbox 365 1456 521 1514; x_wconf 83' lang='lat' dir='ltr'><strong>dignus</strong></span> <span class='ocrx_word' id='word_1_154' title='bbox 543 1455 832 1500; x_wconf 81' lang='lat' dir='ltr'><strong>calceamenta</strong></span> <span class='ocrx_word' id='word_1_155' title='bbox 857 1466 1026 1514; x_wconf 84' lang='lat' dir='ltr'><strong>portare</strong></span> <span class='ocrx_word' id='word_1_156' title='bbox 1043 1491 1054 1510; x_wconf 92' lang='lat'><strong>,</strong></span> <span class='ocrx_word' id='word_1_157' title='bbox 1081 1457 1170 1515; x_wconf 88' lang='lat' dir='ltr'><strong>ipse</strong></span> <span class='ocrx_word' id='word_1_158' title='bbox 1189 1471 1263 1499; x_wconf 87' lang='lat' dir='ltr'><strong>vos</strong></span> <span class='ocrx_word' id='word_1_159' title='bbox 1293 1456 1484 1515; x_wconf 83' lang='lat' dir='ltr'><strong>baptizat</strong></span> <span class='ocrx_word' id='word_1_160' title='bbox 1506 1456 1551 1499; x_wconf 90' lang='lat' dir='ltr'><strong>in</strong></span> <span class='ocrx_word' id='word_1_161' title='bbox 1587 1456 1750 1514; x_wconf 83' lang='lat' dir='ltr'><strong>Spiritu</strong></span> 
     </span>
     <span class='ocr_line' id='line_1_19' title="bbox 364 1525 1752 1586; baseline 0.001 -17"><span class='ocrx_word' id='word_1_162' title='bbox 364 1535 535 1583; x_wconf 79' lang='lat' dir='ltr'><strong>sancto3</strong></span> <span class='ocrx_word' id='word_1_163' title='bbox 557 1527 630 1586; x_wconf 80' lang='lat' dir='ltr'><strong>qui</strong></span> <span class='ocrx_word' id='word_1_164' title='bbox 647 1537 789 1570; x_wconf 84' lang='lat' dir='ltr'><strong>autem</strong></span> <span class='ocrx_word' id='word_1_165' title='bbox 810 1535 904 1585; x_wconf 89' lang='lat' dir='ltr'><strong>post</strong></span> <span class='ocrx_word' id='word_1_166' title='bbox 922 1525 1044 1569; x_wconf 82' lang='lat' dir='ltr'><strong>illum</strong></span> <span class='ocrx_word' id='word_1_167' title='bbox 1064 1535 1272 1570; x_wconf 88' lang='lat' dir='ltr'><strong>venturus</strong></span> <span class='ocrx_word' id='word_1_168' title='bbox 1291 1536 1354 1570; x_wconf 91' lang='lat' dir='ltr'><strong>est</strong></span> <span class='ocrx_word' id='word_1_169' title='bbox 1374 1526 1640 1581; x_wconf 80' lang='lat' dir='ltr'>Paracletus,</span> <span class='ocrx_word' id='word_1_170' title='bbox 1661 1527 1752 1585; x_wconf 90' lang='lat' dir='ltr'><strong>ipse</strong></span> 
     </span>
     <span class='ocr_line' id='line_1_20' title="bbox 366 1597 1749 1658; baseline 0 -17"><span class='ocrx_word' id='word_1_171' title='bbox 366 1613 439 1641; x_wconf 88' lang='lat' dir='ltr'><strong>vos</strong></span> <span class='ocrx_word' id='word_1_172' title='bbox 457 1599 698 1657; x_wconf 84' lang='lat' dir='ltr'><strong>baptizatin</strong></span> <span class='ocrx_word' id='word_1_173' title='bbox 715 1598 837 1655; x_wconf 83' lang='lat' dir='ltr'><strong>igne:</strong></span> <span class='ocrx_word' id='word_1_174' title='bbox 864 1597 940 1641; x_wconf 85' lang='lat' dir='ltr'><strong>sed</strong></span> <span class='ocrx_word' id='word_1_175' title='bbox 973 1617 992 1638; x_wconf 89' lang='lat'>«</span> <span class='ocrx_word' id='word_1_176' title='bbox 1019 1601 1111 1656; x_wconf 80' lang='lat' dir='ltr'><strong>Ego</strong></span> <span class='ocrx_word' id='word_1_177' title='bbox 1135 1598 1328 1657; x_wconf 85' lang='lat' dir='ltr'><strong>quidem,</strong></span> <span class='ocrx_word' id='word_1_178' title='bbox 1354 1599 1511 1658; x_wconf 88' lang='lat' dir='ltr'><strong>inquit,</strong></span> <span class='ocrx_word' id='word_1_179' title='bbox 1537 1598 1581 1641; x_wconf 90' lang='lat' dir='ltr'><strong>in</strong></span> <span class='ocrx_word' id='word_1_180' title='bbox 1604 1613 1716 1657; x_wconf 86' lang='lat' dir='ltr'><strong>aqua</strong></span> <span class='ocrx_word' id='word_1_181' title='bbox 1738 1618 1749 1655; x_wconf 82' lang='lat'>3</span> 
     </span>
     <span class='ocr_line' id='line_1_21' title="bbox 369 1668 1751 1728; baseline 0.001 -19"><span class='ocrx_word' id='word_1_182' title='bbox 369 1688 386 1708; x_wconf 72' lang='lat' dir='ltr'>n</span> <span class='ocrx_word' id='word_1_183' title='bbox 400 1669 472 1728; x_wconf 78' lang='lat' dir='ltr'><strong>qui</strong></span> <span class='ocrx_word' id='word_1_184' title='bbox 490 1679 632 1713; x_wconf 87' lang='lat' dir='ltr'><strong>autem</strong></span> <span class='ocrx_word' id='word_1_185' title='bbox 650 1679 743 1727; x_wconf 90' lang='lat' dir='ltr'><strong>post</strong></span> <span class='ocrx_word' id='word_1_186' title='bbox 755 1684 823 1712; x_wconf 90' lang='lat' dir='ltr'><strong>me</strong></span> <span class='ocrx_word' id='word_1_187' title='bbox 837 1670 969 1722; x_wconf 81' lang='lat' dir='ltr'><strong>venit,</strong></span> <span class='ocrx_word' id='word_1_188' title='bbox 986 1668 1030 1711; x_wconf 88' lang='lat' dir='ltr'><strong>in</strong></span> <span class='ocrx_word' id='word_1_189' title='bbox 1047 1669 1208 1727; x_wconf 79' lang='lat' dir='ltr'><strong>Spiritu</strong></span> <span class='ocrx_word' id='word_1_190' title='bbox 1226 1678 1375 1713; x_wconf 83' lang='lat' dir='ltr'><strong>sancto</strong></span> <span class='ocrx_word' id='word_1_191' title='bbox 1389 1678 1431 1712; x_wconf 88' lang='lat' dir='ltr'><strong>et</strong></span> <span class='ocrx_word' id='word_1_192' title='bbox 1445 1669 1548 1727; x_wconf 84' lang='lat' dir='ltr'><strong>igni.</strong></span> <span class='ocrx_word' id='word_1_193' title='bbox 1566 1687 1585 1709; x_wconf 91' lang='lat'>»</span> <span class='ocrx_word' id='word_1_194' title='bbox 1603 1670 1751 1712; x_wconf 88' lang='lat' dir='ltr'><strong>Unum</strong></span> 
     </span>
     <span class='ocr_line' id='line_1_22' title="bbox 365 1727 1754 1799; baseline -0.001 -17"><span class='ocrx_word' id='word_1_195' title='bbox 365 1740 445 1782; x_wconf 87' lang='lat' dir='ltr'><strong>sibi</strong></span> <span class='ocrx_word' id='word_1_196' title='bbox 470 1740 636 1793; x_wconf 83' lang='lat' dir='ltr'><strong>tribuit,</strong></span> <span class='ocrx_word' id='word_1_197' title='bbox 658 1739 719 1782; x_wconf 90' lang='lat' dir='ltr'><strong>illi</strong></span> <span class='ocrx_word' id='word_1_198' title='bbox 741 1740 843 1783; x_wconf 86' lang='lat' dir='ltr'><strong>duo.</strong></span> <span class='ocrx_word' id='word_1_199' title='bbox 858 1739 987 1782; x_wconf 88' lang='lat' dir='ltr'><strong>Vides</strong></span> <span class='ocrx_word' id='word_1_200' title='bbox 1010 1754 1113 1797; x_wconf 80' lang='lat' dir='ltr'><strong>ergo</strong></span> <span class='ocrx_word' id='word_1_201' title='bbox 1133 1727 1508 1799; x_wconf 70' lang='lat' dir='ltr'><strong>quemadmodum</strong></span> <span class='ocrx_word' id='word_1_202' title='bbox 1534 1748 1574 1782; x_wconf 91' lang='lat' dir='ltr'><strong>te</strong></span> <span class='ocrx_word' id='word_1_203' title='bbox 1598 1737 1754 1782; x_wconf 85' lang='lat' dir='ltr'><strong>fefellit</strong></span> 
     </span>
     <span class='ocr_line' id='line_1_23' title="bbox 367 1809 1753 1869; baseline -0.001 -16"><span class='ocrx_word' id='word_1_204' title='bbox 367 1826 587 1854; x_wconf 85' lang='lat' dir='ltr'><strong>numerus.</strong></span> <span class='ocrx_word' id='word_1_205' title='bbox 618 1810 771 1854; x_wconf 72' lang='lat' dir='ltr'><strong>Adhuc</strong></span> <span class='ocrx_word' id='word_1_206' title='bbox 794 1809 969 1854; x_wconf 82' lang='lat' dir='ltr'><strong>attende</strong></span> <span class='ocrx_word' id='word_1_207' title='bbox 995 1829 1003 1853; x_wconf 90' lang='lat'>:</span> <span class='ocrx_word' id='word_1_208' title='bbox 1031 1825 1170 1853; x_wconf 87' lang='lat' dir='ltr'><strong>unum</strong></span> <span class='ocrx_word' id='word_1_209' title='bbox 1195 1809 1340 1853; x_wconf 77' lang='lat' dir='ltr'><strong>dixisti</strong></span> <span class='ocrx_word' id='word_1_210' title='bbox 1375 1810 1639 1869; x_wconf 85' lang='lat' dir='ltr'><strong>baptismum</strong></span> <span class='ocrx_word' id='word_1_211' title='bbox 1676 1809 1753 1853; x_wconf 89' lang='lat' dir='ltr'><strong>tri-</strong></span> 
     </span>
     <span class='ocr_line' id='line_1_24' title="bbox 368 1880 1750 1940; baseline -0.001 -15"><span class='ocrx_word' id='word_1_212' title='bbox 368 1882 444 1925; x_wconf 87' lang='lat' dir='ltr'><strong>bus</strong></span> <span class='ocrx_word' id='word_1_213' title='bbox 467 1881 668 1939; x_wconf 84' lang='lat' dir='ltr'><strong>gradibus</strong></span> <span class='ocrx_word' id='word_1_214' title='bbox 690 1891 1006 1935; x_wconf 84' lang='lat' dir='ltr'><strong>consecratum,</strong></span> <span class='ocrx_word' id='word_1_215' title='bbox 1035 1896 1163 1940; x_wconf 80' lang='lat' dir='ltr'><strong>aqua,</strong></span> <span class='ocrx_word' id='word_1_216' title='bbox 1200 1881 1362 1939; x_wconf 87' lang='lat' dir='ltr'><strong>Spiritu</strong></span> <span class='ocrx_word' id='word_1_217' title='bbox 1385 1890 1550 1934; x_wconf 83' lang='lat' dir='ltr'><strong>sancto,</strong></span> <span class='ocrx_word' id='word_1_218' title='bbox 1577 1890 1620 1924; x_wconf 88' lang='lat' dir='ltr'><strong>et</strong></span> <span class='ocrx_word' id='word_1_219' title='bbox 1641 1880 1750 1939; x_wconf 81' lang='lat' dir='ltr'><strong>igni,</strong></span> 
     </span>
     <span class='ocr_line' id='line_1_25' title="bbox 368 1950 1750 2011; baseline -0.002 -14"><span class='ocrx_word' id='word_1_220' title='bbox 368 1962 408 1997; x_wconf 74' lang='lat' dir='ltr'><strong>et</strong></span> <span class='ocrx_word' id='word_1_221' title='bbox 428 1962 510 1996; x_wconf 88' lang='lat' dir='ltr'><strong>tres</strong></span> <span class='ocrx_word' id='word_1_222' title='bbox 532 1968 734 2011; x_wconf 81' lang='lat' dir='ltr'><strong>personas</strong></span> <span class='ocrx_word' id='word_1_223' title='bbox 758 1968 832 2011; x_wconf 87' lang='lat' dir='ltr'><strong>per</strong></span> <span class='ocrx_word' id='word_1_224' title='bbox 854 1952 1018 2010; x_wconf 85' lang='lat' dir='ltr'><strong>singula</strong></span> <span class='ocrx_word' id='word_1_225' title='bbox 1040 1951 1240 2011; x_wconf 81' lang='lat' dir='ltr'><strong>posuisti,</strong></span> <span class='ocrx_word' id='word_1_226' title='bbox 1266 1954 1480 1996; x_wconf 87' lang='lat' dir='ltr'><strong>Joannem</strong></span> <span class='ocrx_word' id='word_1_227' title='bbox 1500 1950 1555 1995; x_wconf 82' lang='lat' dir='ltr'><strong>ad</strong></span> <span class='ocrx_word' id='word_1_228' title='bbox 1575 1966 1750 2011; x_wconf 85' lang='lat' dir='ltr'><strong>aquam,</strong></span> 
     </span>
     <span class='ocr_line' id='line_1_26' title="bbox 367 2022 1753 2083; baseline -0.002 -14"><span class='ocrx_word' id='word_1_229' title='bbox 367 2025 586 2069; x_wconf 85' lang='lat' dir='ltr'><strong>Christum</strong></span> <span class='ocrx_word' id='word_1_230' title='bbox 621 2024 675 2067; x_wconf 83' lang='lat' dir='ltr'><strong>ad</strong></span> <span class='ocrx_word' id='word_1_231' title='bbox 710 2023 914 2083; x_wconf 86' lang='lat' dir='ltr'><strong>Spiritum</strong></span> <span class='ocrx_word' id='word_1_232' title='bbox 934 2059 943 2078; x_wconf 93' lang='lat'><strong>,</strong></span> <span class='ocrx_word' id='word_1_233' title='bbox 980 2022 1252 2067; x_wconf 88' lang='lat' dir='ltr'><strong>Paracletum</strong></span> <span class='ocrx_word' id='word_1_234' title='bbox 1289 2022 1343 2066; x_wconf 81' lang='lat' dir='ltr'><strong>acl</strong></span> <span class='ocrx_word' id='word_1_235' title='bbox 1379 2023 1539 2082; x_wconf 84' lang='lat' dir='ltr'><strong>ignem.</strong></span> <span class='ocrx_word' id='word_1_236' title='bbox 1575 2023 1617 2067; x_wconf 92' lang='lat' dir='ltr'><strong>Si</strong></span> <span class='ocrx_word' id='word_1_237' title='bbox 1651 2036 1753 2080; x_wconf 86' lang='lat' dir='ltr'><strong>ergo</strong></span> 
     </span>
     <span class='ocr_line' id='line_1_27' title="bbox 369 2094 1756 2154; baseline -0.002 -16"><span class='ocrx_word' id='word_1_238' title='bbox 369 2111 480 2154; x_wconf 80' lang='lat' dir='ltr'><strong>aqua</strong></span> <span class='ocrx_word' id='word_1_239' title='bbox 499 2095 676 2138; x_wconf 81' lang='lat' dir='ltr'><strong>Joannis</strong></span> <span class='ocrx_word' id='word_1_240' title='bbox 700 2095 753 2138; x_wconf 87' lang='lat' dir='ltr'><strong>ad</strong></span> <span class='ocrx_word' id='word_1_241' title='bbox 782 2094 983 2138; x_wconf 90' lang='lat' dir='ltr'><strong>eumdem</strong></span> <span class='ocrx_word' id='word_1_242' title='bbox 1008 2095 1195 2153; x_wconf 88' lang='lat' dir='ltr'><strong>pertinet</strong></span> <span class='ocrx_word' id='word_1_243' title='bbox 1221 2094 1343 2152; x_wconf 85' lang='lat' dir='ltr'><strong>cujus</strong></span> <span class='ocrx_word' id='word_1_244' title='bbox 1371 2097 1511 2136; x_wconf 85' lang='lat' dir='ltr'><strong>unitas</strong></span> <span class='ocrx_word' id='word_1_245' title='bbox 1531 2107 1756 2137; x_wconf 91' lang='lat' dir='ltr'><strong>commen-</strong></span> 
     </span>
     <span class='ocr_line' id='line_1_28' title="bbox 369 2162 1754 2223; baseline -0.001 -15"><span class='ocrx_word' id='word_1_246' title='bbox 369 2164 519 2218; x_wconf 86' lang='lat' dir='ltr'><strong>datur,</strong></span> <span class='ocrx_word' id='word_1_247' title='bbox 547 2180 633 2208; x_wconf 89' lang='lat' dir='ltr'><strong>non</strong></span> <span class='ocrx_word' id='word_1_248' title='bbox 660 2163 907 2208; x_wconf 87' lang='lat' dir='ltr'><strong>debuerunt</strong></span> <span class='ocrx_word' id='word_1_249' title='bbox 939 2165 1142 2222; x_wconf 84' lang='lat' dir='ltr'><strong>baptizari</strong></span> <span class='ocrx_word' id='word_1_250' title='bbox 1167 2164 1356 2223; x_wconf 86' lang='lat' dir='ltr'><strong>jubente</strong></span> <span class='ocrx_word' id='word_1_251' title='bbox 1393 2163 1528 2207; x_wconf 87' lang='lat' dir='ltr'><strong>Paulo</strong></span> <span class='ocrx_word' id='word_1_252' title='bbox 1557 2162 1754 2222; x_wconf 83' lang='lat' dir='ltr'><strong>apostolo</strong></span> 
     </span>
     <span class='ocr_line' id='line_1_29' title="bbox 369 2233 1757 2294; baseline -0.001 -16"><span class='ocrx_word' id='word_1_253' title='bbox 369 2251 479 2294; x_wconf 89' lang='lat' dir='ltr'><strong>quos</strong></span> <span class='ocrx_word' id='word_1_254' title='bbox 503 2234 1019 2294; x_wconf 82' lang='lat' dir='ltr'><strong>compereratbaptizatos</strong></span> <span class='ocrx_word' id='word_1_255' title='bbox 1039 2250 1061 2277; x_wconf 80' lang='lat' dir='ltr'><strong>a</strong></span> <span class='ocrx_word' id='word_1_256' title='bbox 1077 2235 1242 2276; x_wconf 83' lang='lat' dir='ltr'><strong>Joanne</strong></span> <span class='ocrx_word' id='word_1_257' title='bbox 1264 2233 1378 2291; x_wconf 83' lang='lat' dir='ltr'><strong>:jam</strong></span> <span class='ocrx_word' id='word_1_258' title='bbox 1401 2233 1516 2276; x_wconf 91' lang='lat' dir='ltr'><strong>enim</strong></span> <span class='ocrx_word' id='word_1_259' title='bbox 1536 2233 1757 2277; x_wconf 86' lang='lat' dir='ltr'><strong>habebant</strong></span> 
     </span>
     <span class='ocr_line' id='line_1_30' title="bbox 372 2303 1768 2365; baseline 0 -17"><span class='ocrx_word' id='word_1_260' title='bbox 372 2306 606 2365; x_wconf 48' lang='lat' dir='ltr'><strong>aquams&#39;ad</strong></span> <span class='ocrx_word' id='word_1_261' title='bbox 630 2305 848 2358; x_wconf 84' lang='lat' dir='ltr'><strong>eumdem,</strong></span> <span class='ocrx_word' id='word_1_262' title='bbox 870 2305 979 2348; x_wconf 90' lang='lat' dir='ltr'><strong>sicut</strong></span> <span class='ocrx_word' id='word_1_263' title='bbox 1001 2303 1123 2357; x_wconf 88' lang='lat' dir='ltr'><strong>dicis,</strong></span> <span class='ocrx_word' id='word_1_264' title='bbox 1147 2303 1409 2361; x_wconf 83' lang='lat' dir='ltr'><strong>baptismum</strong></span> <span class='ocrx_word' id='word_1_265' title='bbox 1433 2304 1721 2362; x_wconf 83' lang='lat' dir='ltr'><strong>pertinentem</strong></span> <span class='ocrx_word' id='word_1_266' title='bbox 1743 2304 1768 2348; x_wconf 69' lang='grc' dir='ltr'><strong>τ’</strong></span> 
     </span>
     <span class='ocr_line' id='line_1_31' title="bbox 372 2375 1758 2435; baseline -0.001 -15"><span class='ocrx_word' id='word_1_267' title='bbox 372 2377 561 2420; x_wconf 84' lang='lat' dir='ltr'><strong>restabat</strong></span> <span class='ocrx_word' id='word_1_268' title='bbox 584 2385 632 2420; x_wconf 90' lang='lat' dir='ltr'><strong>ut</strong></span> <span class='ocrx_word' id='word_1_269' title='bbox 652 2377 854 2435; x_wconf 87' lang='lat' dir='ltr'><strong>Spiritum</strong></span> <span class='ocrx_word' id='word_1_270' title='bbox 880 2386 921 2419; x_wconf 86' lang='lat' dir='ltr'><strong>et</strong></span> <span class='ocrx_word' id='word_1_271' title='bbox 939 2375 1083 2433; x_wconf 79' lang='lat' dir='ltr'><strong>ignem</strong></span> <span class='ocrx_word' id='word_1_272' title='bbox 1114 2375 1373 2433; x_wconf 82' lang='lat' dir='ltr'><strong>acciperent,</strong></span> <span class='ocrx_word' id='word_1_273' title='bbox 1400 2376 1500 2435; x_wconf 85' lang='lat' dir='ltr'><strong>quia</strong></span> <span class='ocrx_word' id='word_1_274' title='bbox 1525 2375 1758 2420; x_wconf 78' lang='lat' dir='ltr'><strong>defuerant</strong></span> 
     </span>
     <span class='ocr_line' id='line_1_32' title="bbox 375 2445 1757 2505; baseline -0.001 -15"><span class='ocrx_word' id='word_1_275' title='bbox 375 2448 547 2501; x_wconf 79' lang='lat' dir='ltr'><strong>Joanni,</strong></span> <span class='ocrx_word' id='word_1_276' title='bbox 572 2457 621 2491; x_wconf 91' lang='lat' dir='ltr'><strong>ut</strong></span> <span class='ocrx_word' id='word_1_277' title='bbox 640 2446 932 2505; x_wconf 86' lang='lat' dir='ltr'><strong>compleretur</strong></span> <span class='ocrx_word' id='word_1_278' title='bbox 952 2447 1189 2504; x_wconf 87' lang='lat' dir='ltr'><strong>baptismus</strong></span> <span class='ocrx_word' id='word_1_279' title='bbox 1214 2445 1368 2500; x_wconf 89' lang='lat' dir='ltr'><strong>tribus,</strong></span> <span class='ocrx_word' id='word_1_280' title='bbox 1397 2457 1446 2490; x_wconf 92' lang='lat' dir='ltr'><strong>ut</strong></span> <span class='ocrx_word' id='word_1_281' title='bbox 1469 2447 1633 2500; x_wconf 88' lang='lat' dir='ltr'><strong>asseris,</strong></span> <span class='ocrx_word' id='word_1_282' title='bbox 1658 2461 1757 2505; x_wconf 84' lang='lat' dir='ltr'><strong>gra-</strong></span> 
     </span>
     <span class='ocr_line' id='line_1_33' title="bbox 375 2515 1761 2575; baseline -0.001 -14"><span class='ocrx_word' id='word_1_283' title='bbox 375 2518 502 2561; x_wconf 86' lang='lat' dir='ltr'><strong>dibus</strong></span> <span class='ocrx_word' id='word_1_284' title='bbox 527 2527 815 2562; x_wconf 87' lang='lat' dir='ltr'><strong>consecratus.</strong></span> <span class='ocrx_word' id='word_1_285' title='bbox 844 2519 956 2562; x_wconf 90' lang='lat' dir='ltr'><strong>Cum</strong></span> <span class='ocrx_word' id='word_1_286' title='bbox 980 2532 1081 2560; x_wconf 86' lang='lat' dir='ltr'><strong>vero</strong></span> <span class='ocrx_word' id='word_1_287' title='bbox 1104 2517 1360 2561; x_wconf 78' lang='lat' dir='ltr'><strong>auctoritate</strong></span> <span class='ocrx_word' id='word_1_288' title='bbox 1394 2515 1630 2575; x_wconf 84' lang='lat' dir='ltr'><strong>apostolica</strong></span> <span class='ocrx_word' id='word_1_289' title='bbox 1653 2515 1761 2574; x_wconf 86' lang='lat' dir='ltr'><strong>jussi</strong></span> 
     </span>
    </p>

    <p class='ocr_par' dir='ltr' id='par_1_4' title="bbox 424 2602 722 2641">
     <span class='ocr_line' id='line_1_34' title="bbox 424 2602 722 2641; baseline 0 -8"><span class='ocrx_word' id='word_1_290' title='bbox 424 2610 430 2624; x_wconf 81' lang='lat'>¹</span> <span class='ocrx_word' id='word_1_291' title='bbox 454 2602 559 2634; x_wconf 77' lang='lat' dir='ltr'><strong>Matih</strong></span> <span class='ocrx_word' id='word_1_292' title='bbox 599 2613 642 2641; x_wconf 82' lang='lat' dir='ltr'><strong>iu,</strong></span> <span class='ocrx_word' id='word_1_293' title='bbox 678 2611 722 2633; x_wconf 81' lang='grc' dir='ltr'><strong>ιι.</strong></span> 
     </span>
    </p>
   </div>
  </div>
 </body>
</html>
