1825 3264
264 258 425 285 CONTRA
457 258 720 286 cans-‚comum
754 259 1041 297 nomnsTAM,
1077 260 1157 287 Lm.
1195 261 1259 287 111.
1370 248 1454 287 385

73 320 215 366 delem
237 322 542 383 perfidumque
555 323 771 368 discernas
787 344 798 380 3
815 324 928 368 idem
946 325 1024 368 tibi
1038 325 1132 384 pius
1146 334 1278 386 atque
1295 325 1454 384 impius

75 390 272 436 videatur
305 408 313 433 :
341 411 360 434 »
387 394 508 452 quod
543 409 622 453 ego
652 409 741 438 non
764 393 852 438 dixi
877 396 905 436 ¹.
936 394 1019 439 Sed
1048 393 1175 453 plane
1204 394 1313 439 illud
1348 394 1453 448 dixi,

74 463 192 506 unde
216 472 264 507 tu
286 464 409 523 quasi
438 465 520 509 hoc
543 464 729 509 dicerem
759 464 999 508 exclamare
1027 465 1224 517 voluisti,
1250 475 1293 509 et
1315 464 1459 509 dicere

73 533 194 593 quod
216 549 307 577 non
329 533 434 587 dixi,
469 553 487 575 α
510 535 606 579 Sive
621 569 631 588 ,
664 535 843 594 inquam
860 569 870 587 ‚
908 549 930 578 a
954 534 1094 589 fideli,
1124 536 1212 579 sive
1235 552 1256 579 a
1292 535 1460 595 perfido

75 603 368 663 dispensatore
381 614 697 649 sacramentum
716 606 902 666 quisque
916 607 1138 664 percipiat.
1159 624 1178 646 »
1200 610 1249 650 ln
1264 622 1348 665 qua
1362 622 1460 649 sen-

76 674 210 719 tentia
234 691 321 719 non
344 675 451 719 nihil
476 675 589 719 inter
622 675 793 720 fidelem
829 676 1135 735 perfidumque
1157 675 1355 731 discrevi,
1382 692 1462 720 nce

67 745 174 803 jussi
189 754 238 787 ut
259 746 372 788 idem
397 746 557 805 cuique
569 747 665 804 pius
685 756 815 806 atque
831 746 990 805 impius
1006 746 1206 790 videatur
1225 766 1232 791 :
1253 745 1326 790 sed
1345 746 1461 790 idem

72 825 388 859 sacramentum
408 816 529 874 pium
547 825 591 860 et
612 816 794 875 impium
814 831 933 873 posse
956 817 1143 871 habere,
1168 817 1288 877 quod
1310 832 1390 860 nec
1415 826 1461 860 tu

73 900 221 943 negas,
248 885 325 944 qui
342 884 494 929 saltem
516 895 613 944 post
636 887 792 945 impios
816 885 1010 930 occultos
1039 886 1348 946 baptizandum
1373 902 1462 931 non

73 971 162 1000 esse
191 956 406 1000 concedis.
450 957 638 1001 Proinde
671 958 763 1001 sine
796 973 923 1002 causa
959 958 1188 1018 conjungis
1227 967 1270 1001 et
1301 957 1407 1002 dicis
1427 962 1455 1012 ¹,

77 1046 95 1067 ι(
121 1025 239 1071 Nihil
263 1025 438 1086 prodest
458 1027 581 1071 bonis
599 1028 791 1072 moribus
808 1028 968 1082 vivere,
989 1030 1091 1087 quia
1108 1027 1326 1087 quidquid
1339 1029 1459 1087 justo

71 1096 187 1151 licet,
207 1106 348 1155 potest
371 1106 414 1140 et
436 1098 622 1157 injustus
640 1098 838 1157 implere,
862 1116 881 1139 »
904 1098 1006 1157 quia
1027 1107 1069 1142 et
1093 1097 1250 1142 falsum
1273 1107 1352 1152 est,
1373 1107 1416 1141 et
1438 1114 1461 1141 a

71 1182 141 1211 me
158 1167 325 1211 dictum
346 1183 435 1211 non
469 1177 545 1211 est.
577 1169 686 1212 Boni
718 1169 881 1227 quippe
906 1183 1045 1212 mores
1074 1168 1207 1211 vitam
1244 1168 1457 1212 bonorum

71 1236 377 1297 malorumque
412 1237 689 1292 discernunt,
716 1247 758 1282 et
781 1238 835 1282 ad
863 1237 1030 1282 diversa
1069 1239 1331 1297 perducunt.
1373 1241 1462 1283 Nec

71 1307 287 1367 quidquid
302 1309 420 1367 justo
443 1308 566 1362 licet,
589 1317 730 1366 potest
746 1317 789 1352 et
810 1308 995 1367 injustus
1017 1309 1218 1367 implere,
1254 1310 1354 1368 quia
1371 1310 1461 1369 jus-

71 1387 141 1422 tus
162 1378 315 1437 implet
346 1378 483 1436 legem
507 1379 666 1424 Christi
691 1393 769 1437 per
793 1378 1093 1433 dilectionem,
1131 1378 1247 1422 unde
1275 1381 1460 1438 injustus

72 1447 238 1493 alienus
261 1458 350 1500 est;
376 1458 518 1508 potest
540 1459 685 1493 tamen
711 1449 876 1508 aliquid
893 1449 1011 1508 quod
1037 1458 1079 1492 et
1096 1450 1238 1509 justus
1262 1449 1455 1508 implere,

72 1527 123 1562 ut
145 1529 188 1563 et
209 1520 300 1578 ipse
328 1520 534 1578 baptizet,
560 1520 593 1562 si
615 1518 723 1562 nihil
746 1518 887 1573 aliud,
919 1528 1036 1563 certe
1057 1534 1156 1563 cum
1186 1519 1292 1563 latet
1319 1540 1326 1564 :
1352 1521 1461 1564 sicut

70 1589 200 1634 etiam
223 1590 285 1633 illi
306 1600 486 1649 possunt
518 1591 594 1634 Dei
618 1589 826 1634 mondata
847 1590 1084 1649 praedicare
1112 1590 1223 1634 sicut
1242 1591 1364 1650 justi,
1385 1592 1459 1634 scd

70 1675 158 1704 non
182 1661 424 1704 secundum
453 1676 499 1704 ea
524 1661 668 1705 vivere
698 1660 809 1704 sieut
826 1661 954 1719 justi,
981 1660 1035 1704 de
1055 1660 1259 1720 qualibus
1289 1661 1455 1704 dictum

70 1741 132 1775 est
151 1766 160 1785 ,
190 1751 210 1773 «
234 1734 342 1785 Quae
363 1731 517 1776 dicunt
542 1730 670 1776 facite
690 1765 700 1783 ‚
727 1747 825 1790 quae
856 1741 1002 1777 autem
1025 1731 1193 1776 faciunt
1209 1731 1352 1776 facere
1374 1747 1456 1776 no-

73 1821 93 1844 »
114 1802 224 1846 lite'2.
253 1821 273 1844 »

130 1875 182 1916 V.
209 1873 290 1918 Sed
310 1873 379 1917 fac
404 1874 614 1932 injustum
642 1889 730 1917 non
761 1874 967 1917 latentem
995 1882 1039 1916 et
1058 1871 1281 1916 nonnullis
1303 1873 1456 1931 cogni-

72 1953 164 1988 tum
183 1944 306 1988 bonis
330 1960 407 2003 per
436 1944 625 2004 aliquam
654 1945 898 1989 seditiosam
928 1943 1158 1987 factionem
1189 1943 1244 1987 de
1265 1943 1457 1987 Ecclesia

71 2029 160 2058 non
178 2029 302 2073 posse
318 2014 520 2072 separari.
544 2013 658 2058 Audi
681 2015 949 2073 Cyprianum
970 2048 980 2066 ,
1007 2013 1142 2057 tolera
1166 2014 1340 2066 zizania,
1367 2023 1458 2057 esto

69 2083 357 2129 frumentum.
383 2087 523 2137 Quam
545 2085 622 2129 tibi
647 2085 759 2128 bene
780 2100 931 2128 sonare
951 2084 1037 2127 visa
1054 2093 1170 2131 sunt,
1191 2100 1290 2143 quae
1312 2085 1353 2126 in
1373 2099 1457 2126 una

72 2171 118 2200 re
159 2157 275 2200 varie
306 2156 514 2215 repetisti.
562 2175 581 2197 «
626 2156 743 2208 Quid
786 2156 868 2200 hoc
891 2164 1129 2214 praecepto,
1173 2155 1333 2214 inquis,
1374 2154 1458 2198 dici

70 2226 261 2286 iniquius
287 2226 460 2286 potest?
483 2226 681 2285 purificet
704 2226 836 2270 alium
863 2225 1123 2280 maculosus,
1145 2225 1296 2269 abluat
1317 2224 1456 2269 sordi-

73 2295 171 2350 dus,
196 2295 408 2340 emundet
430 2297 699 2351 immundus,
721 2296 795 2340 det
815 2294 1002 2340 infidelis
1025 2295 1175 2348 fidem,
1203 2295 1459 2339 criminosus

72 2364 200 2410 saciat
219 2367 530 2410 innocentem?
555 2384 574 2407 n
596 2368 789 2410 Breviter
812 2367 1069 2424 respondeo,
1091 2368 1178 2410 Nec
1196 2365 1456 2412 maculosus,

73 2451 154 2479 nec
175 2435 390 2489 sordidus,
414 2451 493 2480 nec
516 2437 784 2487 immundus,
811 2451 892 2479 nce
918 2434 1125 2487 infidelis,
1149 2451 1227 2479 nec
1251 2435 1459 2479 crimino-

73 2521 144 2551 sus
158 2516 222 2550 est
242 2507 455 2560 Christus,
476 2507 551 2566 qui
565 2505 717 2550 dilexit
733 2506 982 2558 Ecclesiam,
1005 2515 1048 2549 ct
1064 2521 1107 2548 sc
1123 2506 1262 2565 ipsum
1283 2506 1458 2550 tradidit

127 2598 133 2613 ¹
161 2591 237 2623 vide
251 2590 305 2622 lib.
326 2602 333 2622 ι
351 2596 460 2622 conti—a
479 2591 608 2622 l‘ctilian
643 2602 701 2633 cap
734 2591 755 2621 6
787 2608 819 2612 —-
838 2598 848 2612 ²
870 2590 988 2622 Manli.
1011 2602 1088 2621 xxiii
1109 2617 1112 2622 .
1135 2593 1164 2621 .'5.

293 2655 478 2684 cxxxix.
1205 2645 1252 2681 27,
