1825 3264
277 315 439 341 cou'rna
472 315 738 342 cun-scorsum
773 316 1063 354 monimum,
1105 319 1180 344 mn.
1221 319 1276 344 iv.
1405 308 1482 343 fil?

101 400 119 422 »
141 380 399 439 cipientibus
422 380 476 423 ab
499 381 734 424 Jerusalem
749 383 777 423 ¹.
794 399 812 421 »
833 382 959 434 Quod
974 383 1087 425 enim
1102 382 1188 426 illic
1215 382 1379 426 dictum
1404 393 1481 437 est,

100 470 120 493 n
133 452 315 496 Vocavit
328 461 485 495 terram
500 468 521 495 a
539 451 638 496 solis
655 461 755 496 ortu
770 468 905 511 usquc
925 452 976 497 ad
991 469 1190 499 occasum
1212 474 1219 499 z
1242 473 1260 495 »
1291 455 1372 499 hoc
1392 454 1487 498 dic-

97 532 191 566 tum
206 530 268 566 est
293 521 378 577 hic,
396 537 472 581 per
488 537 637 567 omnes
654 532 816 581 gentes.
838 526 892 567 Et
910 525 1102 583 quodibi
1114 525 1279 569 dictum
1293 535 1371 579 est,
1391 529 1487 570 «Ex

102 610 122 633 »
151 593 253 638 Sion
268 594 429 652 species
443 593 609 638 decoris
622 595 737 654 ejus:
751 612 770 635 »
785 595 868 639 hoc
882 594 1046 640 dictum
1062 606 1123 640 est
1137 597 1223 650 hie,
1242 616 1262 638 «
1278 598 1491 656 Incipien-

100 681 119 704 »
145 663 262 707 tibus
283 663 338 707 ab
356 663 611 707 Jerusalem.
642 683 662 705 »
688 667 784 710 Non
808 665 925 709 enim
942 666 1247 711 tantummodo
1268 668 1329 711 ibi
1343 683 1490 727 passus

96 742 158 778 est
185 735 396 789 Christus,
418 735 494 778 sed
512 736 640 779 etiam
658 735 719 779 ibi
737 737 982 792 resurrexit,
1006 738 1106 782 inde
1124 738 1316 783 ascendit
1333 739 1376 781 in
1396 754 1488 782 cce-

96 804 212 859 lum,
242 805 303 849 ibi
325 815 502 849 centum
526 806 680 864 viginti
703 807 902 851 homines
929 818 1216 868 congregatos
1239 808 1308 853 die
1328 813 1489 854 Pente-

95 884 231 920 costes
249 874 378 920 misso
395 875 449 919 de
471 875 586 919 coelo
611 875 774 935 Spiritu
797 886 946 921 sancto
964 878 1159 937 implevit
1184 899 1194 923 :
1215 879 1275 922 ibi
1300 894 1388 922 uno
1418 880 1488 923 die

97 945 190 999 tria,
218 944 302 989 alio
324 946 521 1005 quinque
542 945 675 989 millia
694 945 966 990 credentium
988 947 1034 991 in
1055 962 1186 991 suum
1201 963 1359 1006 corpus
1380 963 1487 992 con—

94 1031 211 1060 versa
229 1016 439 1075 suscepit,
465 1015 565 1060 inde
586 1016 631 1059 in
654 1025 788 1060 totam
813 1017 1013 1060 Judaeam
1035 1026 1078 1061 et
1101 1019 1353 1071 Samariam,
1382 1028 1424 1062 et
1443 1020 1487 1062 in

94 1086 207 1130 orbis
230 1095 440 1130 terrarum
470 1095 645 1130 caeteras
673 1096 820 1144 gentes
845 1102 888 1130 se
915 1086 1223 1131 fructificando
1247 1087 1426 1132 diffudit
1445 1097 1488 1131 et

95 1157 309 1202 diffundit
333 1157 540 1202 Ecclesia.
570 1157 698 1211 Quod
721 1157 946 1217 Discipulis
967 1159 1206 1219 praedicens
1223 1194 1232 1212 ‚
1258 1167 1300 1203 et
1316 1160 1404 1218 jam
1429 1175 1491 1203 as-

95 1243 306 1273 censurus
325 1230 369 1272 in
388 1227 544 1272 coelum
569 1248 576 1272 ε
602 1247 621 1269 «
645 1228 794 1284 Eritis,
820 1229 978 1289 inquit,
1006 1229 1112 1273 mihi
1138 1238 1264 1273 testes
1295 1229 1338 1272 in
1370 1232 1494 1273 Jeru-

97 1318 115 1340 »
141 1298 272 1342 salem
291 1308 332 1342 et
356 1308 492 1343 totam
514 1298 713 1343 Judaeam
734 1309 777 1343 et
808 1301 1061 1353 Samariam,
1088 1309 1129 1343 et
1152 1315 1292 1358 usque
1317 1300 1359 1343 in
1384 1299 1490 1343 fines

97 1390 116 1411 >a
145 1372 310 1416 terrae2.
338 1390 358 1411 η
386 1372 488 1415 Haec
509 1369 639 1429 igitur
663 1370 882 1429 Ecclesia,
906 1371 1114 1430 incipiens
1148 1370 1201 1414 ad
1231 1370 1487 1426 Jerusalem,

91 1457 224 1501 seque
246 1457 322 1501 per
344 1457 493 1486 omnes
518 1450 666 1501 gentes
689 1451 777 1485 tam
799 1442 990 1486 evidenti
1015 1439 1303 1485 foecunditate
1324 1440 1488 1484 diffun-

91 1511 213 1565 dens,
241 1521 290 1556 ut
307 1521 350 1555 te
372 1513 514 1571 ipsum
536 1512 734 1556 confiteri
757 1521 903 1570 cogat,
933 1511 1054 1571 quod
1081 1531 1101 1553 «
1133 1512 1178 1555 in
1200 1511 1489 1555 christianum

92 1597 251 1627 nomen
270 1583 541 1641 providentia
566 1583 640 1626 Dei
659 1582 859 1643 quotidie
883 1591 998 1627 totus
1014 1583 1197 1626 vertitur
1219 1581 1409 1626 mundus
1433 1602 1440 1626 ;
1467 1600 1487 1623 »

94 1655 203 1708 haec,
228 1654 427 1714 inquam,
448 1654 658 1708 Ecclesia,
683 1670 784 1714 quae
805 1655 993 1698 Domino
1009 1657 1097 1698 Deo
1113 1653 1295 1698 deorum
1313 1653 1494 1712 loquen-

94 1733 152 1778 te,
177 1739 200 1768 a
223 1724 322 1768 solis
345 1733 444 1768 ortu
466 1739 606 1784 usque
626 1724 681 1767 ad
697 1739 900 1768 occasum
921 1733 1121 1778 vocatur,
1146 1722 1269 1772 nullo
1289 1722 1420 1767 modo
1437 1723 1493 1766 ab

96 1794 208 1838 Afris
231 1793 514 1838 traditoribus
536 1793 676 1852 pollui
707 1794 848 1852 potuit
878 1810 986 1854 quos
1018 1794 1198 1837 omnino
1223 1793 1430 1849 nescivit,
1459 1792 1493 1835 si

95 1865 341 1909 Maximiani
362 1864 560 1923 sacrilegi
575 1863 738 1908 surculi
761 1880 850 1908 non
872 1864 1070 1923 polluere
1091 1863 1302 1923 plantaria
1318 1872 1382 1907 tot
1399 1862 1493 1906 col·-

94 1934 209 1994 legas
233 1937 341 1995 ejus,
371 1945 545 1978 tantum
559 1935 662 1994 quia
681 1934 926 1978 ordinando
948 1949 1101 1978 manus
1119 1935 1155 1977 ei
1172 1949 1259 1978 non
1279 1934 1492 1991 imposue-

99 2016 224 2063 runt3
253 2006 452 2065 quamvis
479 2021 578 2049 eum
610 2021 633 2049 a
658 2005 875 2049 Primiano
902 2006 1159 2049 damnatum
1193 2003 1489 2059 laudaverint,

100 2077 454 2136 Primianumque
483 2076 813 2133 damnaverint,
838 2076 1037 2135 quamvis
1073 2075 1114 2118 in
1140 2076 1230 2134 ejus
1260 2074 1492 2118 schismate

98 2147 345 2200 constituti,
373 2146 627 2190 dilationem
649 2161 735 2205 qua
759 2154 1076 2189 reverterentur
1097 2144 1355 2203 acceperint.

159 2219 288 2261 LXV.
305 2217 552 2270 Quinetiam
573 2216 674 2276 quia
689 2214 818 2269 diff,
839 2234 857 2257 «
877 2215 1153 2259 traditionem
1172 2214 1314 2258 multo
1330 2214 1489 2273 proba-

101 2287 229 2331 bilius
243 2301 320 2331 nos
330 2286 452 2330 vobis
469 2286 697 2346 objicimus
715 2307 725 2342 3
748 2305 765 2326 »
785 2284 1016 2345 respondes
1026 2300 1094 2328 me
1107 2285 1188 2328 hoc
1215 2284 1347 2328 modo
1364 2283 1492 2327 fuisse

99 2356 363 2411 confessum,
385 2357 505 2417 quod
524 2371 620 2400 eam
640 2371 716 2400 vos
736 2355 861 2399 nobis
884 2353 1166 2414 probabiliter
1177 2354 1387 2413 objicitis,
1408 2355 1489 2398 do-

99 2443 201 2472 cens
222 2429 351 2472 etiam
372 2425 565 2486 regulam
584 2426 816 2470 locutionis
839 2445 847 2470 :
867 2445 884 2466 «
905 2442 989 2485 qua
1006 2425 1322 2483 comparativus
1333 2424 1491 2483 gradus

102 2497 225 2558 quod
240 2506 339 2541 ante
357 2497 545 2556 positum
562 2506 624 2540 est
643 2506 789 2554 auget,
802 2511 888 2539 non
908 2494 1027 2554 quod
1039 2504 1139 2538 ante
1157 2494 1320 2538 facium
1337 2495 1490 2538 estim-

109 2568 283 2627 probat,
301 2577 344 2612 et
369 2567 607 2627 adjungens
620 2603 630 2621 ,
649 2567 766 2611 Sicut
795 2566 905 2609 bene
918 2575 960 2608 et
974 2564 1144 2619 melius,
1165 2564 1277 2608 male
1290 2574 1332 2609 et
1349 2566 1491 2624 pejus,

164 2664 258 2694 *Luc*
285 2673 369 2694 xxxiv⁴
398 2662 438 2704 ψ’,
464 2680 497 2685 -
517 2670 525 2683 ²
547 2665 605 2693 Act
639 2673 661 2693 i,
679 2662 697 2690 8
723 2661 949 2691 —--³vt‹1‹=lfi}1.
971 2666 1103 2692 icontrn
1121 2661 1262 2692 Petiliam.
1279 2672 1348 2700 ιςη»,
1369 2671 1402 2690 91
