1825 3264
319 270 480 299 com-M
514 270 716 298 Li'rrssuAs
749 271 983 308 PETtIJAtw,
1022 273 1102 299 Lm.
1140 274 1186 298 ιι.
1393 262 1444 296 523

62 338 296 398 proximus,
323 346 367 380 et
383 336 495 380 infra
518 350 655 379 uuum
675 349 842 379 annum
874 344 1146 390 coaetaneus,
1174 344 1318 380 tamen
1347 350 1448 380 cum

62 408 301 468 baptizaret
320 406 512 451 venienti
533 405 718 465 praeibat
745 406 918 450 Christo
939 421 948 446 t
982 415 1158 464 propter
1179 407 1262 450 hoc
1297 406 1352 450 de
1374 405 1450 449 illo

62 477 229 522 dictum
259 486 322 522 est
355 497 363 522 :
405 496 424 519 «
455 479 568 521 Ecce
593 476 719 520 mitto
737 475 956 534 Angelum
985 489 1134 519 meum
1164 485 1262 520 ante
1295 475 1449 520 faciem

64 566 85 591 »
120 549 344 608 tuam,qui
361 547 623 608 praeparabit
641 547 754 591 viam
772 555 892 590 tuam
909 548 938 589 ¹.
964 564 983 587 »
1006 548 1062 589 Et
1083 545 1173 604 ipse
1190 546 1453 604 praedicabat

61 619 209 664 dicens
236 639 244 664 z
271 620 427 663 «Venit
448 618 601 663 fortior
623 633 692 662 me
714 626 814 676 post
837 631 907 661 me
917 620 950 661 ².
966 635 986 658 ι)
1006 617 1074 661 Sic
1097 630 1197 674 ergo
1220 616 1451 660 circumci-

60 691 123 734 sio
139 690 281 735 octavi
305 688 392 733 diei
414 705 515 748 quae
539 689 737 749 patribus
760 688 860 732 data
882 695 960 742 est,
985 687 1308 746 praenuntiabat
1323 687 1452 746 justi-

60 761 309 805 ficationem
327 769 536 814 nostram,
557 761 601 803 in
617 758 952 818 expoliationem
969 757 1211 802 carnalium
1223 756 1455 816 concupis-

61 831 303 876 centiarum
319 845 395 889 per
409 829 767 874 resurrectionem
781 829 970 882 Domini,
982 843 1082 887 quae
1094 836 1193 887 post
1203 827 1452 886 septimum,

60 901 106 946 id
118 911 196 956 est,
213 902 381 947 sabbati
399 902 533 955 diem,
554 910 709 946 octavo
722 900 808 955 die,
822 899 867 944 id
891 909 968 955 est,
983 899 1212 945 Dominico
1232 898 1343 942 facta
1366 907 1452 954 est,

61 974 137 1032 qui
160 973 250 1017 dies
281 973 432 1017 tertius
464 981 562 1031 post
593 972 861 1031 sepulturam
895 972 986 1030 ejus
1010 970 1226 1014 occurrit:
1256 968 1454 1013 eamdem

64 1053 207 1087 tamen
224 1043 588 1102 praenuntiantem
609 1041 981 1086 circumcisionem
999 1041 1138 1085 carnis
1152 1038 1295 1084 infans
1308 1039 1456 1084 Chris-

62 1123 133 1158 tus
168 1115 349 1173 accepit.
387 1116 444 1157 Et
477 1112 852 1172 quemadmodum
881 1112 1044 1156 Pascha
1078 1109 1199 1170 quod
1231 1126 1254 1154 a
1294 1109 1457 1154 Judaeis

62 1184 365 1229 celebrabatur
382 1184 428 1227 in
451 1183 664 1228 occisione
687 1183 804 1241 agni,
824 1182 1144 1241 praenuntiabat
1162 1181 1334 1225 Domini
1356 1196 1455 1239 pas-

61 1256 225 1300 sionem
246 1264 290 1298 et
313 1255 539 1298 transitum
566 1253 621 1297 de
643 1254 726 1297 hoc
748 1252 916 1296 mundo
939 1251 993 1295 ad
1019 1255 1189 1295 Patrem
1206 1286 1216 1305 ‚
1243 1260 1286 1294 et
1313 1251 1454 1310 ipsum

62 1335 207 1371 tamen
232 1325 392 1370 Pascha
413 1323 535 1384 quod
555 1333 647 1368 erat
671 1324 715 1367 in
741 1323 893 1367 eadem
916 1323 1286 1382 praenuntiatione
1303 1356 1312 1373 ,
1339 1322 1456 1364 idem

61 1396 273 1441 Dominus
290 1411 390 1440 cum
404 1393 633 1453 Discipulis
645 1393 882 1438 celebravit
898 1392 1076 1452 quando
1094 1392 1132 1436 ei
1148 1400 1457 1450 suggesserunt

63 1467 254 1511 dicentes
265 1485 273 1511 :
286 1466 393 1511 «Ubi
403 1466 466 1510 vis
480 1479 680 1525 paremus
693 1463 774 1507 tibi
789 1462 951 1507 Pascha
962 1464 977 1488 ³
989 1464 1005 1504 ἲ
1017 1480 1036 1502 ιι
1054 1462 1113 1506 sic
1129 1470 1172 1505 et
1190 1461 1456 1520 baptismum

63 1537 264 1592 Joannis,
290 1537 366 1597 qui
390 1548 482 1580 erat
502 1536 546 1579 in
570 1534 768 1595 proxima
787 1535 878 1593 ejus
898 1533 1289 1592 praenuntiatione,
1326 1530 1456 1574 etiam

62 1608 151 1667 ipse
167 1607 368 1666 suscepit.
388 1608 472 1651 Sed
491 1606 601 1649 sicut
624 1604 742 1649 aliud
760 1613 822 1648 est
839 1604 979 1648 carnis
994 1602 1264 1648 circumcisio
1282 1603 1306 1644 J
1311 1601 1458 1644 udaeo-

63 1695 176 1732 rum,
203 1678 322 1722 aliud
344 1687 488 1722 autem
512 1676 633 1737 quod
650 1685 803 1720 octavo
821 1675 892 1719 die
908 1675 1224 1732 baptizatorum
1244 1687 1321 1716 nos
1339 1670 1456 1714 cele-

65 1751 264 1807 bramus,
287 1759 331 1794 et
348 1747 469 1793 aliud
493 1757 556 1792 est
578 1748 739 1791 Pascha
762 1745 883 1806 quod
905 1745 1049 1789 adhuc
1070 1744 1132 1788 illi
1161 1743 1216 1788 de
1237 1758 1317 1787 ove
1339 1741 1455 1786 cele-

62 1819 227 1874 brant⁴‚
252 1818 369 1863 aliud
392 1828 537 1862 autem
556 1817 678 1876 quod
701 1832 778 1861 nos
800 1817 845 1859 in
868 1830 1049 1875 corpore
1067 1824 1109 1859 et
1131 1815 1342 1873 sanguine
1366 1815 1454 1856 Do-

64 1891 170 1935 mini
192 1891 450 1950 accipimus:
474 1889 533 1933 sic
551 1888 660 1932 alius
679 1889 762 1932 fuit
787 1888 1027 1946 baptismus
1047 1885 1242 1938 Joannis,
1268 1883 1376 1927 alius
1394 1892 1458 1926 est

69 1962 308 2021 baptismus
330 1961 504 2006 Christi.
533 1959 623 2004 Illis
651 1960 766 2003 enim
788 1967 971 2002 ventura
994 1958 1073 2000 ista
1097 1955 1457 2014 praenuntiaban-

69 2042 140 2078 tur
174 2052 182 2077 :
218 2033 305 2077 istis
344 2031 558 2090 completa
596 2029 668 2074 illa
708 2028 1014 2088 praedicantur.
1054 2030 1111 2070 Et
1147 2025 1345 2084 quamvis
1383 2022 1456 2066 illa

67 2103 264 2148 Christus
277 2102 490 2161 acceperit
509 2120 518 2145 :
544 2100 668 2144 uobis
688 2108 834 2142 tamen
855 2096 1092 2141 necessaria
1113 2110 1202 2139 non
1220 2102 1338 2147 sunt,
1354 2093 1458 2152 quia

70 2175 210 2233 ipsum
250 2173 324 2233 qui
363 2187 439 2231 per
474 2172 567 2215 haec
601 2169 942 2213 annuntiabatur
975 2166 1235 2225 accepimus.
1275 2163 1459 2207 Recenti

71 2254 216 2289 autem
233 2243 425 2288 adventu
439 2241 611 2286 Domini
629 2239 824 2299 quisquis
839 2237 910 2281 illa
924 2237 1171 2296 accepisset,
1190 2250 1299 2294 opus
1312 2234 1351 2278 ei
1367 2242 1459 2277 erat

71 2324 121 2360 ut
137 2315 266 2360 etiam
283 2314 350 2358 his
373 2314 663 2356 imbueretur:
684 2309 879 2370 quisquis
901 2323 1003 2352 vero
1026 2307 1092 2351 his
1117 2307 1313 2350 imbutus
1329 2312 1455 2357 esset,

73 2401 161 2431 non
183 2401 292 2445 opus
314 2394 405 2429 erat
426 2393 476 2428 ut
491 2392 700 2427 retrorsus
721 2382 766 2425 in
796 2379 868 2424 illa
887 2388 1130 2438 cogeretur.

123 2478 129 2493 ¹
155 2471 291 2503 Malach.
310 2481 355 2510 ιιι,
382 2482 408 2501 ι.
425 2487 465 2492 -
481 2476 493 2491 ²
528 2470 630 2499 Marc.
659 2480 683 2505 ι,
704 2478 736 2507 7.
753 2484 793 2489 —-
814 2464 826 2489 3
845 2465 958 2498 Matth.
979 2475 1064 2498 xxvi,
1085 2475 1135 2502 ¹7·
1154 2479 1194 2485 —-
1210 2461 1225 2491 4
1255 2460 1463 2493 Existimabat

80 2516 198 2547 Pascha
213 2526 231 2547 a
244 2514 359 2546 Judaeis
370 2525 427 2556 per
437 2514 549 2545 orbem
565 2512 711 2554 dispersis
725 2511 829 2543 adhuc
841 2511 908 2541 ovis
923 2509 1135 2541 immolatione
1150 2506 1320 2543 celebrari,
1332 2509 1367 2536 ut
1380 2505 1435 2536 lib.
1451 2515 1461 2536 ι

81 2563 223 2593 nannet.
245 2570 317 2600 cap.
344 2570 392 2590 ιο.
426 2559 486 2589 Sed
513 2557 661 2599 profecto
687 2558 768 2593 Lege
785 2555 919 2586 vetitum
941 2558 1024 2590 erat,
1038 2555 1129 2584 Dent,
1151 2562 1215 2587 xvi,
1234 2551 1268 2589 6,
1287 2561 1326 2582 ne
1346 2547 1462 2581 Pascha

81 2605 109 2635 in
128 2604 193 2636 aliis
207 2603 255 2636 vel
273 2604 385 2635 Juelaeae
399 2602 475 2635 locis
494 2606 607 2644 [ιι-πίοι·
621 2600 795 2633 Jerusalem
813 2598 1042 2631 immolaretur.
