1825 3264
274 319 436 349 CONTRA
467 321 731 350 cnsssconmm
765 319 1056 361 nonnis-rur,
1092 324 1175 350 Lm.
1213 324 1272 351 1v.
1387 311 1471 352 489

87 399 174 430 non
207 383 360 430 dixisse
382 386 489 445 quid
523 386 696 446 rapidus
727 387 885 430 fluctus
912 387 983 431 ille
1015 388 1256 444 sorbuerit,
1282 402 1382 432 cum
1410 389 1471 431 ibi

86 457 295 516 scriptum
325 456 486 513 videas,
515 477 535 500 «
568 457 838 503 Felicianum
862 467 903 502 et
926 461 1231 504 Praetextatum
1265 460 1474 505 introrsus

85 536 234 588 postea
255 529 523 574 resorberet?
544 548 563 570 »

144 600 332 643 XXXII.
360 599 476 654 Quid
509 600 624 644 enim
661 599 778 644 aliud
802 599 921 644 velut
943 600 997 644 ad
1027 615 1229 660 magnam
1255 599 1475 645 defensio-

84 684 186 714 nem
208 685 331 714 suam
353 672 615 731 respondere
633 673 759 716 vestri
775 670 930 725 solent,
948 686 1046 715 cnm
1065 672 1124 716 eis
1141 671 1343 732 objicitur
1360 675 1476 716 Prae-

86 741 239 785 textati
262 750 305 785 et
331 741 536 786 Feliciani
564 743 659 787 talis
681 743 869 802 receptio
884 741 1188 787 damnatorum
1203 778 1213 798 ,
1243 762 1259 783 «
1283 744 1362 787 nisi
1383 745 1476 802 Op-

87 821 204 856 tatus
227 813 311 856 hoc
332 812 486 868 voluit,
505 815 690 872 Optatus
707 815 790 858 hoc
810 813 942 858 fecit?
967 832 986 855 »
1013 815 1139 867 Quod
1167 824 1210 858 et
1237 814 1340 874 ipsae
1370 815 1477 859 civi-

90 891 200 927 tates
224 884 460 928 Mustitana
482 891 524 927 et
540 884 792 928 Assuritana
810 892 1040 937 testantur,
1056 899 1156 943 quae
1177 899 1221 927 se
1245 883 1398 928 dicunt
1426 899 1476 927 ex

85 954 234 1012 Optati
263 953 600 998 comminatione
635 953 951 999 Gildoni-anum
986 952 1165 998 militem
1197 953 1480 998 formidantes

88 1025 275 1082 coegisse
292 1025 517 1084 episcopos
538 1041 636 1070 suos
649 1025 702 1069 ad
720 1025 1074 1070 communionem
1092 1025 1233 1069 redire
1255 1024 1476 1069 Primiani.

87 1096 252 1138 Verum
291 1104 338 1138 tu
376 1096 584 1155 quiahoc
608 1095 662 1139 ab
696 1095 770 1140 illo
810 1095 991 1149 factum,
1034 1095 1312 1155 impudenter
1334 1096 1481 1152 negari

88 1180 212 1225 posse
233 1165 405 1221 vidisti,
431 1168 513 1211 hoc
547 1183 568 1210 a
589 1181 657 1210 me
680 1167 890 1226 scriptum
925 1166 1112 1224 negasti,
1136 1166 1271 1225 magis
1291 1165 1480 1210 fortassis

89 1236 338 1280 existimans
356 1235 520 1281 litteras
539 1252 653 1281 meas
672 1252 804 1297 quam
822 1236 940 1280 illam
961 1251 1048 1280 rem
1069 1251 1192 1296 posse
1206 1235 1373 1280 nesciri.
1395 1234 1480 1280 Sed

87 1305 259 1351 licuerit
281 1307 490 1367 episcopis
524 1308 696 1362 vestris,
731 1307 874 1352 nescio
903 1322 992 1367 quo
1023 1307 1266 1351 Donatiano
1287 1306 1357 1351 vel
1386 1309 1480 1351 Nu·—

88 1376 248 1421 midico
270 1377 514 1437 privilegio,
548 1377 602 1421 de
623 1393 702 1422 suo
724 1379 922 1437 ignorare
943 1377 1109 1446 collega
1137 1377 1357 1438 quidquid
1393 1385 1480 1422 tota

89 1447 235 1493 Africa
257 1448 583 1506 conclamabat,
612 1464 713 1493 cum
737 1447 850 1493 Afris
872 1450 926 1492 ab
946 1449 1062 1493 Afris
1081 1448 1254 1508 objecta
1280 1448 1478 1504 crimina,

89 1533 317 1578 nunquam
345 1519 549 1579 probata,
577 1519 702 1564 toties
731 1518 944 1574 absoluta,
968 1518 1263 1564 Orientalibus
1291 1527 1333 1563 et
1355 1518 1482 1563 Occi-

90 1588 338 1633 dentalibus
375 1598 501 1634 terrae
528 1589 686 1633 tinibus
716 1589 864 1648 ignota
892 1604 980 1633 esse
1011 1604 1101 1634 non
1135 1590 1293 1634 sinant.
1329 1588 1483 1634 Valeat

91 1659 208 1719 apud
230 1675 305 1704 vos
329 1660 567 1718 baptismus
599 1660 654 1704 ab
671 1661 832 1719 Optato
858 1659 1010 1715 datus,
1038 1675 1168 1720 quem
1193 1661 1252 1704 sic
1274 1660 1482 1704 damnare

91 1731 283 1787 noluisti,
304 1741 352 1776 ut
370 1741 514 1776 tamen
528 1747 616 1776 non
633 1729 763 1776 fueris
779 1747 907 1776 ausus
924 1731 1147 1776 absolvere
1162 1740 1226 1788 ,et
1237 1746 1327 1776 non
1342 1729 1483 1775 valeat

21 1828 26 1832 ·
92 1800 220 1846 datus
250 1802 490 1861 baptismus
520 1803 565 1846 in
585 1801 787 1847 Ecclesiis
814 1801 1064 1862 Apostolico
1084 1801 1233 1846 labore
1262 1799 1479 1856 fundatis,

91 1873 419 1918 Corinthiorum
439 1908 449 1928 ,
475 1873 745 1927 Galatarum,
781 1874 1093 1932 Ephesiorum,
1129 1871 1450 1918 Colossensium
1467 1907 1479 1928 ,

94 1942 438 2002 Philippensium
455 1978 466 1998 ,
515 1943 961 1987 Thessalonicensium
981 1978 992 1997 ,
1032 1952 1380 2003 caeterarumque
1437 1943 1483 1987 in

92 2013 249 2057 sanctis
268 2013 460 2069 Litteris,
493 2029 602 2073 quas
630 2022 672 2057 et
697 2028 774 2057 vos
807 2013 971 2072 legitis,
1007 2013 1374 2072 conscriptarum,
1405 2012 1483 2056 ubi

91 2082 344 2139 Caeciliani,
381 2099 470 2129 non
500 2082 598 2128 dico
625 2082 784 2128 salsum
810 2082 919 2126 illud
952 2083 1138 2138 crimen,
1168 2083 1244 2128 sed
1270 2082 1381 2128 forte
1402 2097 1483 2127 nec

94 2168 245 2198 verum
267 2169 428 2199 nomen
447 2153 644 2199 auditum
668 2163 744 2198 est.
771 2153 981 2198 Habuerit
1002 2154 1311 2198 conscientiam
1336 2162 1484 2198 sancte

96 2223 238 2268 dantis
259 2225 445 2284 Optatus
466 2224 511 2268 in
532 2223 604 2268 illa
629 2225 732 2278 vita,
758 2239 890 2284 quam
913 2233 978 2279 tu,
1008 2226 1119 2269 sicut
1140 2225 1299 2284 scripta
1323 2233 1395 2268 tua
1419 2224 1483 2268 in-

96 2293 268 2350 dicant,
295 2295 425 2338 etiam
452 2295 485 2338 si
515 2304 692 2353 propter
722 2309 801 2338 nos
824 2293 1030 2338 damnare
1057 2294 1298 2349 erubuisti,
1337 2303 1483 2338 tamen

95 2374 274 2425 propter
303 2368 443 2409 Deum
472 2366 695 2410 absolvere
727 2365 936 2420 timuisti,
967 2365 1013 2408 in
1041 2365 1112 2409 illa
1144 2366 1273 2409 etiam
1305 2363 1482 2424 publica

94 2433 208 2479 fama
233 2434 308 2478 ubi
328 2435 536 2479 latentem
566 2435 644 2479 tibi
675 2435 814 2479 visum
836 2444 898 2479 est
915 2433 1084 2479 attendi
1108 2450 1231 2494 posse
1255 2435 1481 2480 conscien-

94 2505 199 2548 tiam
219 2524 229 2559 3
253 2512 294 2547 et
313 2513 540 2549 accusetur
559 2505 819 2549 conscientia
854 2514 918 2549 tot
946 2513 1255 2565 tantarumque
1287 2505 1481 2563 gentium

95 2574 441 2629 christianarum,
468 2576 570 2635 quia
586 2575 888 2619 remotissimas
906 2574 1000 2619 lites
1023 2575 1234 2633 ignoravit
1255 2574 1477 2620 Afrorum.

96 2645 318 2704 Numquid
337 2646 466 2690 etiam
485 2645 663 2690 crimina
690 2646 885 2701 istorum,
905 2645 1108 2690 Feliciani
1124 2645 1286 2691 scilicet
1303 2655 1346 2692 et
1365 2649 1480 2690 Prae-
