1825 3264
323 250 406 288 388
765 258 798 284 s.
834 254 941 283 Aust
954 254 1064 282 sum
1099 254 1277 282 Eriseorl

319 337 446 395 cipit,
478 332 554 379 sed
581 342 764 378 reatum.
794 351 814 374 »
841 335 897 377 Et
918 342 1126 392 tanquam
1148 332 1186 375 ei
1207 332 1438 385 diceretur,
1470 330 1594 375 Unde
1618 331 1701 376 hoc

318 407 503 467 probas?
537 413 711 449 secutus
737 403 933 465 adjunxit
952 407 964 430 ¹
989 423 996 448 :
1022 421 1039 445 ιε
1061 403 1211 448 Omnis
1234 403 1350 446 enim
1380 417 1444 446 res
1470 402 1636 462 origine
1658 411 1702 446 et

317 475 458 521 radice
487 475 706 533 consistit3
739 475 834 519 etsi
865 483 997 535 caput
1030 489 1118 518 non
1154 473 1312 518 habeat
1355 472 1547 533 aliquid,
1592 471 1703 516 nihil

315 557 394 592 est.
418 566 436 588 n
463 546 578 600 Quid
608 547 810 601 obsecro,
835 546 937 605 quia
961 545 1147 590 incidisti
1173 544 1218 588 in
1248 544 1544 589 defensionem
1566 553 1703 587 teme-

315 618 438 663 rariae
463 617 680 673 falsitatis,
715 617 898 662 nebulas
934 615 1171 661 manifestis
1205 617 1333 660 rebus
1362 614 1526 659 moliris
1554 614 1701 659 offun-

316 689 449 734 dere?
472 692 633 748 Aperte
652 687 754 732 dicit
773 689 906 732 homo
924 723 933 741 ,
967 687 1177 745 originem
1193 722 1204 741 ,
1239 686 1426 731 radicem
1442 721 1452 740 ,
1484 694 1704 745 caputque

314 761 502 805 hominis
529 760 811 819 regenerandi
838 775 914 818 per
936 759 1198 818 baptismum
1228 774 1315 803 non
1345 773 1434 802 esse
1455 772 1598 816 posse,
1625 755 1707 799 nisi

314 833 436 891 cujus
459 831 704 876 ministerio
722 831 966 890 baptizatur
985 849 992 873 :
1017 840 1059 874 et
1082 839 1130 873 tu
1147 829 1251 872 dicis
1272 848 1279 873 :
1311 848 1330 870 «
1357 831 1447 873 Hoc
1469 839 1511 872 et
1530 843 1608 872 nos
1629 842 1706 871 vo-

313 902 476 957 lumus,
497 911 546 946 ut
573 902 770 946 Christus
788 902 840 945 sit
861 902 981 958 origo
1003 909 1045 944 ct
1069 898 1189 943 radix
1213 909 1430 959 caputque
1447 897 1702 943 Christiani:

318 973 394 1018 sed
418 973 652 1033 quaerimus
680 988 758 1032 per
780 987 911 1031 quem
933 972 1017 1015 hoc
1042 971 1196 1014 melius
1224 971 1313 1013 fiat.
1344 988 1362 1009 »
1391 972 1483 1013 Hoc
1505 967 1623 1012 aliud
1646 977 1709 1011 est

313 1045 436 1104 quod
459 1043 588 1097 dicis,
615 1043 736 1086 aliud
757 1043 876 1102 quod
905 1041 1010 1085 dixit
1040 1040 1276 1085 Petilianus
1309 1059 1317 1084 ι
1349 1041 1432 1084 hoc
1455 1039 1573 1101 quod
1603 1039 1706 1083 dieis

312 1113 482 1157 etiamsi
498 1128 651 1157 verum
666 1113 735 1167 sit,
758 1128 846 1156 non
867 1113 951 1155 hoc
968 1121 1031 1155 est
1054 1111 1176 1171 quod
1194 1110 1268 1154 ille
1286 1110 1409 1154 dixit.

375 1185 498 1227 VIII.
521 1182 710 1226 Proinde
739 1182 772 1226 si
795 1183 878 1226 boc
902 1191 943 1225 et
962 1191 1009 1225 tu
1027 1182 1109 1235 vis,
1143 1189 1190 1224 ut
1214 1181 1411 1226 Christus
1442 1182 1496 1224 sit
1518 1181 1641 1239 origo
1668 1189 1710 1223 et

320 1253 442 1297 radix
478 1263 520 1297 et
553 1263 684 1313 caput
720 1253 978 1310 Christiani3
1012 1251 1224 1296 Petiliano
1253 1252 1419 1305 resiste,
1453 1266 1540 1295 non
1566 1250 1670 1294 mibi
1697 1269 1705 1293 ε

321 1342 341 1366 «
360 1323 578 1376 Quoniam
598 1338 740 1382 neque
755 1323 831 1382 qui
857 1322 1024 1382 plantat
1046 1331 1109 1366 est
1132 1320 1313 1381 aliquid,
1330 1336 1472 1381 neque
1489 1322 1562 1381 qui
1579 1320 1706 1378 rigat,

322 1414 340 1436 »
360 1394 436 1438 sed
458 1395 535 1454 qui
557 1396 876 1438 incrementum
897 1395 970 1437 dat
995 1396 1154 1437 Deus2.
1184 1414 1199 1434 »
1226 1392 1355 1446 Quod
1386 1408 1466 1451 ego
1490 1407 1540 1436 ex
1570 1395 1708 1451 Apos-

319 1463 410 1509 tolo
437 1479 537 1508 cum
560 1466 603 1508 in
622 1465 726 1508 meis
743 1463 895 1508 litteris
923 1463 1136 1522 posuisem
1152 1499 1162 1519 ,
1190 1465 1247 1508 ita
1273 1473 1318 1507 tu
1348 1461 1608 1522 respondere.
1630 1478 1709 1506 vo-

314 1534 449 1590 luisti,
474 1543 524 1579 ut
545 1535 710 1579 diceres
738 1555 745 1579 :
766 1536 844 1578 Dei
866 1534 1044 1595 quidem
1058 1534 1161 1578 dare
1181 1544 1243 1579 est
1266 1534 1601 1587 incrementum,
1626 1533 1702 1576 sed

316 1606 427 1650 sicut
449 1606 523 1665 qui
545 1605 712 1664 plantat
735 1614 777 1649 ct
800 1606 932 1664 rigat,
954 1622 1040 1649 non
1073 1606 1151 1648 nisi
1172 1604 1514 1664 colonusgfidelis
1537 1613 1578 1647 ct
1597 1602 1699 1647 dili-

320 1690 424 1733 gens
436 1675 664 1735 quaeritur,
682 1676 740 1719 sic
751 1675 879 1719 etiam
895 1676 938 1719 in
954 1686 1222 1719 sacramento
1242 1675 1507 1735 baptismatis
1521 1690 1608 1718 non
1623 1673 1701 1717 nisi

321 1745 459 1789 fidelis
487 1755 529 1789 et
557 1745 818 1804 justissimus
851 1746 1073 1804 operarius
1096 1744 1346 1789 adhibetur.
1388 1764 1406 1786 »
1442 1745 1572 1798 Quasi
1611 1759 1711 1788 vero

321 1815 443 1874 quod
460 1814 646 1859 infidelis
667 1815 848 1860 colonus
871 1815 1144 1874 plantaverit,
1170 1825 1346 1875 propter
1368 1816 1458 1874 ejus
1476 1813 1709 1858 infidelita-

322 1894 409 1928 tem
429 1901 516 1930 non
535 1886 747 1943 germinet
759 1887 822 1930 vis
834 1885 1023 1940 seminis,
1040 1896 1082 1930 et
1099 1885 1358 1930 foecunditas
1379 1896 1503 1929 terrae
1521 1885 1711 1944 coelique

322 1956 553 2015 temperies
574 1957 686 2001 hanc
704 1957 940 2001 efficaciam
966 1957 1174 2001 divinitus
1198 1972 1285 2001 non
1307 1957 1567 2015 acceperint,
1590 1965 1638 1999 ut
1659 1954 1713 1999 ad

321 2029 625 2087 propagandos
639 2028 808 2072 fructus
821 2027 1109 2086 plantatorem
1126 2028 1194 2072 vel
1215 2028 1445 2087 rigatorem
1465 2027 1710 2086 operarium

320 2098 632 2143 tantummodo
654 2108 908 2158 expectent,
935 2115 1020 2159 qua
1047 2108 1193 2143 mente
1214 2107 1433 2158 operetur,
1464 2113 1548 2158 qua
1580 2097 1707 2140 labo-

321 2176 388 2211 ret
404 2168 648 2212 intentione
666 2185 755 2214 non
779 2180 955 2224 curent,
989 2179 1136 2213 utrum
1160 2169 1387 2213 dominum
1415 2168 1501 2226 agri
1524 2167 1709 2211 fideliter

320 2236 488 2295 diligat,
515 2253 569 2282 an
592 2254 669 2283 sua
689 2255 777 2283 non
800 2238 916 2282 illius
945 2240 1064 2283 lucra
1080 2240 1322 2297 conquirat.
1350 2237 1558 2297 Adjungis
1577 2237 1705 2280 etiam

318 2309 618 2354 testimonium
648 2310 952 2369 propheticum
981 2309 1128 2354 dicens
1145 2345 1155 2364 ,
1186 2329 1205 2351 «
1233 2310 1353 2353 Dabo
1375 2309 1496 2353 vobis
1516 2317 1707 2368 pastores

320 2396 342 2419 »
364 2379 608 2423 secundum
626 2395 700 2424 cor
717 2395 879 2434 meum,
898 2389 940 2423 et
957 2389 1133 2439 pascent
1150 2395 1240 2434 vos,
1261 2388 1484 2438 pascentes
1502 2393 1602 2422 cum
1626 2377 1709 2421 dis-

318 2464 339 2489 »
359 2449 561 2507 ciplina³.
583 2468 604 2491 >›
624 2450 745 2504 Scio,
766 2450 1032 2509 completum
1051 2459 1114 2494 est
1138 2469 1145 2494 :
1168 2449 1272 2494 tales
1291 2448 1484 2508 Apostoli
1509 2447 1705 2503 suerunt,

313 2518 419 2562 tales
437 2521 564 2564 etiam
583 2537 705 2565 nunc
723 2523 798 2566 etsi
816 2537 893 2580 pro
911 2520 1116 2565 Eeclesiae
1134 2519 1363 2564 latitudine
1379 2519 1598 2578 perpauci,
1620 2534 1706 2562 non

365 2608 371 2623 ¹
397 2602 473 2633 Vide
491 2602 544 2633 liv.
563 2615 571 2633 1
591 2609 701 2635 contra
717 2604 861 2636 Petilian.
885 2616 955 2645 cap.
989 2604 1009 2642 ξ.
1031 2622 1057 2626 -
1086 2613 1096 2626 ²
1119 2617 1126 2635 ι
1151 2607 1221 2636 Cor.
1244 2616 1291 2644 ιιι,
1314 2615 1342 2643 7-
1359 2602 1424 2626 —3
1441 2605 1546 2635 Jercm
1580 2613 1633 2641 ur,
1655 2602 1703 2633 15.
