1825 3264
302 283 383 322 480
745 290 777 318 s.
815 288 1045 319 Atcusnm
1078 290 1258 320 zmscom

297 365 477 416 propter
495 369 596 400 eum
617 370 641 399 a
660 369 749 415 quo
769 355 991 400 institutus
1005 364 1083 411 est,
1098 355 1210 400 male
1226 355 1449 400 utentibus
1459 353 1514 399 ad
1538 355 1682 414 perni-

297 429 406 472 ciem
423 462 434 481 ,
460 427 571 470 bene
590 426 813 470 utentibus
835 426 888 470 ad
910 426 1106 470 salutem.

353 499 452 541 XX.
476 497 610 541 Miror
631 506 775 540 autem
807 496 1030 556 quomodo
1063 497 1193 540 etiam
1222 495 1302 540 tibi
1324 495 1576 555 persuaderi
1599 510 1680 554 po-

297 567 446 620 tuerit,
473 575 521 610 ut
537 566 581 610 in
601 575 674 610 tua
689 565 980 626 disputatione
996 567 1259 610 mentionem
1276 565 1437 610 faceres
1456 565 1678 624 Cypriani,

296 638 421 696 cujus
433 636 607 680 Litteris
624 636 753 680 etiam
776 637 877 695 ipsis
892 652 999 695 quas
1020 637 1112 695 ejus
1127 651 1216 680 esse
1235 635 1375 679 dicitis
1398 635 1452 678 de
1469 634 1681 693 baptismo

295 706 588 761 destruendo,
608 706 684 766 qui
705 706 824 764 apud
856 706 1081 750 haereticos
1103 705 1173 749 vel
1203 704 1493 749 schismaticos
1528 703 1678 759 datur,

293 785 382 821 tota
406 791 534 821 causa
553 784 692 820 vestra
715 776 1000 819 subvertitur.
1024 775 1107 819 Sed
1125 776 1207 819 hoc
1232 776 1436 819 adversus
1457 774 1679 818 Maximia-

293 862 461 900 nenses,
479 846 549 890 vel
573 846 677 890 alios
699 847 774 906 qui
800 847 1060 904 baptismum
1084 846 1172 889 sive
1195 845 1311 905 apud
1335 861 1427 898 nos,
1454 846 1541 888 sive
1563 843 1676 903 apud

292 932 367 960 vos
384 917 534 960 datum
554 931 643 960 non
660 916 916 975 suscipiunt,
942 931 1065 973 agere
1079 915 1289 959 debemus
1310 935 1317 959 :
1336 930 1410 959 vos
1433 929 1577 958 autem
1589 915 1676 973 jam

291 1002 464 1031 causam
497 987 620 1029 istam
652 986 758 1028 mira
785 985 990 1029 facilitate
1022 986 1170 1028 finistis
1195 1020 1204 1039 ‚
1225 987 1312 1044 jam
1345 985 1609 1043 baptismum
1634 984 1678 1027 in

288 1055 497 1113 sacrilego
519 1056 748 1099 schismate
772 1054 1022 1098 Maximiani
1045 1054 1197 1098 datum
1222 1069 1321 1099 cum
1358 1057 1614 1098 Praetextato
1635 1062 1679 1097 et

287 1125 505 1169 Feliciano
534 1125 581 1168 in
619 1140 771 1168 eorum
810 1124 982 1183 populis
1003 1125 1245 1183 suscepistis
1267 1159 1278 1179 ‚
1301 1126 1390 1183 jam
1416 1133 1565 1168 contra
1587 1126 1676 1181 Cy-

289 1195 427 1254 priani
450 1209 558 1254 quas
590 1193 733 1238 dicitis
757 1194 941 1238 Litteras
959 1230 973 1250 ,
1008 1203 1050 1238 et
1087 1195 1438 1254 quibuscumque
1475 1193 1565 1238 aliis
1594 1194 1675 1238 boc

287 1264 426 1309 visum
445 1273 530 1315 est,
554 1264 645 1307 sine
674 1263 762 1306 ulla
785 1263 1055 1308 dubitatione
1078 1263 1249 1308 fecistis.
1270 1267 1379 1308 Nam
1402 1263 1521 1323 quod
1540 1263 1642 1307 dicis
1659 1297 1669 1317 ‚

289 1331 528 1378 Orientales
563 1333 661 1378 ideo
696 1343 938 1378 vestrorum
970 1335 1276 1379 communione
1311 1334 1542 1388 discretos,
1573 1333 1675 1393 quia

288 1413 436 1463 postea
458 1404 581 1448 nobis
603 1403 913 1449 consentiendo
932 1439 942 1458 ‚
973 1405 1187 1463 judicium
1213 1419 1340 1449 suum
1363 1404 1482 1464 quod
1507 1404 1675 1447 habue-

288 1483 391 1518 runt
407 1474 461 1517 de
488 1474 700 1531 baptismo
721 1474 965 1518 rescindere
982 1473 1247 1518 maluerunt.
1276 1475 1318 1519 Si
1336 1475 1418 1518 hoc
1440 1474 1494 1518 ab
1513 1473 1673 1532 aliqui-

286 1543 370 1587 bus
389 1544 536 1603 paucis
550 1544 846 1588 Orientalibus
865 1544 1036 1589 factum'
1051 1555 1129 1599 est,
1144 1545 1280 1604 (quod
1303 1544 1478 1604 quidem
1497 1544 1674 1588 interest

286 1625 435 1658 utrum
459 1616 591 1674 possit
614 1615 809 1670 ostendi,
835 1619 852 1673 )
875 1617 1071 1675 profecto
1094 1631 1220 1660 suum
1238 1614 1452 1675 judicium
1473 1629 1670 1675 correxe-

285 1693 389 1727 runt
408 1703 417 1727 z
443 1693 486 1727 et
507 1700 581 1728 vos
596 1695 794 1743 suscepto
819 1686 1036 1744 baptismo
1058 1686 1133 1745 qui
1157 1686 1284 1729 datus
1299 1686 1423 1729 estin
1442 1685 1671 1729 schismate

286 1754 533 1798 Maximiani
559 1789 569 1808 ‚
613 1756 835 1814 antiquam
873 1765 1059 1799 vestram
1105 1757 1364 1800 sententiam
1406 1755 1635 1801 rescidistis
1656 1791 1666 1811 ‚

286 1832 431 1869 tamen
462 1825 686 1870 vobiscum
728 1827 826 1870 estis
850 1861 860 1880 ,
899 1836 940 1870 et
983 1842 1082 1870 cum
1123 1825 1416 1870 Orientalibus
1452 1841 1540 1870 esse
1580 1841 1668 1870 non

283 1894 429 1938 vultis.

342 1966 464 2008 XXI.
488 1965 573 2009 Sed
599 1965 802 2010 videlicet
823 1967 1036 2010 invenisse.
1064 1967 1141 2010 tibi
1163 1966 1319 2010 videris
1337 1967 1413 2010 ubi
1436 1976 1554 2010 tuam
1578 1966 1669 2011 elo-

283 2034 507 2092 quentiam
533 2034 736 2079 dilatares
756 2070 766 2089 ,
788 2051 888 2080 cum
907 2036 961 2080 ad
983 2036 1026 2080 id
1048 2036 1167 2095 quod
1190 2052 1270 2095 ego
1293 2037 1338 2080 in
1360 2036 1550 2096 Epistola
1573 2052 1667 2080 mea

283 2105 408 2161 posui
429 2106 441 2130 ¹
470 2124 479 2148 :
501 2123 517 2143 «
544 2106 639 2149 Sive
661 2121 684 2149 a
706 2106 822 2150 fideli
845 2141 854 2160 ‚
881 2107 969 2151 sive
992 2123 1013 2150 a
1035 2107 1200 2166 perfido
1219 2108 1514 2166 dispensatore
1531 2122 1668 2151 sacra-

283 2183 479 2218 mentum
519 2175 723 2235 baptismi
757 2177 942 2236 quisque
985 2178 1193 2236 percipiat
1212 2212 1223 2230 ,
1262 2193 1357 2236 spes
1384 2178 1420 2220 ci
1454 2178 1592 2221 omnis
1622 2177 1666 2221 in

283 2243 454 2287 Christo
477 2244 530 2287 sit
557 2263 565 2288 ε
586 2263 605 2286 »
625 2245 837 2289 exclamas
851 2256 895 2290 et
919 2247 1024 2291 dicis
1045 2267 1052 2291 :
1080 2267 1094 2285 «
1123 2249 1160 2291 Ο
1184 2246 1437 2305 praeclarum
1462 2247 1665 2292 sacerdo-

283 2312 335 2355 tis
358 2313 606 2372 imperium,
638 2330 663 2359 o
688 2315 923 2359 laudabilia
954 2317 1057 2360 boni
1082 2316 1212 2374 patris
1233 2327 1445 2376 praecepta
1466 2317 1660 2376 justitiae.

281 2382 423 2434 Nihil,
444 2383 609 2442 inquit,
635 2385 746 2427 inter
770 2384 941 2428 fidelem
965 2386 1267 2445 perfidumque
1283 2387 1500 2430 discernas
1515 2422 1525 2439 ‚
1547 2386 1663 2430 idem

280 2450 358 2493 tibi
379 2453 471 2509 pius
489 2463 620 2511 atque
636 2454 792 2512 impius
814 2455 1013 2498 videatur
1035 2475 1042 2499 z
1070 2455 1176 2498 nihil
1197 2457 1369 2515 prodest
1389 2457 1511 2500 bonis
1531 2456 1663 2499 mori-

282 2520 363 2563 bus
385 2522 526 2566 vivere
552 2544 562 2580 3
593 2524 693 2583 quia
719 2525 934 2583 quidquid
951 2527 1066 2585 justo
1094 2525 1216 2581 licet,
1251 2536 1390 2586 potest
1415 2537 1458 2571 et
1479 2528 1662 2586 injustus

332 2609 340 2626 ¹
366 2604 441 2637 Vide
459 2605 512 2638 lib.
534 2618 544 2638 1
567 2611 676 2639 contra
700 2608 842 2640 Petiliam.
864 2620 934 2650 cap.
956 2611 987 2641 (j-
