1825 3264
271 291 431 319 com-nx
466 292 728 321 anscoNuM
762 293 1048 331 DONA‘Hs'sAM7
1086 296 1166 322 Lus.
1204 296 1262 322 n.
1371 284 1451 324 ‹162›

80 354 420 400 «Maximianum
440 357 540 401 fidei
553 357 777 413 aemulum,
792 359 982 404 veritatis
1004 359 1251 405 adulterum
1266 395 1277 415 ‚
1303 360 1454 406 Eccle-

73 423 146 467 siae
167 424 313 468 matris
330 426 568 481 inimicum,
589 428 756 482 nathae,
776 429 936 484 Chore,
953 439 995 474 et
1012 430 1175 475 Abiron
1188 430 1450 486 ministrum,

73 492 128 536 de
140 494 254 551 pacis
271 496 434 552 gremio
450 498 674 541 sententiae
689 497 859 541 fulmen
879 499 1060 544 excussit
1078 519 1086 543 ε
1113 509 1155 544 et
1172 500 1291 559 quod
1311 501 1454 544 adhuc

72 563 272 609 eumdem
289 564 513 612 dehiscens
526 577 637 612 terra
655 584 743 613 non
761 569 943 622 sorbuit,
962 569 1016 613 ad
1035 572 1171 630 majus
1192 572 1452 630 supplicium

71 648 234 694 superis
257 639 503 682 reservavit.
526 642 692 697 Raptus
710 640 823 682 enim
847 655 1023 698 poenam
1046 655 1168 684 suam
1190 641 1453 699 compendio

69 702 312 749 lucraverat
327 705 512 762 funeris,
533 723 683 752 usuras
700 724 817 753 nunc
839 711 1052 766 graviores
1074 709 1238 767 colligit
1255 709 1450 764 foenoris,

71 788 173 817 cum
201 785 398 821 mortuus
425 778 601 822 interest
627 779 748 823 vivis.
780 799 798 820 υ
825 780 989 823 Deinde
1022 780 1066 823 in
1103 779 1196 823 illos
1220 781 1454 824 duodecim

70 845 337 890 ordinatores
359 848 448 905 ejus
477 848 535 892 ita
556 848 775 906 profertur
799 853 1029 906 Bagai'tana
1053 851 1264 893 sententia
1285 870 1293 893 :
1325 869 1343 890 α
1367 853 1454 894 Nec

69 914 210 958 solum
232 916 364 970 hunc,
386 917 607 977 inquiunt,
634 917 803 961 sceleris
822 919 1015 961 suimors
1031 919 1147 977 justa
1169 919 1451 974 condemnat,

70 986 203 1029 trahit
223 987 352 1030 etiam
381 986 434 1031 ad
452 988 717 1031 consortium
751 988 942 1031 criminis
972 988 1182 1046 plurimos
1211 998 1362 1032 catena
1385 1005 1454 1033 sa-

69 1054 249 1114 crilegii,
274 1057 329 1099 de
345 1056 505 1115 quibus
527 1057 734 1116 scripturn
748 1067 811 1101 est
829 1077 837 1101 :
868 1059 1131 1100 «Venenum
1150 1057 1348 1115 aspidum
1373 1058 1455 1102 sub

73 1144 91 1166 »
117 1125 239 1169 labiis
273 1142 423 1170 eorum
442 1163 453 1183 ‚
494 1143 683 1186 quorum
705 1144 754 1172 os
776 1128 1081 1171 maledictione
1103 1137 1145 1171 et
1169 1129 1454 1173 amaritudine

3 1248 5 1250 q
71 1213 91 1237 η
118 1197 298 1256 plenum
320 1208 408 1254 est,
432 1199 601 1244 veloces
626 1199 758 1258 pedes
780 1214 928 1243 eorum
951 1199 1005 1242 ad
1023 1198 1340 1244 effundendum
1362 1217 1455 1245 san-

70 1283 92 1308 »
117 1268 310 1325 guinem.
346 1268 668 1314 Contribulatio
696 1278 738 1313 et
774 1269 994 1313 calamitas
1033 1268 1079 1310 in
1109 1270 1185 1313 viis
1206 1286 1356 1314 eorum
1374 1305 1384 1325 ,
1411 1279 1454 1313 et

7 1368 9 1373 -
70 1337 226 1382 »viam
256 1339 371 1397 pacis
392 1355 482 1383 non
512 1349 838 1397 cognoverunt,
874 1356 963 1384 non
997 1350 1061 1385 est
1093 1340 1220 1384 timor
1251 1341 1326 1383 Dei
1353 1348 1452 1383 ante

69 1424 90 1448 »
115 1408 264 1452 oculos
291 1424 442 1453 eorum
467 1412 497 1453 1.
523 1428 542 1451 »
566 1409 789 1454 Nollemus
811 1410 990 1468 quidem
1014 1419 1222 1470 tanquam
1245 1426 1267 1453 c
1290 1410 1453 1468 proprii

66 1479 257 1538 corporis
272 1480 478 1539 junctura
501 1479 706 1538 praecidi,
732 1480 807 1524 sed
829 1481 1037 1540 quoniam
1061 1481 1319 1524 tabescentis
1351 1480 1450 1522 vul-

66 1549 179 1592 neris
197 1550 383 1608 putredo
401 1549 601 1608 pestifera
618 1549 714 1608 plus
727 1550 860 1593 habet
882 1550 926 1592 in
947 1550 1185 1594 abscisione
1202 1549 1419 1593 solaminis
1439 1584 1448 1603 ‚

66 1633 197 1678 quam
220 1620 265 1662 in
288 1619 537 1663 remissione
553 1619 850 1662 medicaminis
865 1653 875 1672 ‚
903 1619 1079 1662 inventa
1107 1628 1168 1662 est
1191 1635 1315 1662 causa
1341 1618 1452 1661 salu-

65 1687 185 1732 brior
201 1723 213 1743 ,
238 1704 292 1732 ne
324 1704 400 1748 per
421 1697 579 1733 cuncta
608 1689 803 1732 membra
836 1687 1040 1747 pestilens
1063 1689 1221 1746 irrepat
1243 1689 1381 1741 virus,
1403 1695 1452 1730 ut

14 1802 15 1805 ,
65 1759 375 1818 compendioso
403 1758 553 1802 dolore
582 1767 731 1801 natum
755 1756 928 1800 decidat
948 1756 1122 1801 vulnus.
1150 1757 1319 1800 Famosi
1348 1771 1451 1813 ergo

66 1829 256 1874 criminis
277 1844 371 1873 reos
382 1828 708 1881 Victorianum,
741 1826 1127 1871 Carcabianensem
1144 1860 1154 1879 ‚
1186 1825 1451 1869 Martianum

67 1900 377 1954 sullectinum,
404 1902 615 1942 Bei'anum
641 1901 946 1949 Ba'n'zmensem,
975 1896 1164 1940 Salvium
1192 1896 1450 1953 Ausaphen-

65 1986 178 2025 sem,
211 1970 489 2014 Theodorum
530 1968 783 2012 usulensem
804 2002 813 2020 ‚
860 1970 1075 2010 Donatum
1116 1967 1414 2010 Sabratensem
1435 1999 1445 2019 ,

64 2043 306 2100 Miggenem
322 2040 749 2099 Elephantariensem
769 2073 778 2092 ,
797 2041 1106 2081 Praetextatum
1118 2036 1417 2079 Assuritanum
1436 2069 1446 2089 ‚

66 2110 257 2156 Salvium
280 2110 684 2161 Membresitanum‚
709 2106 928 2151 Valerium
953 2105 1249 2159 B‘Iclzitanum,
1270 2103 1447 2148 Felicia-

64 2196 171 2226 num
190 2182 475 2227 Mustitanum
489 2215 499 2235 ,
520 2189 563 2223 et
579 2177 820 2223 Martialem
843 2181 1142 2220 Pertusenscm
1161 2210 1170 2228 ,
1187 2176 1262 2234 qui
1275 2175 1448 2219 funesto

67 2268 196 2313 opere
214 2252 467 2313 perditionis
491 2266 564 2295 vas
581 2249 803 2294 sordidum
828 2247 1008 2292 collecta
1032 2246 1286 2290 foeculentia
1315 2245 1448 2303 gluti-

67 2332 253 2381 narunt3
279 2323 355 2367 sed
383 2332 425 2366 et
454 2322 629 2366 clericos
656 2320 889 2378 aliquando
913 2317 1116 2362 Ecclesiae
1146 2316 1444 2373 Carthaginis,

66 2395 143 2452 qui
171 2393 277 2437 dum
312 2392 494 2436 facinori
521 2391 767 2443 intersunt,
794 2388 944 2432 illicito
966 2387 1146 2431 incestui
1183 2385 1448 2429 lenocinium

28 2490 30 2493 ·
68 2463 353 2523 praebuerunt
375 2479 386 2512 ·,
406 2461 482 2505 Dei
497 2459 763 2518 praesidentis
781 2457 982 2510 arbitrio,
1006 2455 1255 2499 universalis
1278 2454 1450 2498 concilii

69 2547 143 2578 ore
170 2532 360 2577 veridico
399 2530 626 2574 damnatos
663 2542 751 2572 esse
783 2526 1042 2584 cognoscite.
1081 2546 1098 2566 »
1138 2528 1236 2569 Post
1270 2524 1451 2568 istorum

119 2624 127 2641 ¹
156 2617 236 2650 Psa'r.
256 2627 325 2657 xm,
346 2616 373 2648 3.
585 2642 589 2648 .

261 2680 445 2710 cxxxix.
1191 2663 1240 2702 30
