1825 3264
362 242 442 280 258
786 251 818 276 s.
854 246 1087 276 umescunt
1118 248 1300 276 Emscol’l

353 326 535 369 certum,
558 325 606 358 ut
628 313 819 357 dubitari
837 329 925 359 non
939 314 1084 373 possit.
1102 313 1216 366 Quia
1236 312 1315 356 etsi
1335 326 1425 356 non
1441 320 1582 356 essent
1599 313 1624 356 J
1630 312 1743 356 udaei

354 396 396 429 et
432 387 609 440 Gentes,
632 383 688 428 de
709 384 868 445 quibus
890 386 973 430 hoc
995 385 1160 429 dictum
1184 381 1487 442 intelligerem,
1519 380 1746 427 nonnullae

356 455 553 499 barbarae
571 456 767 499 nationes
788 455 917 499 etiam
946 464 1043 514 post
1066 452 1256 499 Africam
1289 452 1571 497 crediderunt
1595 473 1607 510 3
1627 451 1748 497 unde

351 536 520 570 certum
537 527 608 581 sit,
633 524 824 570 Africam
847 526 893 570 in
919 526 1074 570 ordine
1103 522 1309 570 credendi
1338 539 1428 568 non
1455 538 1544 568 esse
1563 523 1746 568 novissi-

352 611 482 640 mam.
517 600 614 641 Huc
645 595 837 652 accedit,
873 597 994 656 quod
1026 596 1117 655 ipse
1146 594 1355 639 Dominus
1389 594 1445 638 de
1471 593 1632 655 quibus
1661 593 1744 638 hoc

352 666 478 722 dixit,
499 668 718 727 exposuit,
746 677 790 712 et
810 683 885 712 ora
907 666 1274 711 calumniatorum
1292 664 1519 726 oppilavit.
1541 668 1745 725 Loquens

356 739 470 782 enim
494 739 673 794 Judaeis,
694 739 771 799 qui
786 739 826 783 ei
847 737 1005 783 dicturi
1029 747 1131 782 sunt
1151 753 1160 779 z
1191 757 1210 780 «
1245 741 1296 782 In
1313 737 1467 797 plateis
1489 736 1644 781 nostris
1666 736 1748 780 do-

354 828 373 849 »
400 809 550 854 cuisti:
571 811 684 855 Cum
702 809 911 864 videritis,
937 809 1098 868 inquit,
1122 809 1360 862 Abraham,
1383 817 1427 852 et
1449 810 1584 862 Isaac,
1610 816 1655 851 et
1667 809 1745 851 Ja-

352 898 371 920 »
395 880 494 934 cob,
511 889 555 924 et
577 896 728 925 omnes
748 881 985 939 Prophetas
999 880 1043 924 in
1061 895 1194 938 regno
1212 879 1308 932 Dei,
1327 894 1402 923 vos
1420 888 1568 922 autem
1585 876 1745 937 expelli

351 968 370 991 »
394 948 531 995 foras:
552 960 595 994 et
617 951 794 996 venient
810 950 865 994 ab
891 951 1085 1004 Oriente,
1106 959 1150 994 et
1165 948 1422 1004 Occidente,
1443 959 1487 994 et
1509 947 1744 1009 Aquilone,

350 1039 369 1062 »
398 1030 441 1064 et
462 1024 638 1076 Austro,
658 1032 702 1066 et
716 1022 976 1066 accumbent
997 1022 1043 1064 in
1067 1036 1202 1080 regno
1224 1021 1300 1064 Dei
1324 1039 1336 1065 ι
1362 1029 1406 1064 et
1427 1035 1529 1064 ecce
1546 1029 1650 1064 sunt
1670 1034 1748 1064 no-

349 1112 366 1133 »
394 1092 554 1136 vissimi
575 1093 652 1152 qui
674 1103 797 1137 erant
818 1093 974 1153 primi,
1000 1101 1044 1136 et
1064 1101 1166 1136 sunt
1196 1092 1326 1151 primi
1348 1091 1427 1152 qui
1448 1101 1572 1136 erant
1595 1091 1745 1136 novis-

345 1181 364 1203 »
392 1163 487 1206 simi
516 1166 547 1206 1.
578 1182 597 1204 »
620 1163 698 1208 Hic
733 1174 849 1209 certe
872 1162 981 1224 quid
1002 1162 1355 1218 contradicatur,
1382 1178 1471 1208 non
1497 1162 1738 1207 invenitur.

399 1235 656 1278 XXXVIII.
690 1237 800 1278 Item
829 1234 984 1278 dicunt
1011 1234 1065 1278 de
1099 1253 1120 1276 «
1137 1234 1362 1293 Apostasia
1385 1234 1502 1278 orbis
1526 1242 1740 1278 terrarum

344 1304 510 1348 dictum
542 1320 631 1349 esse
662 1305 783 1364 quod
809 1305 867 1349 ait
897 1306 1120 1359 Dominus,
1151 1324 1172 1347 «
1198 1304 1333 1349 Filius
1355 1305 1543 1349 hominis
1563 1304 1744 1349 veniens

347 1393 366 1414 »
390 1385 514 1432 putas
547 1376 740 1420 inveniet
769 1375 902 1420 fidem
932 1377 976 1421 in
1010 1386 1123 1420 terra
1147 1377 1198 1420 2?
1224 1395 1243 1417 »
1270 1375 1400 1429 Quod
1423 1391 1500 1420 nos
1529 1374 1740 1434 intelligi-

347 1460 441 1490 mus
469 1445 636 1490 dictum
664 1446 733 1490 vei
765 1456 942 1506 propter
970 1447 1108 1506 ipsam
1136 1445 1239 1490 fidei
1272 1446 1604 1506 perfectionem,
1640 1461 1745 1507 quae

346 1515 405 1559 ita
428 1514 617 1560 difficilis
638 1526 702 1561 est
723 1517 768 1561 iu
788 1517 1040 1562 hominibus
1056 1552 1067 1572 ,
1090 1526 1139 1561 ut
1159 1517 1205 1560 in
1227 1518 1328 1577 ipsis
1350 1533 1529 1578 quoque
1556 1516 1745 1562 admira·
1804 1528 1805 1531 ’

350 1586 510 1631 bilibus
537 1589 695 1632 sanctis
712 1623 722 1643 ,
750 1589 861 1633 sicut
883 1589 929 1632 in
956 1589 1048 1648 ipso
1071 1591 1238 1646 Moyse,
1269 1588 1518 1633 inveniatur
1547 1586 1742 1648 aliquid,

348 1658 423 1700 ubi
444 1658 779 1716 trepidaverint,
806 1659 874 1703 vel
903 1659 1117 1719 trepidare
1142 1659 1365 1718 potuerint
1387 1678 1395 1704 :
1417 1659 1486 1703 vel
1508 1668 1685 1719 propter
1695 1657 1748 1702 il-

350 1727 436 1772 lum
455 1729 707 1789 iniquorum
728 1729 1066 1785 abundantium,
1093 1739 1137 1774 et
1158 1731 1422 1789 paucitatem
1439 1731 1673 1786 bonorum,
1690 1727 1746 1773 de

349 1816 433 1859 qua
456 1801 555 1844 satis
576 1801 777 1846 diximus.
805 1806 1038 1861 Propterea
1062 1802 1178 1845 enim
1199 1811 1410 1862 tanquam
1433 1801 1640 1846 dubitans
1663 1802 1754 1846 hoc

352 1871 559 1915 Dominus
581 1872 703 1916 dixit.
732 1875 884 1933 Neque
914 1873 1031 1916 enim
1061 1874 1136 1928 ait,
1156 1874 1347 1918 Veniens
1384 1872 1519 1916 Filius
1555 1872 1749 1916 hominis

354 1957 444 1986 non
465 1943 654 1988 inveniet
680 1943 811 1988 fidem
840 1945 885 1987 in
911 1954 1025 1988 terra
1055 1962 1063 1989 :
1085 1945 1178 1999 sed,
1208 1963 1228 1986 «
1257 1948 1387 1988 Putas
1407 1944 1602 1989 inveniet
1620 1942 1752 1987 fidem

363 2031 380 2053 n
408 2013 452 2056 in
477 2016 617 2058 terra?
643 2033 662 2055 »
691 2015 774 2059 Cui
804 2015 955 2075 utique
983 2024 1141 2059 cuncta
1176 2016 1326 2060 scienti
1355 2025 1398 2060 et
1427 2014 1669 2075 praescienti
1694 2013 1750 2057 de

360 2082 503 2141 aliqua
527 2100 572 2127 re
594 2083 796 2129 dubitare
818 2101 908 2129 non
931 2086 1136 2130 convenit
1154 2104 1162 2130 :
1183 2085 1257 2130 sed
1276 2085 1390 2129 illius
1409 2084 1626 2130 dubitatio
1645 2099 1757 2128 nos-·
1824 2095 1825 2098 ’

364 2163 472 2197 tram
490 2154 811 2200 dubitationem
829 2157 1032 2216 figuravit
1047 2178 1058 2215 3
1082 2157 1184 2218 quia
1200 2166 1378 2216 propter
1393 2157 1530 2201 multa
1545 2154 1749 2201 scandala
1822 2202 1824 2209 ¹

363 2224 475 2268 circa
493 2225 624 2269 finem
643 2226 791 2270 saeculi
813 2226 1090 2285 pullulantia,
1116 2227 1199 2271 hoc
1224 2236 1315 2270 erat
1336 2226 1605 2287 quandoque
1627 2227 1755 2269 infir·
1821 2238 1825 2266 i

365 2296 490 2340 initas
511 2296 700 2341 humana
721 2296 905 2341 dictura.
935 2297 1059 2342 Unde
1081 2298 1125 2341 in
1149 2296 1325 2342 Psalmis
1344 2296 1525 2343 dicitur:
1541 2316 1562 2340 «
1585 2297 1775 2357 Dormi-¹

368 2367 523 2410 »tavit
558 2367 701 2411 anima
735 2382 829 2412 mea
869 2383 958 2427 prae
993 2368 1141 2423 taedio,
1183 2368 1393 2412 confirma
1431 2383 1501 2412 me
1535 2369 1582 2412 in
1615 2368 1773 2412 verbis·

373 2457 389 2476 »
417 2438 501 2481 tuis
591 2456 610 2479 ι)
641 2441 806 2494 Quare,
837 2457 857 2480 «
881 2439 1139 2484 Dormitavit
1161 2440 1304 2484 anima
1327 2455 1422 2484 mea
1442 2455 1533 2499 prae
1557 2439 1704 2495 taedio,
1731 2452 1772 2480 w

365 2506 445 2549 nisi
464 2518 639 2566 propter
651 2507 762 2553 illud
775 2508 896 2569 quod
910 2510 1118 2554 Dominus
1131 2510 1218 2565 ait,
1240 2528 1262 2552 «
1279 2510 1496 2564 Quoniam
1514 2508 1755 2556 abundavit

416 2591 426 2610 ¹
446 2592 523 2623 Luc.
544 2602 637 2633 xviii,
660 2592 692 2625 8.
710 2609 750 2616 —
765 2600 777 2616 ²
795 2596 889 2626 Deut.
911 2604 1016 2636 xxnt,
1035 2593 1089 2626 51.
1107 2610 1148 2618 —
1163 2592 1177 2619 ³
1199 2593 1281 2627 Psal.
1299 2604 1406 2636 cnut,
1425 2596 1483 2629 28.
