1825 3264
340 228 421 267 398
778 238 810 261 s.
846 232 1076 263 Acctsrim
1108 234 1290 263 Eprscopt

396 303 494 346 XX.
530 299 728 344 Arbitror
744 307 803 354 te,
823 299 1084 355 charissime,
1104 315 1194 344 non
1211 299 1353 344 solum
1375 298 1509 344 verba
1531 307 1606 343 tua
1628 314 1720 344 non

335 371 627 416 considerasse
640 368 952 414 conscribenda
965 404 976 424 ‚
994 369 1070 414 sed
1083 384 1163 414 nec
1182 368 1334 428 legisse
1353 370 1611 429 conscripta.
1630 372 1720 414 Ve-

335 451 581 485 rumtamen
589 439 697 501 quid
705 440 958 496 taceres,cui
967 441 1195 485 necessitas
1205 441 1249 484 in
1262 441 1344 485 hoc
1352 456 1481 500 opere
1490 441 1721 500 ingereba-

335 520 408 555 tur
422 512 466 555 in
478 511 789 556 Maximianum
801 527 850 556 ac
862 513 998 556 socios
1011 512 1117 571 ejus,
1133 526 1221 556 non
1235 511 1451 571 propriam
1467 510 1627 567 dicere,
1644 511 1720 556 sed

335 583 389 626 ab
403 581 494 627 aliis
507 583 668 628 dictam
680 583 904 643 quomodo
917 597 1059 642 posses
1074 581 1300 627 defensare
1315 583 1588 627 sententiam.
1608 585 1719 629 Nam

334 662 378 698 et
398 654 432 697 si
455 663 504 698 tu
525 669 614 699 non
628 654 808 698 utereris
825 654 889 698 his
904 654 1060 709 verbis,
1083 653 1355 713 idemipsum
1367 652 1593 698 decretum
1607 667 1717 698 con-

334 723 420 768 cilii
437 725 679 784 Bagaiensis
700 726 942 780 recitarem,
967 725 1043 769 ubi
1064 725 1271 785 scriptum
1290 734 1353 769 est
1377 745 1388 783 3
1415 743 1437 767 «
1462 727 1549 769 Eos
1570 733 1722 768 autem

333 810 442 854 quos
456 795 648 854 sacrilegi
664 795 824 840 surculi
840 811 928 840 non
946 794 1142 854 polluere
1159 795 1386 854 plantaria,
1404 797 1488 839 hoc
1505 805 1585 851 est,
1605 795 1681 854 qui
1694 809 1720 839 a

332 866 581 910 Maximiani
603 867 744 926 capite
763 867 957 926 proprias
978 881 1134 910 manus
1154 866 1402 911 verecundo
1425 866 1526 910 fidei
1551 866 1720 924 pudore

332 945 620 992 retraxerunt,
637 937 691 981 ad
708 946 890 982 matrem
908 936 1146 982 Ecclesiam
1170 937 1309 981 redire
1327 938 1614 996 permisimus.
1640 957 1658 978 »

390 1009 512 1052 XXI.
549 1007 737 1052 Proinde
758 1017 802 1052 et
823 1008 858 1051 si
875 1008 977 1051 talia
1000 1017 1075 1051 tua
1096 1008 1231 1052 verba
1254 1022 1345 1052 non
1367 1007 1625 1066 reperirem,
1650 1005 1721 1049 hic

331 1086 448 1121 certe
480 1078 696 1133 dicerem,
722 1078 793 1122 hic
815 1093 894 1138 pro
916 1078 1097 1122 veritate
1125 1077 1360 1122 clamarem
1375 1112 1386 1133 ‚
1412 1076 1643 1130 Quomodo
1664 1074 1720 1120 ad

331 1156 513 1191 matrem
525 1147 761 1192 Ecclesiam
776 1147 914 1192 redire
923 1147 1252 1208 permittuntur,
1265 1151 1342 1208 qui
1354 1148 1409 1192 ab
1421 1146 1614 1192 Ecclesia
1627 1162 1722 1192 ma-

330 1226 396 1261 tre
408 1233 497 1262 non
511 1221 806 1263 recesserunt?
820 1222 908 1263 Aut
919 1222 954 1262 si
966 1228 1250 1274 recesserunt,
1262 1234 1350 1278 quo
1354 1220 1575 1278 jure,ante
1587 1231 1721 1278 quam

331 1288 539 1342 redirent,
576 1291 794 1350 baptizare
819 1300 1084 1350 potuerunt,
1113 1290 1195 1334 nisi
1225 1291 1326 1351 quia
1353 1291 1400 1334 in
1424 1305 1552 1334 causa
1583 1303 1722 1333 resar-

330 1359 472 1404 ciendi
497 1361 627 1421 hujus
654 1361 892 1406 schismatis
914 1360 1038 1405 obliti
1060 1361 1160 1405 estis
1181 1361 1371 1420 propriae
1391 1360 1609 1415 vanitatis,
1633 1374 1721 1419 qua

329 1439 426 1488 post
444 1432 667 1490 epi-scopos
690 1432 744 1475 ab
760 1432 862 1491 ipsis
886 1431 1193 1490 Apostolorum
1217 1431 1394 1476 sedibus
1418 1434 1719 1477 inconcussam

329 1501 482 1544 seriem
509 1517 648 1562 usque
680 1502 726 1545 in
753 1503 847 1546 haec
873 1511 1072 1561 tempora
1109 1506 1397 1561 perducentes
1414 1536 1426 1557 ,
1461 1517 1551 1546 non
1581 1515 1719 1546 unum

329 1572 570 1627 hominem,
591 1589 681 1618 non
703 1589 836 1617 unam
857 1572 1063 1628 domum,
1092 1588 1180 1618 non
1204 1588 1336 1617 unam
1363 1573 1579 1617 civitatem
1594 1607 1605 1627 ,
1629 1587 1720 1616 non

328 1658 461 1686 unam
481 1653 671 1702 gentem,
686 1645 762 1688 sed
780 1644 929 1688 orbem
947 1653 1161 1688 terrarum
1178 1644 1489 1704 baptizandum
1509 1658 1599 1688 esse
1615 1658 1719 1688 cen-

329 1713 427 1756 setis
455 1732 463 1757 z
485 1723 560 1758 aut
582 1723 698 1757 certe
719 1714 821 1773 quia
843 1715 976 1773 hujus
999 1715 1102 1760 facti
1123 1715 1278 1759 horror
1306 1729 1477 1774 semper
1498 1715 1626 1758 etiam
1648 1713 1717 1758 fa-

327 1784 535 1827 cientium
558 1785 689 1829 corda
711 1785 945 1839 concussit,
970 1794 1036 1830 tot
1057 1785 1231 1844 populis
1248 1784 1303 1829 ad
1320 1794 1506 1830 vestram
1526 1800 1719 1830 commu·

326 1853 502 1898 nionem
516 1870 539 1898 a
552 1854 801 1899 Maximiani
816 1856 1127 1899 communione
1141 1855 1441 1910 redeuntibus,
1453 1865 1541 1899 tam
1557 1854 1718 1899 multos

326 1923 505 1983 quidem
519 1924 648 1968 libuit
661 1940 872 1984 reparare,
886 1925 959 1969 sed
975 1925 1134 1985 puduit
1148 1935 1235 1970 tam
1250 1925 1411 1970 multos
1424 1926 1715 1984 rebaptizare:

326 1994 446 2054 quod
469 2004 614 2040 tamen
631 2031 641 2051 ,
667 1995 936 2056 quibulisbet
953 1996 1268 2042 detestantibus
1290 2006 1334 2041 et
1355 1997 1713 2060 exhorrentibus,

326 2074 503 2124 propter
524 2066 706 2110 salutem
722 2067 953 2111 hominum
975 2065 1188 2121 faceretis,
1214 2084 1313 2127 quae
1335 2077 1501 2127 quanto
1523 2067 1716 2127 plurium
1782 2124 1784 2126 Γ
1824 2103 1825 2114 ,

326 2134 483 2191 fuerat,
510 2145 630 2181 tanto
652 2137 795 2180 minus
808 2138 962 2196 utique
983 2138 1305 2182 contemnenda
1321 2148 1428 2192 erat,
1459 2138 1493 2182 si
1515 2139 1598 2183 hoc
1632 2153 1716 2181 un-

325 2221 457 2266 quam
473 2208 674 2251 contuitu
696 2208 904 2262 veritatis,
930 2217 972 2252 et
996 2224 1084 2252 non
1105 2208 1361 2269 praejudicio
1379 2208 1577 2253 faceretis
1595 2222 1715 2252 erro·
1783 2254 1785 2262 ,

326 2277 396 2320 ris.
423 2276 552 2321 Vides
571 2286 686 2321 certe
708 2277 753 2320 in
777 2278 863 2321 hoc
886 2278 1287 2321 Maximianensium
1311 2278 1365 2321 ad
1390 2288 1574 2322 vestram
1591 2292 1714 2322 com-
1780 2296 1785 2340 J

327 2348 581 2392 munionem
604 2347 747 2392 reditu
769 2347 1053 2406 patefactum,
1074 2363 1174 2393 vera
1192 2364 1281 2392 esse
1304 2365 1403 2408 quae
1421 2348 1475 2393 de
1498 2349 1715 2407 baptismo

327 2417 533 2462 dicuntur
547 2435 569 2463 a
581 2419 720 2464 nobis.
733 2421 840 2463 Nam
854 2419 886 2463 si
904 2419 1019 2462 ullus
1036 2419 1157 2463 estin
1179 2421 1429 2464 hominibus
1445 2419 1710 2475 intellectus,
1781 2467 1783 2474 .

327 2487 395 2529 vel
417 2488 587 2532 dicendi
608 2488 773 2548 aliquid
790 2488 859 2533 vel
881 2488 1102 2543 audiendi,
1127 2491 1204 2549 qui
1227 2500 1459 2550 antequam
1491 2490 1639 2534 redeat
1658 2489 1715 2534 ad
1776 2528 1777 2532 ,

329 2554 563 2601 Ecclesiam
587 2557 793 2617 baptizat,
820 2557 1016 2617 profecto
1038 2567 1154 2604 extra
1174 2559 1409 2604 Ecclesiam
1427 2559 1617 2619 baptizat
1638 2577 1648 2603 z
1671 2567 1715 2604 et
1774 2552 1789 2589 Ὺ
