1825 3264
375 242 454 279 128
813 245 848 275 s.
884 246 1113 275 Aucusnm
1144 247 1324 276 zmscom

367 316 473 359 sima
500 312 664 358 animas
689 310 902 373 jugulatis
923 347 934 368 ,
970 311 1158 357 Domino
1195 312 1289 372 ipso
1318 311 1490 355 dicente
1531 330 1540 355 ;
1577 329 1597 353 «
1622 311 1765 358 Nolite

370 404 391 427 »
428 386 579 430 timere
599 399 671 429 eos
687 383 765 445 qui
788 398 944 444 corpus
961 382 1186 438 occidunt,
1212 383 1402 427 animam
1424 382 1541 427 enim
1568 374 1767 427 occidere

367 473 388 496 »
423 469 513 500 non
535 462 740 514 possunt,
763 453 842 499 sed
863 454 1013 499 timete
1030 454 1175 513 potius
1196 468 1297 498 eum
1319 453 1394 514 qui
1416 452 1554 497 habet
1572 462 1764 517 potestp-

369 544 388 567 »
425 534 512 570 tem
530 541 688 586 corpus
700 535 745 572 et
763 526 953 571 animam
971 525 1200 570 mitterein
1223 526 1471 585 gehennam
1495 525 1605 585 ignis
1626 527 1656 568 ¹.
1683 523 1719 567 »'

425 599 640 643 CCXXX.
659 600 936 643 Aucusrmns
951 596 1195 658 respondit:
1212 597 1342 650 Quod
1360 595 1483 652 dicis,
1504 612 1581 641 vos
1598 596 1760 652 facitis,

366 682 455 713 non
470 666 612 726 gladio
626 667 783 713 visibili
799 667 892 723 ,sed
907 667 982 713 illo
1000 668 1055 712 de
1067 683 1155 728 quo
1173 667 1342 712 dictum
1363 676 1449 712 est:
1469 685 1488 708 ι(
1504 666 1604 711 Filii
1618 667 1765 711 homi-

370 757 390 780 »
427 754 535 783 num
557 739 708 784 dentes
733 754 885 784 eorum
911 755 1028 784 arma
1057 748 1100 784 et
1133 739 1321 799 sagittae,
1358 747 1401 783 et
1434 737 1586 798 lingua
1613 753 1766 782 eorum

372 829 389 851 »
427 808 597 868 gladius
631 819 785 855 acutus
819 812 852 853 ².
891 829 910 851 η
938 813 1032 855 Hoc
1070 811 1186 854 enim
1220 810 1365 869 gladio
1406 809 1683 853 criminatore
1719 817 1762 853 et

366 879 680 926 calumniatore
703 882 819 927 orbis
846 882 1060 941 incogniti
1081 917 1091 937 ,
1112 882 1414 942 imperitorum
1440 881 1607 926 animas
1625 881 1762 926 truci-

366 951 492 997 datis.
514 953 557 998 Si
571 963 716 998 autem
735 953 1091 998 communionem
1115 954 1426 1015 nequissimam
1446 967 1637 1008 accusas,
1664 967 1765 997 ecce

365 1038 455 1079 ore,
482 1039 570 1069 non
595 1040 707 1079 meo,
733 1024 808 1069 sed
827 1034 920 1079 tuo,
951 1024 1172 1080 ascendas,
1197 1024 1449 1078 descendas,
1476 1025 1627 1079 intres,
1660 1039 1762 1068 ver-

366 1095 484 1150 seris,
512 1095 797 1154 tegiverseris,
819 1095 916 1140 talis
939 1112 982 1140 es
1005 1096 1146 1156 qualis
1166 1098 1369 1156 Optatus.
1404 1097 1447 1142 Si
1470 1105 1617 1141 autem
1651 1095 1765 1140 redis

366 1165 421 1209 ad
443 1181 517 1209 cor
537 1200 547 1220 ,
571 1174 614 1209 et
645 1166 838 1211 invenies
859 1175 902 1210 te
934 1182 1023 1211 non
1056 1182 1146 1212 esse
1170 1166 1323 1223 talem,
1351 1183 1441 1212 non
1478 1168 1581 1227 quia
1617 1176 1765 1211 tecum

365 1245 633 1280 sacramenta
657 1252 746 1281 non
764 1237 1130 1293 communicavit,
1155 1237 1231 1282 sed
1264 1239 1366 1298 quia
1395 1238 1479 1282 tibi
1501 1237 1725 1297 displicuit
1752 1255 1762 1281 :

367 1305 562 1351 absolves
584 1307 735 1351 orbem
766 1317 979 1352 terrarum
1009 1308 1267 1353 criminibus
1297 1307 1473 1365 alienis,
1505 1317 1548 1352 et
1570 1307 1765 1353 invenies

365 1391 440 1420 vos
462 1376 704 1435 implicatos
728 1377 908 1422 crimine
927 1378 1184 1423 schismatis.

425 1448 669 1492 CCXXXI.
698 1451 962 1492 PETILIANL'S
985 1446 1094 1492 dixit
1119 1468 1127 1492 :
1159 1468 1179 1490 «
1203 1450 1289 1492 Vos
1311 1463 1415 1507 ergo
1434 1447 1511 1508 qui
1534 1445 1763 1492 falsissimo

365 1517 576 1575 baptismo
610 1518 741 1563 vultis
770 1518 903 1564 lavari
925 1535 1059 1579 quam
1080 1519 1220 1574 nasci,
1246 1534 1336 1564 non
1357 1518 1498 1563 solum
1520 1526 1663 1563 vestra
1684 1519 1763 1562 de-

364 1586 465 1634 licta
479 1605 568 1633 non
582 1590 763 1648 ponitis,
783 1605 935 1635 verum
956 1591 1120 1634 animas
1137 1599 1299 1635 vestras
1312 1605 1487 1635 reorum
1507 1589 1762 1634 criminibus

365 1660 566 1704 oneratis.
584 1662 639 1704 Ut
657 1660 771 1704 enim
789 1676 901 1720 aqua
925 1661 1180 1705 nocentium
1196 1677 1219 1705 a
1234 1671 1383 1706 sancto
1401 1661 1566 1720 Spiritu
1578 1668 1761 1705 vacuata

364 1739 443 1785 est,
469 1731 528 1775 ita
550 1731 682 1790 plane
703 1731 862 1776 referta
884 1741 947 1776 est
962 1732 1218 1777 criminibus
1234 1732 1528 1777 Traditorum.
1547 1732 1761 1785 Quicum-

363 1817 450 1861 que
476 1802 609 1860 igitur
639 1803 768 1847 miser
801 1803 856 1847 ab
882 1803 1134 1862 hujusmodi
1175 1803 1428 1862 baptizaris,
1466 1803 1500 1848 si
1531 1802 1761 1847 mendacio

364 1887 510 1916 carere
547 1872 766 1929 volueris,
808 1873 1084 1933 perfunderis
1114 1873 1319 1919 falsitate.
1358 1875 1400 1919 Si
1428 1874 1587 1918 delicta
1622 1873 1761 1918 carnis

364 1943 539 1988 volebas
556 1945 993 1999 excludere,reorum
1012 1944 1247 1990 accedente
1261 1945 1522 1990 conscientia
1548 1945 1762 2004 percipies
1804 1973 1806 1978 ·

365 2023 408 2059 et
424 2024 609 2060 reatum.
639 2016 681 2061 Si
703 2016 894 2061 avaritiae
918 2018 1139 2062 flammam
1160 2016 1339 2062 volebas
1357 2018 1631 2074 extinguere,
1657 2030 1761 2075 per-

365 2085 559 2131 funderis
572 2087 744 2143 fraude,
759 2087 1032 2147 perfunderis
1048 2088 1224 2144 scelere,
1243 2087 1520 2148 perfunderis
1535 2097 1578 2132 et
1592 2086 1757 2132 furore.

368 2158 590 2201 Postremo
610 2159 644 2201 si
661 2157 817 2213 credis,
838 2159 939 2217 quia
960 2159 1209 2218 accipientis
1227 2168 1270 2203 et
1293 2158 1436 2203 dantis
1457 2167 1522 2203 est
1545 2156 1651 2202 fides
1668 2192 1678 2212 ,
1705 2157 1761 2202 ab

365 2240 416 2270 eo
438 2227 514 2286 qui
549 2227 752 2272 interficit
787 2228 1010 2272 hominem
1028 2263 1038 2283 ,
1065 2229 1273 2286 sanguine
1296 2227 1572 2287 perfunderis
1595 2227 1756 2272 fratris.

366 2298 431 2340 Ita
450 2298 605 2355 agitur,
631 2307 682 2342 ut
697 2299 774 2359 qui
789 2299 842 2342 ad
866 2297 1130 2357 baptismum
1152 2299 1362 2343 innocens
1384 2312 1579 2353 veneras,
1606 2313 1630 2342 a
1647 2298 1760 2358 bap-

364 2366 491 2412 tismo
513 2367 662 2413 redeas
688 2367 914 2429 parricida.
949 2387 968 2409 »

424 2439 687 2483 CCXXXII.
731 2442 1008 2483 AUGL‘S‘DNUS
1051 2438 1274 2498 respondit
1305 2459 1313 2483 z
1350 2438 1519 2483 Vellem
1557 2454 1656 2483 cum
1699 2438 1758 2482 eis

365 2510 658 2564 sermocinari,
686 2510 760 2569 qui
791 2510 931 2554 verbis
958 2510 1047 2554 istis
1064 2509 1185 2555 lectis
1209 2510 1276 2554 vel
1307 2511 1464 2554 auditis
1489 2509 1756 2555 acclamave-

415 2600 421 2615 ¹
451 2593 568 2625 Manh.
595 2605 627 2633 x,
649 2597 700 2626 23.
719 2612 755 2616 —
776 2601 784 2616 ²
805 2594 887 2626 Psal.
907 2605 971 2631 tvi,
993 2595 1023 2625 5.
