1825 3264
512 276 566 302 οε
600 272 781 302 ιΝιΤΑτε
815 275 1030 303 Εεειεςυπ.
1380 270 1466 307 293

79 351 124 388 et
143 342 315 387 fatebor
332 340 387 385 ad
409 349 452 385 te
484 356 573 385 esse
601 339 913 386 transeundum
931 376 942 397 ,
963 357 1043 387 nec
1065 342 1188 388 aliter
1224 359 1312 389 esse
1337 346 1472 391 susci-

78 412 259 474 piendos
280 412 505 457 haereticos
520 447 530 466 ‚
548 426 678 472 quam
695 412 805 455 sicut
825 412 1002 471 suscipit
1024 413 1202 459 ecclesia
1224 415 1269 459 in
1292 432 1378 476 qua
1396 432 1440 461 es
1455 452 1466 473 ‚

77 484 178 545 quia
195 483 269 528 tali
292 484 539 528 testimonio
560 482 775 528 declarata
799 492 877 526 est.
899 484 1014 536 Quid
1032 488 1216 530 aestuas?
1237 487 1344 546 quid
1369 503 1471 547 per-

78 556 265 600 turbaris
290 557 308 597 ‘?
334 558 432 601 Non
454 557 620 601 invenis
647 557 693 600 in
718 556 949 616 Scripturis
968 558 1214 615 canonicis,
1240 561 1362 620 quod
1384 577 1408 606 a
1432 571 1473 606 te

70 628 304 688 justissime
326 629 564 688 exigimus?
584 630 693 674 Nam
718 628 838 689 quod
856 627 999 673 dicere
1017 630 1163 674 soletis
1185 651 1194 676 :
1220 650 1240 674 «
1268 632 1351 677 Ubi
1374 649 1472 692 pas-

79 717 99 738 »
128 699 214 753 cis,
240 699 318 742 ubi
341 699 476 743 cubas
500 699 544 743 in
567 697 770 743 meridie¹
796 718 805 744 :
833 717 852 739 ι)
879 698 997 744 vides
1019 700 1149 760 quale
1174 702 1244 757 sit,
1265 712 1308 746 et
1338 719 1470 763 quam

74 784 154 830 pro
173 779 214 813 te
227 784 316 814 non
328 770 396 813 sit.
408 769 507 815 Noli
530 785 632 829 ergo
652 770 752 814 talia
769 785 980 830 quaerere.
1002 771 1114 824 Quia
1124 771 1204 815 etsi
1217 773 1260 816 in
1274 774 1471 832 partibus

73 840 301 900 Aquilonis
323 850 434 885 esset
450 856 547 900 pars
571 841 746 895 Donati,
772 857 872 901 quae
894 843 1126 886 contrariae
1149 852 1252 888 sunt
1276 845 1474 904 partibus

73 909 320 955 Mei-idianis
334 945 344 962 ‚
365 910 526 955 diceret
547 911 602 955 de
622 925 667 955 se
689 926 779 955 esse
801 911 970 956 dictum
996 930 1005 957 :
1028 931 1049 955 (ι
1070 914 1242 957 Montes
1267 914 1386 969 Sion,
1407 914 1474 959 la-

75 998 96 1022 »
122 990 212 1025 tera
232 981 476 1040 Aquilonis,
503 982 650 1026 civitas
671 981 781 1040 regis
805 982 967 1041 magni.
986 1000 1007 1023 »
1028 985 1138 1028 Nam
1154 984 1308 1044 utique
1322 985 1473 1030 civitas

72 1052 184 1110 regis
195 1053 341 1110 magni
360 1068 449 1097 non
469 1062 533 1097 est
547 1052 629 1097 nisi
651 1051 842 1097 Ecclesia
860 1073 871 1110 3
889 1062 932 1096 et
954 1054 1037 1097 hoc
1053 1054 1199 1112 potius
1218 1054 1478 1100 indubitan-

73 1131 137 1167 ter
153 1130 276 1166 sonat
295 1121 530 1167 Ecclesiam
547 1158 558 1178 ‚
582 1138 715 1183 quam
744 1121 879 1178 illud,
910 1140 930 1165 «
954 1123 1038 1167 Ubi
1057 1124 1215 1182 pascis,
1240 1124 1318 1169 ubi
1336 1126 1471 1170 cubas

74 1193 158 1237 »in
172 1192 366 1237 meridie.
395 1211 417 1235 »
444 1194 528 1238 Sed
546 1193 722 1238 fortasse
745 1193 820 1238 illo
840 1194 1090 1238 testimonio
1108 1195 1303 1241 Marcion
1325 1197 1468 1240 haere·

72 1264 181 1308 ticus
204 1271 423 1318 uteretur,
445 1264 521 1324 qui
540 1262 700 1308 dicitur
720 1265 925 1309 Ponticus
948 1263 1102 1319 fuisse,
1123 1281 1223 1326 quae
1247 1275 1390 1325 partes
1413 1267 1470 1311 ad

72 1334 336 1394 Aquilonem
361 1344 477 1379 sunt.
496 1337 662 1379 Rursus
678 1335 712 1379 si
729 1335 775 1378 in
793 1334 1032 1379 Occidente
1054 1345 1163 1380 esset
1185 1352 1282 1395 pars
1296 1338 1471 1392 Donati,

72 1404 236 1450 diceret
252 1404 307 1449 de
321 1420 365 1449 se
386 1420 476 1449 esse
490 1405 662 1450 dictum
677 1424 686 1450 :
703 1424 721 1447 «
736 1408 824 1449 Iter
838 1405 969 1450 facite
987 1406 1025 1449 ei
1036 1407 1112 1465 qui
1129 1407 1324 1451 ascendit
1341 1421 1471 1466 super

74 1493 96 1518 »
117 1490 335 1531 occasum,
351 1476 562 1519 Dominus
579 1490 740 1520 nomen
758 1485 822 1520 est
836 1475 965 1518 illst»
979 1477 1190 1520 Fortassis
1202 1477 1319 1520 enim
1338 1477 1473 1521 subli-

75 1547 186 1590 mius
216 1561 307 1590 esse
332 1545 497 1590 diceret
523 1566 531 1591 :
562 1565 583 1588 «
608 1546 816 1590 Ascendit
845 1560 976 1604 super
1004 1561 1206 1590 occasum
1233 1564 1243 1598 ;
1272 1565 1292 1588 »
1309 1562 1468 1607 quam,

77 1636 98 1660 «
118 1618 263 1663 Cubat
292 1618 337 1662 in
365 1616 562 1662 meridie.
592 1636 612 1658 »
639 1619 743 1661 Haec
775 1618 956 1674 mystica
985 1627 1112 1673 sunt,
1147 1627 1295 1677 operta
1339 1628 1468 1675 sunt,

70 1689 257 1747 figurata
277 1697 379 1732 sunt
409 1707 417 1732 ε
447 1687 614 1748 aliquid
651 1687 931 1733 manifestum
968 1688 1089 1747 quod
1111 1689 1349 1748 interprete
1376 1704 1467 1734 non

73 1767 218 1818 egent,
240 1774 263 1802 a
281 1758 406 1803 vobis
424 1759 686 1817 flagitamus.

132 1831 268 1874 LXX.
286 1832 381 1888 Ego
395 1831 541 1890 itaque
553 1831 612 1874 sic
627 1838 670 1873 te
682 1831 885 1889 suscipio,
903 1829 1278 1889 quemadmodum
1292 1832 1473 1891 suscipit

73 1915 220 1944 semen
242 1900 456 1945 Abrahae:
478 1920 498 1943 «
525 1903 577 1944 In
599 1916 688 1960 quo
706 1900 1030 1944 benedicuntur
1052 1915 1203 1945 omnes
1231 1910 1380 1960 gentes
1395 1903 1427 1944 ³.
1448 1919 1469 1943 »

74 1972 169 2015 Hoc
200 1968 311 2014 forte
346 1970 582 2015 obscurum
605 1980 715 2015 esset
732 2005 742 2025 ,
769 1970 851 2014 nisi
875 1969 1035 2014 Paulus
1063 1971 1300 2030 aperuisset
1323 1985 1472 2014 semen

75 2040 263 2085 Abrahae
279 2040 398 2099 quod
417 2049 480 2084 est
494 2041 707 2085 Christus.
732 2040 799 2085 Sic
812 2049 855 2083 te
870 2040 1056 2098 suscipio
1067 2074 1078 2093 ‚
1093 2039 1466 2099 quemadmodum

74 2111 253 2170 suscipit
280 2110 351 2155 illa
389 2129 410 2152 «
438 2110 622 2165 Sterilis,
643 2113 766 2171 cujus
792 2109 920 2154 multi
943 2119 1045 2155 sunt
1067 2109 1144 2154 filii
1166 2110 1302 2169 magis
1334 2125 1466 2170 quam

77 2199 98 2223 »
121 2183 214 2242 ejus
235 2196 334 2241 quae
357 2180 486 2226 habet
519 2181 660 2224 virum
682 2183 712 2225 4.
744 2200 763 2222 »
787 2180 917 2234 Quod
951 2180 1188 2225 obscurum
1225 2189 1358 2234 esset,
1384 2180 1467 2223 nisi

76 2252 237 2296 Paulus
259 2251 434 2296 dixisset
449 2287 460 2307 ,
486 2252 623 2311 ipsam
653 2267 743 2296 esse
764 2252 1003 2296 Ecclesiam
1027 2261 1212 2296 matrem
1234 2259 1426 2295 nostram
1454 2284 1466 2305 ,

75 2322 147 2368 cui
179 2321 346 2367 dictum
377 2331 468 2367 est:
499 2341 518 2364 «
539 2323 750 2367 Dominus
775 2323 853 2383 qui
890 2323 1003 2367 eruit
1025 2331 1068 2367 te
1085 2357 1097 2378 ‚
1122 2323 1213 2382 ipse
1235 2311 1349 2366 Deus
1368 2320 1469 2363 uni-

79 2410 102 2435 »
125 2407 259 2437 versae
280 2401 406 2436 terrae
427 2393 656 2437 vocabitur
672 2395 687 2418 ⁵
713 2412 721 2437 z
745 2411 765 2434 »
792 2393 863 2437 cui
883 2392 1051 2437 dictum
1071 2402 1134 2436 est
1159 2411 1167 2437 :
1195 2410 1214 2431 «
1242 2394 1372 2435 Terra
1394 2399 1470 2434 tua

80 2482 102 2506 »
127 2463 241 2508 orbis
264 2472 476 2507 terrarum
498 2464 531 2506 ⁶.
561 2481 581 2504 »
610 2463 729 2508 Sicut
742 2463 922 2522 suscipit
941 2462 1090 2520 regina
1111 2461 1207 2516 illa,
1235 2460 1289 2505 de
1306 2475 1394 2521 qua
1422 2460 1468 2504 in

127 2572 136 2588 ¹
157 2567 248 2599 Cant.
272 2576 295 2606 1,
324 2565 357 2598 6.
373 2582 414 2588 —
430 2572 442 2588 ²
464 2565 544 2598 Psal.
567 2576 661 2604 nvn,
687 2564 718 2596 5.
737 2581 777 2587 —
800 2562 813 2587 ³
833 2567 912 2598 Gen.
932 2574 1013 2605 xm,
1036 2563 1086 2597 18.
1103 2580 1144 2587 ——
1166 2560 1183 2588 4
1199 2562 1266 2597 Gal.
1287 2574 1336 2601 ιιι,
1358 2561 1408 2597 16.
1425 2577 1467 2587 -

82 2619 95 2643 5
114 2620 162 2653 m.
189 2631 234 2658 iv,
253 2619 308 2653 26.
325 2638 366 2646 —
380 2619 395 2640 s·
414 2621 484 2654 1÷ai.
509 2632 571 2659 mv,
597 2621 630 2659 5,
649 2624 681 2653 et
697 2631 770 2656 ιιιι,
788 2620 816 2660 l..
