1825 3264
313 249 393 285 :392
753 259 784 283 s.
824 257 1052 283 AUGUSTiNt
1086 256 1267 283 EPlscom

309 322 428 382 quod
452 330 583 379 caput
616 329 680 364 est
704 320 942 379 baptizati?
971 336 1026 364 an
1051 319 1153 363 salsa
1184 322 1274 379 ejus
1297 319 1409 364 sama
1431 322 1448 362 ‘?
1473 323 1563 364 Hoc
1594 321 1694 380 qui-

308 393 405 436 dem
427 392 681 436 Cresconius
699 392 820 445 dicit,
839 390 915 435 sed
937 391 1091 434 veritas
1113 389 1385 434 contradicit.
1408 393 1523 449 Ergo
1540 391 1574 434 si
1590 399 1695 434 ωηο

308 463 427 520 origo
446 471 490 505 et
512 460 630 505 radix
653 471 696 505 et
711 470 843 520 caput
861 461 1058 506 Christus
1073 469 1158 514 est,
1179 462 1270 520 ipse
1289 469 1353 505 est
1374 461 1502 505 etiam
1519 461 1696 521 quando

305 534 499 577 minister
516 541 578 577 est
598 533 754 587 bonus,
770 548 824 576 ne
842 532 964 593 quod
986 531 1344 576 absurdissimum
1359 541 1422 576 est
1439 567 1450 585 ,
1473 531 1626 576 melior
1645 533 1698 576 sit

304 603 496 648 conditio
519 603 723 662 baptizati
740 618 816 662 per
839 603 1063 647 occultum
1086 601 1272 655 malum,
1298 601 1478 661 quando
1500 602 1697 647 Christus

305 684 369 718 est
385 682 532 732 caput,
546 688 675 733 quam
700 673 908 732 baptizati
932 688 1008 732 per
1031 671 1310 716 manifestum
1332 673 1515 726 bonum,
1535 673 1570 716 si
1590 680 1697 715 tunc

301 745 495 788 minister
521 754 584 788 est
606 753 752 804 caput.
782 746 875 788 Hoc
907 753 950 788 et
978 743 1033 787 de
1055 743 1170 787 bono
1198 743 1362 787 semine
1386 743 1584 787 dixerim.
1618 744 1696 787 Se-

301 815 452 874 quitur
473 815 586 858 enim
608 817 636 858 ¹:
665 833 685 856 «
706 817 792 859 Nec
814 813 1055 874 quidquam
1078 814 1190 857 bene
1212 822 1452 871 regenerat,
1483 813 1564 858 nisi
1578 813 1696 858 bono

302 887 466 929 semine
488 894 811 942 regeneretur.»

359 958 479 999 XIV.
520 960 623 1008 Quae
646 971 748 1000 vero
771 965 1017 1015 sequuntur
1040 970 1091 999 ex
1114 952 1308 1013 Epistola
1330 953 1528 998 Petiliani
1557 955 1633 998 abs
1655 963 1698 998 te

302 1029 455 1086 posita,
481 1026 557 1069 ubi
585 1027 644 1070 ait
670 1045 680 1071 :
711 1046 731 1068 «
757 1029 865 1079 Quae
888 1041 988 1069 cum
1012 1026 1070 1068 ita
1093 1025 1206 1079 sint,
1238 1024 1413 1079 fratres,
1438 1040 1537 1084 quae
1556 1033 1699 1084 potest

304 1111 394 1140 esse
416 1095 672 1154 perversitas
690 1130 700 1150 ,
727 1105 776 1139 ut
809 1097 884 1155 qui
919 1096 1005 1139 suis
1035 1095 1290 1140 criminibus
1321 1110 1418 1140 reus
1448 1105 1539 1150 est,
1564 1095 1696 1140 alium

304 1164 434 1210 faciat
466 1165 743 1209 innocentem
763 1200 773 1219 ‚
800 1181 900 1209 cum
935 1166 1143 1224 scriptum
1163 1166 1243 1210 sit:
1273 1185 1292 1207 «
1318 1166 1461 1210 Arbor
1484 1166 1599 1210 bona
1624 1166 1696 1210 bo-

305 1255 324 1278 »
345 1251 423 1280 nos
443 1235 609 1280 fructus
633 1234 757 1290 facit,
786 1245 829 1280 et
855 1236 984 1280 arbor
1015 1235 1127 1279 mala
1151 1234 1286 1280 malos
1309 1235 1477 1280 fructus
1500 1236 1693 1280 facit²?»

308 1326 325 1347 «
354 1308 579 1367 Numquid
594 1306 808 1366 colligunt
822 1307 877 1351 de
898 1307 1030 1367 spinis
1051 1323 1154 1351 uvas
1166 1309 1208 1351 Ρ»
1230 1308 1477 1352 Etiterum:
1506 1326 1526 1350 «
1546 1306 1698 1352 Omnis

305 1396 325 1419 »
354 1379 485 1421 homo
511 1378 651 1421 bonus
683 1377 737 1421 de
761 1379 962 1422 thesauro
995 1377 1134 1422 cordis
1168 1378 1232 1421 sui
1264 1377 1467 1436 producit
1489 1378 1629 1432 bona,
1655 1387 1698 1422 et

273 1436 278 1440 ”
305 1467 325 1489 »
351 1448 488 1491 malus
516 1449 648 1492 homo
671 1449 725 1491 de
758 1450 960 1493 thesauro
984 1448 1127 1493 cordis
1156 1449 1221 1492 sui
1252 1447 1420 1507 profert
1446 1447 1559 1492 mala
1582 1450 1597 1474 3
1627 1467 1635 1493 :
1674 1467 1693 1490 »

304 1519 403 1562 satis
438 1529 674 1578 aperteque
697 1520 993 1574 convincunt,
1024 1519 1284 1563 Petilianum
1306 1520 1401 1563 haec
1430 1521 1573 1564 omnia
1609 1534 1698 1564 non

304 1588 497 1632 retulisse
520 1589 601 1632 nisi
623 1589 678 1632 ad
702 1590 922 1632 hominem
945 1605 1020 1648 per
1049 1604 1182 1649 quem
1204 1589 1447 1648 baptismus
1476 1590 1697 1633 ministra-

306 1667 398 1712 tur,
424 1668 471 1702 ut
489 1659 578 1716 ipse
599 1658 865 1716 intelligatur
883 1694 893 1713 ‚
919 1661 951 1703 si
977 1661 1184 1704 innocens
1207 1669 1270 1704 est
1289 1695 1300 1714 ‚
1321 1661 1464 1705 facere
1486 1662 1697 1705 innocen-

308 1737 393 1772 tem
417 1743 549 1787 quem
585 1729 773 1787 baptizat
801 1750 811 1786 3
850 1729 937 1787 ipse
969 1730 1024 1773 sit
1067 1730 1178 1773 bona
1211 1729 1340 1773 arbor
1376 1732 1498 1789 cujus
1533 1730 1700 1775 fructus

308 1799 361 1841 sit
383 1798 457 1856 qui
477 1798 720 1856 baptizatur
741 1819 751 1855 3
777 1799 866 1857 ipse
890 1798 1030 1842 bonus
1054 1799 1207 1853 homo,
1229 1799 1283 1843 de
1305 1802 1428 1859 cujus
1449 1801 1590 1845 cordis
1607 1801 1699 1844 the-

309 1884 435 1912 sauro
471 1867 669 1927 procedit
705 1870 986 1913 sanctificatio
1015 1870 1234 1928 baptizati.
1278 1875 1340 1915 Ac
1372 1886 1442 1927 per
1477 1872 1558 1915 hoc
1597 1886 1698 1914 cum

307 1939 385 1981 iste
407 1938 604 1982 occultus
627 1948 691 1981 est
713 1938 851 1982 malus
869 1973 879 1991 ,
905 1938 974 1983 dic
998 1940 1103 1982 milii
1125 1955 1147 1983 a
1170 1955 1259 1999 quo
1281 1941 1330 1984 fit
1354 1940 1427 1984 ille
1451 1941 1658 1985 innocens
1682 1944 1698 1982 ἱ)

306 2008 375 2051 dic
399 2009 503 2051 mihi
522 2010 643 2068 cujus
661 2009 740 2052 erit
759 2009 923 2054 arboris
939 2010 1105 2054 fructus
1122 2011 1138 2050 ’ἲ
1157 2010 1227 2055 dic
1245 2012 1352 2055 mihi
1376 2010 1431 2055 de
1452 2013 1574 2071 cujus
1597 2027 1695 2056 cor-

307 2079 370 2123 dis
394 2080 595 2123 thesauro
618 2081 961 2125 sanctificabitur
979 2081 1254 2141 baptizatus?
1276 2087 1365 2127 Aut
1382 2083 1416 2126 si
1439 2092 1543 2127 tunc
1561 2084 1695 2127 effec-

306 2159 442 2192 torem
463 2151 724 2194 innocentiae
740 2167 844 2205 suae‚
866 2162 971 2197 tunc
985 2156 1186 2197 arborem
1199 2153 1254 2197 de
1267 2169 1352 2213 qua
1368 2152 1536 2198 fructus
1555 2154 1695 2198 bonus

304 2227 525 2273 nascatur,
550 2235 639 2264 non
657 2221 879 2264 hominem
906 2223 1151 2266 ministrum
1178 2223 1379 2281 baptismi
1402 2232 1593 2266 meretur
1615 2224 1694 2267 ha-

306 2288 425 2342 bere,
446 2290 523 2333 sed
539 2291 784 2347 Christu1n3
805 2291 972 2336 felicius
990 2292 1143 2336 incidit
1161 2294 1205 2335 in
1222 2293 1467 2336 ministrum
1486 2293 1694 2338 latentem

306 2358 467 2402 malum
482 2394 492 2413 ‚
514 2376 643 2419 quarn
668 2361 701 2403 si
724 2361 945 2406 incidisset
967 2363 1010 2405 in
1025 2361 1304 2406 manifestum
1327 2363 1645 2416 bonquuod
1664 2365 1698 2407 si

302 2430 604 2475 absurdissime
627 2441 757 2491 atque
780 2434 1047 2478 insanissime
1068 2435 1254 2479 dicitur:
1278 2434 1436 2479 Christi
1451 2433 1618 2482 fructus
1632 2445 1696 2479 est

355 2536 362 2549 ¹
395 2531 472 2563 Vide
500 2532 554 2564 lib.
576 2545 585 2565 ι
604 2539 716 2567 contra
744 2535 886 2568 Petilian.
916 2546 988 2577 cap.
1011 2547 1028 2577 7
1049 2540 1083 2567 et
1106 2536 1137 2568 8.
1158 2553 1199 2559 —-
1216 2543 1228 2559 ²
1250 2536 1370 2568 Matth.
1394 2547 1458 2577 vu,
1492 2547 1540 2576 ¹7·
1557 2552 1596 2558 —
1611 2535 1626 2565 4
1646 2537 1691 2568 ld.

308 2596 371 2625 ιιι,
392 2585 444 2617 35.
