1825 3264
367 214 450 254 254
801 227 835 252 s.
871 225 1102 254 A‘L'GtSTIM
1135 227 1315 256 EPISCOPI

366 301 415 336 ut
431 291 485 335 de
506 291 599 334 aliis
627 299 794 335 taceam
815 326 825 346 ,
856 291 928 335 cui
943 292 1073 336 etiam
1093 291 1259 337 dictum
1281 300 1344 337 est
1366 310 1375 336 ι
1399 310 1419 334 «
1447 291 1622 352 Reliqui
1642 292 1750 337 mihi
1774 283 1776 285 ¹

369 380 387 402 »
408 371 571 420 septem
590 361 723 406 millia
743 362 953 418 virorum,
977 362 1052 423 qui
1071 379 1160 408 non
1173 372 1465 408 curvaverunt
1485 378 1626 421 genua
1647 372 1749 407 ante
1810 420 1811 423 Ἴ

365 451 385 474 »
410 433 512 476 Baal
540 435 570 476 ¹.
599 432 702 478 ldeo
724 448 998 494 nequaquam
1018 450 1114 493 pars
1136 434 1208 479 illa
1233 435 1398 495 populi,
1424 444 1633 494 tanquam
1655 435 1749 479 hae-
1810 455 1811 459 ¹

362 505 463 548 resis
478 503 608 549 fuisse
623 505 874 566 deputanda
895 515 973 550 est.
1000 509 1112 550 Deus
1131 506 1247 550 enim
1265 506 1436 550 easdem
1457 506 1594 550 tribus
1608 508 1750 566 jusse-

360 584 426 620 rat
439 577 641 635 separari‚
663 592 752 621 non
778 586 827 621 ut
848 576 1015 635 religio,
1040 577 1115 621 sed
1139 587 1187 621 ut
1205 592 1388 636 regnum
1410 575 1694 631 divideretur,
1707 585 1751 621 et
1808 591 1809 638 j

359 647 443 691 hoc
465 647 597 692 modo
612 648 904 692 vindicaretur
917 649 961 691 in
982 663 1165 707 regnum
1186 651 1210 693 J
1216 649 1316 693 uda.
1339 652 1454 693 Deus
1471 657 1617 693 autem
1630 663 1750 692 nun·
1808 664 1810 671 ’

357 732 487 776 quam
506 718 632 778 jubet
651 718 834 762 schisma
854 717 925 762 >vel
951 719 1148 763 haeresim
1179 719 1286 763 fieri.
1319 721 1474 779 Neque
1507 719 1622 763 enim
1645 718 1749 778 quia
1804 732 1805 735 ’

359 797 403 833 et
422 789 466 832 in
488 788 594 833 orbe
616 798 828 834 terrarum
848 789 1110 859 plerumque
1131 806 1263 849 regna
1285 789 1560 844 dividuntur,
1583 788 1684 834 ideo
1705 797 1749 833 et
1814 780 1815 783 Ἴ

358 860 500 904 unitas
525 860 754 905 christiana
779 860 1003 916 dividitur,
1025 876 1125 905 cum
1147 862 1193 905 in
1219 870 1405 922 utraque
1439 870 1562 921 parte
1592 860 1748 905 catho-
1802 880 1804 915 ξ

356 930 437 974 lica
454 931 700 975 inveniatur
722 930 930 975 Ecclesia.
1804 928 1805 979 J

414 1003 619 1044 XXXIV.
649 1004 742 1047 Hoc
759 1000 858 1045 ideo
881 1000 935 1044 de
957 1003 980 1045 J
987 1000 1070 1045 uda
1092 1011 1136 1045 et
1159 1000 1289 1044 Israel
1311 999 1749 1045 commemorandum
1808 1041 1814 1057 ³

357 1071 588 1115 arbitratus
611 1087 723 1125 sum,
746 1072 929 1115 maxime
954 1080 1003 1114 ut
1025 1069 1344 1114 admoneantur
1363 1070 1455 1124 isti,
1481 1084 1571 1113 non
1601 1069 1750 1114 obesse

349 1141 474 1199 justis
496 1141 541 1184 in
563 1141 707 1185 medio
743 1141 977 1200 impiorum
1000 1140 1246 1185 constitutis
1265 1175 1276 1194 ,
1311 1139 1530 1200 quidquid
1557 1139 1603 1183 in
1634 1138 1749 1198 ipsos
1800 1155 1802 1192 g

355 1212 538 1271 populos
564 1221 739 1272 propter
760 1212 996 1271 impiorum
1019 1211 1347 1256 multitudinem
1370 1210 1531 1255 dicitur
1557 1229 1566 1254 ε
1589 1218 1639 1254 ut
1670 1209 1749 1254 de·
1800 1219 1802 1235 s

355 1282 500 1326 sinant
516 1281 720 1340 colligere
738 1283 999 1336 testimonia,
1026 1297 1318 1342 quaecumque
1340 1281 1429 1325 sive
1454 1296 1531 1340 per
1550 1279 1746 1339 Prophe·
1798 1282 1801 1334 j

354 1362 417 1396 tas
433 1387 443 1406 ,
469 1353 557 1397 sive
578 1368 655 1412 per
689 1368 735 1397 os
768 1353 957 1406 Domini,
982 1353 1071 1396 sive
1095 1367 1169 1411 per
1192 1352 1487 1410 Evangelistas
1508 1351 1553 1395 in
1584 1350 1746 1394 zizania
1798 1339 1801 1347 ¹

351 1421 420 1466 vel
442 1422 611 1482 paleam
633 1423 750 1468 orbis
774 1432 984 1467 terrarum
1007 1422 1123 1467 dicta
1148 1422 1447 1466 inveniuntur.
1481 1420 1745 1480 Plerumque
1798 1454 1799 1457 η

352 1494 467 1537 enim
488 1508 629 1538 sermo
651 1493 824 1539 divinus
845 1494 997 1553 impias
1028 1494 1174 1537 turbas
1208 1493 1414 1537 Ecclesiae
1429 1527 1440 1548 ‚
1476 1507 1575 1552 quae
1598 1506 1678 1536 nec
1698 1491 1744 1535 in

351 1564 541 1608 Ecclesia
558 1563 841 1623 deputantur,
859 1573 1007 1608 tamen
1025 1573 1202 1623 propter
1220 1572 1503 1618 sacramenta,
1528 1578 1628 1623 quae
1642 1575 1744 1606 cum
1795 1591 1797 1622 1

350 1636 507 1679 sanctis
535 1635 825 1679 communiter
858 1634 1021 1677 habent
1042 1668 1052 1688 ‚
1085 1634 1187 1693 quia
1223 1634 1336 1678 inest
1373 1633 1419 1677 in
1451 1633 1510 1677 eis
1538 1632 1742 1692 quaedam
1794 1628 1797 1680 ,ἶ

349 1703 488 1750 forma
511 1706 696 1764 pietatis,
715 1706 837 1764 cujus
851 1705 1055 1748 virtutem
1075 1714 1252 1762 negant,
1273 1704 1385 1748 sicut
1406 1703 1465 1748 ait
1478 1702 1735 1762 Apostolus:

354 1795 374 1818 «
403 1775 620 1820 Habentes
641 1774 825 1820 formam
850 1775 1019 1833 pietatis
1039 1809 1050 1829 ‚
1080 1775 1283 1818 virtutem
1314 1783 1460 1818 autem
1491 1775 1582 1834 ejus
1604 1773 1739 1817 abne·
1792 1764 1795 1806 s

353 1864 372 1887 »
400 1855 549 1904 gantes
578 1849 620 1890 ²:
649 1865 668 1887 n
711 1845 770 1890 sic
803 1843 1022 1903 redarguit
1045 1855 1252 1904 tanquam
1276 1859 1425 1888 omnes
1450 1842 1555 1888 tales
1572 1843 1673 1898 sint,
1699 1850 1742 1887 et
1792 1841 1795 1877 ἶ

348 1915 494 1961 nullus
533 1916 675 1960 bonus
703 1916 882 1960 omnino
911 1915 1179 1958 remanserit.
1207 1914 1315 1958 Inde
1346 1915 1510 1974 quippe
1532 1914 1742 1958 admone-

349 2002 464 2042 mur,
477 1987 522 2030 in
540 2001 617 2031 suo
631 1986 821 2046 quodam
841 2001 1025 2030 numero
1043 2001 1116 2030 eos
1135 1984 1223 2029 dici
1239 1999 1406 2039 omnes,
1426 1984 1471 2028 id
1487 1993 1565 2038 est,
1591 1996 1740 2028 omnes

347 2057 456 2102 filios
478 2057 704 2115 gehennae,
721 2072 809 2116 quo
827 2072 897 2100 eos
922 2059 1034 2100 Deus
1057 2056 1273 2115 pertinere
1290 2054 1521 2115 praescivit.
1547 2054 1622 2098 Isti
1637 2067 1740 2112 ergo
1788 2099 1790 2127 i
1823 2074 1825 2086 ⁴

347 2127 415 2171 vel
433 2128 632 2187 imperite
648 2163 658 2182 ‚
684 2128 753 2171 vel
774 2126 985 2172 fallaciter
1013 2136 1207 2185 agentes,
1233 2126 1447 2186 colligunt
1463 2126 1518 2170 de
1541 2125 1739 2184 Scriptu-
1787 2170 1790 2187 ι
1824 2147 1825 2155 1

347 2198 401 2241 ris
420 2198 534 2253 talia,
558 2214 657 2257 quae
679 2198 746 2242 vel
763 2198 807 2241 in
821 2198 956 2242 malos
973 2198 1096 2241 bonis
1112 2213 1248 2257 usque
1266 2198 1310 2240 in
1332 2197 1465 2239 finem
1486 2196 1734 2254 permixtos,
1788 2190 1798 2223 ¹.

347 2270 415 2314 vel
430 2268 735 2313 devastatione
760 2270 910 2328 prioris
934 2268 1352 2328 populiJudaeorum
1376 2267 1490 2311 dicta
1510 2267 1737 2326 reperiun-

348 2350 439 2384 tur:
460 2350 503 2384 et
520 2340 673 2385 volunt
686 2357 734 2383 ea
750 2341 1010 2399 detorquere
1026 2340 1072 2383 in
1090 2338 1326 2383 Ecclesiam
1347 2338 1439 2392 Dei,
1461 2346 1511 2382 ut
1530 2347 1737 2396 tanquam

347 2411 551 2455 defecisse
577 2427 625 2456 ac
648 2412 819 2470 periisse
843 2412 897 2454 de
919 2420 1012 2455 toto
1034 2411 1140 2455 orbe
1163 2409 1376 2454 videatur.
1403 2410 1610 2453 Desinant
1632 2421 1735 2467 ergo

347 2481 448 2525 talia
472 2482 687 2540 proferre,
707 2482 743 2526 si
763 2480 1024 2542 respondere
1038 2481 1143 2526 huic
1165 2479 1374 2540 Epistolae
1401 2478 1572 2525 volunt.
1583 2479 1736 2538 Neque
1784 2505 1786 2511 ·
1823 2478 1825 2482 ’

397 2572 407 2588 ¹
429 2566 447 2598 3
462 2568 540 2609 Reg.
559 2576 626 2609 xix,
649 2567 751 2600 18.—
765 2572 778 2591 ²
799 2575 819 2601 2
837 2566 919 2601 Tim.
940 2577 988 2608 m,
1006 2565 1040 2600 5.
