1825 3264
1350 132 1367 145 4

251 283 413 315 comm
444 287 707 316 anscomr-ivr
739 284 1027 328 nomi-isnin,
1062 290 1144 317 nn.
1182 293 1247 318 111.
1355 281 1434 321 451

62 351 237 397 interim
261 353 506 398 damnantis
526 353 795 413 imperatoris
812 355 1067 399 sententiam
1081 356 1247 401 nullam
1271 359 1440 415 recitas,

61 430 105 468 et
144 422 399 468 damnatum
437 424 493 468 ab
526 424 784 484 imperatore
814 425 1095 470 Caecilianum
1128 436 1214 472 tarn
1262 437 1438 486 temere,

63 507 153 538 non
174 492 274 539 dico
302 487 570 554 audiendum
595 494 665 541 vel
692 494 954 550 dicendum,
979 496 1054 542 sed
1087 499 1215 543 ctiam
1249 500 1442 545 scriben-

62 562 170 608 dum
200 567 352 625 putas?
375 567 686 611 Verumtamen
712 565 954 611 secundum
980 568 1108 630 verba
1135 577 1234 625 tua,
1267 585 1366 615 ecce
1400 571 1445 614 in

65 632 193 688 exilio
229 634 357 680 video
389 631 672 681 Caecilianum
711 637 970 696 imperatore
1004 637 1263 695 damnante,
1295 638 1444 684 saltem

64 704 278 764 responde
294 721 383 767 quo
405 716 634 752 accusante
659 726 668 752 :
693 716 736 752 et
760 706 891 752 modo
909 723 977 752 me
1001 709 1236 769 interroga,
1257 709 1378 771 quod
1399 710 1445 754 in

8 791 11 794 ·
66 774 246 834 epistola
275 784 350 820 tua
375 786 473 835 post
498 777 637 821 multa
667 776 862 822 similiter
895 778 1024 822 inane
1051 780 1266 840 posuisti:
1299 800 1319 823 «
1345 780 1451 834 Quis

65 845 235 905 prolato
266 855 525 892 testamento
556 848 700 891 minus
732 849 972 904 consentit,
997 850 1074 908 qui
1104 852 1451 910 persecutionem

66 917 254 976 patitur,
277 933 333 962 an
355 917 432 978 qui
462 916 597 963 facit?
623 936 642 960 n
672 920 778 962 Haec
803 927 920 963 certe
950 919 1082 964 verba
1120 929 1191 965 tua
1223 930 1341 965 sunt.
1367 924 1451 966 As-

8 1039 9 1042 *
67 989 162 1048 pice
183 1003 286 1047 ergo
303 987 583 1034 Caecilianum
597 988 943 1048 persecutionem
964 1004 1156 1049 passum,
1176 999 1219 1035 et
1234 991 1345 1036 sicut
1363 992 1452 1050 ipse

8 1062 10 1067 '
67 1056 237 1113 dixisti,
258 1058 303 1102 in
321 1058 467 1104 exsilio
485 1058 786 1103 constitutum.
808 1058 962 1118 Aspice
980 1059 1111 1104 etiam
1142 1069 1321 1116 vestros,
1347 1061 1459 1106 sicut

8 1135 9 1138 ’
67 1127 156 1173 suis
171 1128 313 1174 verbis
329 1129 565 1189 imperator
592 1129 683 1189 ipse
705 1138 910 1184 testatur,
936 1129 1140 1175 adversus
1170 1131 1455 1177 Caecilianum

68 1198 289 1245 diuturnis
305 1198 459 1244 diebus
482 1200 758 1259 interpellare
775 1216 865 1244 non
884 1190 1136 1246 desistentes
1157 1221 1165 1246 :
1191 1220 1211 1244 »
1232 1212 1276 1247 et
1296 1201 1459 1247 eisdem

68 1269 169 1330 ipsis
183 1270 325 1315 verbis
344 1271 429 1315 tuis
445 1271 728 1330 interroganti
752 1271 858 1314 mihi
874 1270 1086 1330 responde
1110 1291 1119 1317 :
1148 1291 1167 1314 «
1190 1273 1295 1326 Quis
1312 1274 1456 1318 minus

70 1348 330 1386 testamento
351 1339 521 1400 prolato
546 1341 784 1396 consentit,
814 1341 891 1401 qui
915 1341 1258 1400 persecutionem
1276 1343 1456 1402 patitur,

70 1426 127 1458 an
148 1412 226 1472 qui
249 1410 379 1456 facit?
404 1430 424 1452 »
450 1411 689 1470 Diligenter
717 1420 863 1455 autem
887 1411 1086 1469 perlectis
1114 1413 1316 1457 omnibus
1338 1413 1461 1458 inve-

15 1499 19 1503 ·
70 1479 162 1525 nies
178 1481 460 1526 Caecilianum
483 1496 505 1524 a
526 1481 676 1525 vestris
704 1481 833 1525 etiam
851 1481 967 1539 apud
987 1481 1291 1540 imperatorem
1315 1497 1461 1542 perse-

4 1544 10 1556 '
71 1552 292 1597 cntionem
314 1567 487 1612 passum
515 1571 524 1597 ι
549 1552 624 1597 sed
653 1567 741 1595 non
761 1551 953 1595 invenies
975 1552 1031 1595 ab
1053 1552 1314 1612 imperatore
1334 1552 1460 1598 dam-

69 1631 240 1677 natum,
266 1622 354 1667 imo
375 1622 506 1667 etiam
527 1621 717 1666 invenies
732 1620 998 1666 absolutum.

130 1695 371 1737 LXXXIV.
402 1696 534 1738 Porro
548 1692 582 1736 si
599 1693 719 1752 quod
750 1691 825 1736 tibi
848 1707 927 1750 pro
953 1706 1113 1750 magno
1130 1691 1312 1751 elegisti,
1338 1702 1387 1737 ut
1404 1692 1459 1738 de

72 1763 326 1808 criminibus
349 1763 609 1807 traditorum
638 1777 738 1821 quae
759 1776 833 1805 vos
854 1760 1056 1820 profertis
1074 1760 1337 1807 documenta
1356 1779 1458 1807 vera

71 1834 173 1888 sint,
201 1849 299 1894 quae
328 1843 475 1879 autem
504 1849 581 1878 nos
613 1831 873 1893 proferimus
901 1830 1008 1877 falsa
1030 1831 1114 1876 sint
1144 1850 1152 1875 :
1186 1834 1316 1877 etiam
1338 1833 1383 1876 in
1406 1849 1457 1878 eo

72 1919 148 1949 vos
163 1905 317 1949 veritas
340 1905 418 1948 Dei
439 1912 628 1962 superat,
647 1918 745 1962 quae
767 1902 879 1945 sicut
896 1900 1116 1960 praedixit,
1143 1901 1201 1945 ita
1217 1900 1360 1947 reddit
1377 1905 1458 1948 Ec-

3 2000 6 2003 ·
71 1974 244 2020 clesiam
259 1976 303 2018 in
317 1975 518 2019 universo
542 1972 708 2017 mundo
736 1971 1073 2017 fructificantem
1110 1980 1240 2031 atque
1261 1988 1459 2018 crescen-

15 2042 20 2067 s
74 2053 162 2090 tem
191 2064 201 2091 ;
226 2045 329 2105 quia
350 2044 457 2097 nihil
479 2045 515 2089 ei
539 2043 824 2104 praejudicant
849 2040 1090 2085 alienorum
1107 2042 1340 2087 criminum
1357 2043 1459 2088 licet

2 2110 19 2176 ζ,
75 2130 176 2160 vera
199 2115 477 2167 documenta,
493 2130 591 2177 quae
608 2111 993 2173 propinquioribus
1015 2112 1224 2171 episcopis
1244 2121 1455 2158 transma-

76 2186 194 2241 rinis,
219 2201 296 2245 per
313 2201 422 2245 quos
438 2186 481 2230 in
496 2184 822 2244 longinquiores
836 2191 995 2243 partes,
1020 2182 1109 2225 sive
1128 2183 1279 2227 transit
1302 2183 1455 2229 talium

77 2271 224 2301 rerum
242 2255 374 2311 fama,
397 2256 486 2300 sive
508 2270 597 2300 non
619 2254 793 2308 transit,
821 2261 896 2297 aut
922 2268 1012 2297 non
1033 2261 1135 2296 sunt
1162 2251 1457 2298 demonstrata

8 2320 11 2342 ³
77 2326 190 2371 sicut
207 2325 471 2381 debuerunt,
497 2335 572 2370 aut
592 2340 681 2370 uon
698 2332 800 2368 sunt
810 2321 973 2367 credita
993 2322 1152 2383 quibus
1172 2323 1459 2368 demonstrari

78 2405 344 2455 potuerunt,
377 2404 454 2440 aut
474 2394 636 2439 credita
666 2403 709 2439 et
736 2392 953 2438 occultata
979 2408 1254 2452 nequaquam
1279 2391 1333 2436 ad
1357 2393 1461 2438 alios

23 2472 27 2474 ’
70 2475 398 2527 pervenerunt,
426 2481 505 2510 nec
534 2465 764 2525 quisquam
786 2462 856 2507 vel
877 2477 990 2506 unus
1011 2462 1161 2516 homo,
1191 2471 1357 2521 quanto
1378 2464 1462 2508 mi—

80 2552 160 2581 nus
178 2545 322 2580 tantus
344 2531 689 2580 Christianorum
714 2547 918 2576 uumerus
940 2532 983 2574 in
1008 2539 1069 2574 tot
1089 2530 1288 2589 gentihus
1306 2533 1463 2577 consti-

10 2619 14 2625 ”
81 2614 216 2661 tutus,
243 2620 339 2650 reus
368 2613 508 2664 potest
532 2618 621 2648 esse
649 2601 891 2662 participati
916 2600 1087 2645 sceleris
1111 2599 1260 2655 alieni,
1285 2601 1372 2645 sive
1394 2604 1462 2647 vel

1180 2670 1247 2710 29.
