1825 3264
275 257 366 296 486.
694 270 726 295 s.
763 266 994 294 Auousriffl
1028 267 1211 295 EPlscom

274 318 494 379 ci·ainento
528 334 794 393 baptismatis
823 349 912 378 non
941 334 1019 377 nisi
1046 333 1305 392 justissimus
1335 334 1553 393 operarius
1574 349 1654 393 ap-

274 405 498 464 probatur.
523 423 542 445 »
559 407 672 449 Ecce
692 420 772 449 nec
794 404 991 462 diligens,
1008 419 1088 448 ηερ
1106 404 1261 458 fidelis,
1279 419 1360 448 nec
1375 404 1652 464 justissimus,

273 474 346 518 sed
371 473 512 533 potius
534 473 682 518 salutis
700 490 789 518 suae
810 473 1046 534 negligens,
1073 483 1115 518 et
1138 473 1340 529 infidelis,
1365 483 1408 518 et
1428 474 1656 534 injustissi-

273 560 369 588 mus
391 543 633 589 Felicianus
653 543 750 600 fuit,
777 544 954 605 quando
976 545 1240 590 Maximiano
1260 544 1462 599 sociatus,
1482 553 1526 589 et
1547 544 1658 589 sicut

274 614 456 660 trecenti
473 625 516 659 et
538 615 688 659 decem
711 616 842 660 vestri
864 616 994 660 unius
1015 632 1088 660 ore
1110 614 1387 660 disertissimo
1404 624 1655 676 personant,

273 685 318 728 in
334 694 483 729 catena
497 685 707 745 sacrilegii
732 686 1009 741 constitutus,
1029 686 1292 745 baptismum
1308 701 1439 746 quem
1457 699 1547 730 non
1567 685 1659 731 ausi

275 755 373 799 estis
397 755 655 810 rescindere,
677 755 948 800 ministravit.

333 827 542 870 XXVIII.
570 822 697 871 Certe
729 825 783 870 ad
816 827 927 871 hanc
956 840 1127 870 causam
1157 825 1295 870 cernis
1326 840 1415 870 non
1443 825 1659 884 pertinere

274 896 566 940 testimonium
597 896 716 956 quod
741 913 790 939 ex
828 897 1042 955 Propheta
1072 895 1252 955 posuisti
1286 914 1295 940 :
1332 915 1351 936 «
1391 895 1514 940 Dabo
1537 895 1661 940 vobis

278 985 298 1008 »
326 977 515 1026 pastores
542 968 784 1012 secundum
807 983 882 1012 cor
904 982 1066 1021 meum,
1088 977 1129 1010 et
1146 974 1324 1025 pascent
1342 980 1416 1010 vos
1439 974 1663 1025 pascentes

279 1057 298 1079 »
325 1053 424 1082 cum
456 1036 681 1097 disciplina
698 1039 729 1081 ⁴.
761 1056 780 1079 n
809 1037 1053 1081 Felicianus
1073 1037 1188 1080 enim
1216 1051 1297 1080 ηερ
1324 1037 1567 1081 secundum
1589 1051 1664 1081 cor

276 1107 353 1151 Dei
380 1106 610 1166 sacrilegus
642 1117 755 1162 erat,
787 1123 866 1152 nec
894 1122 994 1151 oves
1013 1107 1105 1166 ejus
1128 1106 1172 1149 in
1202 1105 1408 1165 sacrilego
1435 1107 1665 1151 schismate

276 1178 480 1238 pascebat
497 1194 597 1222 cum
613 1177 864 1237 disciplina3
883 1187 926 1221 et
947 1187 1092 1221 tamen
1115 1177 1365 1237 baptizabat
1386 1192 1474 1233 eos,
1498 1178 1540 1220 in
1562 1177 1666 1238 qui-

276 1249 358 1292 bus
382 1248 558 1307 receptis
587 1249 868 1308 cognovistis,
905 1263 993 1292 non
1014 1247 1169 1306 ipsius,
1194 1248 1270 1292 sed
1294 1246 1370 1291 Dei
1392 1247 1524 1292 fuisse
1545 1247 1666 1307 quod

278 1317 425 1362 dabat.
451 1320 580 1364 Certe
599 1319 802 1379 perspicis
825 1318 1047 1379 quomodo
1069 1334 1092 1362 a
1113 1333 1182 1362 me
1204 1317 1258 1362 de
1275 1319 1493 1378 Scriptura
1519 1327 1667 1362 sancta

278 1401 666 1435 commemoratum
689 1401 752 1435 est
771 1425 780 1443 ,
810 1411 829 1433 «
857 1394 1026 1435 Bonum
1045 1406 1138 1435 esse
1156 1389 1376 1434 confidere
1398 1391 1440 1433 in
1462 1390 1665 1445 Domino,

282 1480 302 1502 »
324 1477 454 1520 quam
478 1462 697 1506 confidere
721 1463 763 1506 in
785 1463 988 1506 homine²
1008 1482 1016 1507 :
1039 1471 1208 1521 »teque
1230 1461 1432 1516 inaniter,
1454 1469 1669 1522 quantum

283 1531 339 1575 ad
365 1532 474 1576 hanc
498 1548 669 1577 eausam
694 1533 896 1592 pertinet,
918 1533 1189 1592 respondisse
1216 1552 1225 1577 ;
1255 1551 1274 1574 «
1295 1530 1415 1592 quod
1443 1531 1543 1576 ideo
1573 1546 1668 1575 ma-

282 1604 342 1660 gis
362 1605 562 1662 utjustus
579 1613 621 1647 et
638 1604 775 1648 fidelis
795 1605 848 1648 sit
870 1620 947 1663 per
964 1619 1094 1663 quem
1119 1604 1201 1647 hoc
1218 1611 1536 1647 sacramentum
1560 1601 1671 1647 cele-

282 1673 433 1716 bretur
457 1675 665 1733 inquiras,
691 1675 792 1734 quia
814 1691 935 1735 spem
958 1685 1001 1719 et
1027 1675 1235 1719 fiduciam
1258 1675 1351 1730 Dei,
1375 1690 1465 1719 non
1486 1673 1672 1719 hominis

284 1744 418 1788 habes
437 1765 448 1801 3
474 1744 550 1788 Dei
570 1759 660 1788 esse
680 1753 825 1788 autem
848 1745 979 1788 fidem
1004 1754 1135 1805 atque
1151 1745 1361 1805 justitiam
1375 1780 1386 1800 ,
1403 1760 1537 1805 quam
1558 1759 1671 1789 sem-

285 1830 361 1872 per
374 1815 419 1857 in
433 1816 524 1874 ejus
544 1816 746 1859 ministris
770 1814 957 1859 attendis
976 1847 984 1855 .
1011 1833 1030 1855 »
1052 1817 1164 1859 Ερρε
1181 1816 1226 1858 in
1244 1814 1480 1870 Feliciano,
1495 1814 1673 1875 quando

285 1884 371 1928 suit
393 1884 548 1928 famosi
571 1885 762 1929 criminis
786 1900 883 1929 reus
901 1920 911 1940 ,
943 1900 1023 1929 nec
1038 1885 1204 1945 justitia
1219 1919 1229 1939 ,
1255 1899 1335 1929 ηερ
1360 1885 1467 1929 fides
1488 1893 1605 1939 erat,
1630 1892 1674 1928 et

286 1963 431 1998 tamen
450 1954 689 2013 baptismus
712 1964 829 2009 erat,
854 1964 916 1999 est
939 1955 1100 2015 quibus
1123 1955 1178 1998 ab
1202 1970 1253 1999 eo
1274 1954 1401 1999 datus
1423 1963 1502 2011 est,
1531 1969 1633 1998 cum
1649 1969 1674 1999 a

286 2024 409 2069 vobis
432 2024 603 2070 collecti
623 2035 741 2079 sunt,
767 2026 826 2069 eis
849 2026 1070 2070 accessisse
1084 2025 1295 2085 justitiam
1318 2023 1486 2082 dicitis,
1511 2024 1675 2085 baptis-

289 2111 407 2139 mum
432 2094 621 2140 defuisse
640 2112 728 2140 non
750 2096 905 2140 dicitis.

347 2167 511 2208 XXIX.
553 2166 740 2210 Proinde
769 2165 890 2226 quod
919 2165 1126 2225 deinceps
1151 2180 1175 2209 a
1202 2179 1272 2209 me
1304 2165 1464 2224 quaeris
1488 2183 1497 2209 ι
1534 2183 1554 2206 ι(
1581 2164 1623 2209 Si
1652 2179 1677 2209 a

289 2251 570 2294 quocumque
587 2245 631 2279 et
652 2235 1064 2296 quomodocumque
1086 2235 1238 2279 datum
1256 2235 1468 2294 baptisma
1490 2234 1677 2279 rescindi

291 2322 379 2349 non
404 2306 551 2360 debet,
576 2321 656 2350 cur
670 2316 766 2365 post
780 2309 802 2350 J
808 2322 993 2350 oannem
1011 2305 1204 2365 Apostoli
1222 2306 1569 2365 baptizaverint?
1588 2324 1608 2347 »
1628 2314 1678 2350 tu

286 2377 374 2434 jam
397 2373 514 2419 solve
537 2377 842 2435 quaestionem,
863 2376 897 2419 si
915 2385 963 2420 ut
983 2374 1106 2431 dicis,
1133 2385 1230 2435 post
1245 2378 1459 2421 Joannem
1481 2374 1677 2436 Apostoli

291 2446 646 2504 baptizaverunt,
677 2462 755 2491 cur
787 2455 883 2506 post
911 2449 943 2490 F
950 2446 1208 2502 elicianum,
1249 2461 1360 2507 quos
1394 2447 1439 2490 in
1470 2445 1677 2504 sacrilego

294 2515 520 2560 schismate
542 2518 848 2577 baptizaverat,
868 2517 999 2561 vestri
1023 2532 1113 2562 non
1140 2516 1480 2577 baptizaverint?
1496 2519 1552 2562 Et
1575 2517 1678 2561 hinc

346 2604 351 2619 ¹
377 2600 495 2630 Jereiu.
513 2611 557 2641 in,
582 2601 628 2632 15,
645 2618 685 2624 —
704 2608 715 2622 ²
734 2600 813 2633 Psal.
831 2611 930 2637 cxvn,
952 2601 983 2632 8.
