1825 3264
498 298 550 324 niz
589 298 771 324 [NlTA'rE
807 298 1019 324 mensu-t.
1368 283 1453 323 249

71 363 221 423 pellati
257 372 358 407 sunt
388 362 585 421 discipuli
608 362 840 407 Christiani
864 365 891 416 ¹,
913 361 1134 422 quomodo
1157 363 1299 422 potuit
1322 361 1452 407 Afro—

71 449 166 478 rum
189 434 327 493 perire
350 434 603 478 criminibus
632 453 640 478 :
666 434 767 487 Quis
801 443 886 477 tam
918 434 1150 477 vehemens
1169 433 1339 477 Al'ricus
1365 442 1452 477 tam

66 504 196 562 longe
227 504 368 563 potuit
392 503 577 548 ablatam
608 518 808 563 spargere
829 503 1115 562 pestilentiam
1132 538 1142 557 ,
1164 502 1239 546 ubi
1262 517 1343 546 nec
1371 518 1454 547 no-

65 574 182 618 mina
200 589 350 618 eorum
369 590 446 634 per
468 590 576 635 quos
603 583 748 618 ortum
767 583 852 629 est,
878 573 945 617 vel
969 574 1023 617 de
1040 573 1200 633 quibus
1223 583 1366 617 ortum
1392 582 1455 618 est

65 645 148 689 hoc
166 649 349 700 malum,
366 654 468 689 nota
490 660 580 690 esse
601 653 862 705 potuerunt,
885 644 1081 698 Athenis,
1103 643 1268 699 Iconio,
1287 643 1454 687 Listris?

64 716 169 768 Quis
191 715 352 759 delevit
371 715 583 760 Ecclesias
617 716 852 775 apostolico
880 714 1028 759 labore
1045 714 1283 759 fundatas?
1310 717 1360 758 In
1378 729 1452 757 ex·

63 787 209 831 tremis
232 788 438 846 Epistolae
462 787 516 831 ad
539 791 759 832 Romanos
784 787 888 831 dicit
907 786 1022 830 idem
1045 786 1279 846 Apostolus
1299 785 1452 830 doctor

63 857 258 915 gentium
284 877 292 901 ι
322 877 341 899 «
368 857 588 902 Audacius
620 867 764 902 autem
796 858 943 917 scripsi
976 857 1097 901 vobis
1119 872 1168 900 ex
1191 865 1326 915 parte,
1353 865 1451 900 tan-

64 945 84 968 »
109 944 242 988 quam
265 933 610 974 commemorans
628 945 719 984 vos,
746 940 924 989 propter
946 930 1125 988 gratiam
1148 943 1247 988 quae
1271 926 1369 971 data
1389 936 1452 971 est

65 1016 83 1037 »
110 999 215 1042 mihi
251 1015 273 1043 a
309 1002 422 1055 Deo,
453 1009 502 1044 ut
525 991 718 1045 minister
746 1001 824 1044 sim
848 1000 1008 1045 Christi
1039 1001 1142 1043 Jesu
1173 999 1216 1042 in
1250 998 1451 1056 gentibus

63 1086 83 1109 »
109 1084 365 1114 consecrans
387 1071 675 1130 Evangelium
694 1072 792 1125 Dei,
819 1080 869 1115 ut
886 1071 960 1115 fiat
981 1068 1145 1114 oblatio
1161 1069 1355 1127 gentium
1380 1084 1451 1112 ac-

64 1159 83 1180 »
109 1139 358 1198 ceptabilis,
389 1142 652 1186 sanctificata
686 1142 728 1184 in
765 1142 927 1200 Spiritu
969 1149 1133 1185 sancto.
1172 1139 1322 1183 Habeo
1350 1153 1451 1196 ergo

63 1228 82 1251 »
110 1210 289 1269 gloriam
309 1211 353 1254 in
371 1213 543 1256 Christo
563 1214 665 1255 ‚Iesu
681 1210 735 1255 ad
754 1214 906 1255 Deum.
925 1213 1020 1255 Non
1037 1210 1152 1254 enim
1169 1209 1309 1253 audeo
1326 1209 1450 1268 quid-

63 1301 82 1322 »
108 1297 238 1341 quam
273 1297 424 1326 eorum
462 1281 606 1341 loqui,
645 1297 831 1341 quorum
869 1297 956 1324 non
996 1280 1226 1340 perfecerit
1254 1280 1450 1324 Christus

63 1370 82 1392 »
110 1367 187 1411 per
206 1367 275 1395 me
301 1355 345 1395 in
368 1353 662 1396 obedientiam
689 1354 883 1410 gentium
905 1351 1036 1395 verbo
1058 1360 1101 1394 et
1123 1365 1253 1408 opere
1268 1385 1279 1404 ,
1302 1350 1345 1392 in
1368 1365 1451 1407 po—

66 1441 84 1462 »
113 1431 262 1466 testate
299 1423 521 1481 signorum
555 1432 597 1466 et
641 1421 965 1482 prodigiorum,
1006 1422 1050 1465 in
1086 1420 1248 1464 virtute
1289 1421 1451 1479 Spiritu

65 1509 84 1532 »
110 1493 271 1547 sancti,
298 1492 355 1536 ita
379 1502 428 1536 ut
457 1508 538 1551 ego
561 1492 615 1536 ab
639 1491 877 1536 Jerusalem
901 1501 945 1535 et
968 1492 1011 1535 in
1035 1491 1223 1535 circuitu
1245 1505 1383 1549 usque
1406 1490 1451 1533 in

65 1580 83 1602 »
111 1561 335 1619 Illyricum
366 1562 620 1622 repleverim
639 1562 926 1620 Evangelium
945 1562 1105 1606 Christi
1130 1564 1161 1603 ².
1193 1579 1212 1601 »
1239 1561 1447 1614 Quaerite,

62 1634 321 1687 Donatistae,
354 1634 387 1677 si
416 1634 586 1678 nescitis
606 1669 616 1689 ,
642 1634 824 1693 quaeritc
847 1633 901 1677 ab
924 1631 1158 1677 Jerusalem
1184 1647 1260 1690 per
1282 1641 1451 1676 terrena

62 1703 214 1747 itinera
236 1705 281 1747 in
303 1704 485 1748 circuitu
503 1719 641 1765 usque
657 1705 698 1747 in
721 1703 942 1762 Illyricum
959 1712 1068 1763 quot
1083 1703 1325 1746 mansiones
1337 1703 1447 1746 sint:

61 1774 94 1817 si
119 1783 182 1819 tot
224 1775 434 1819 Ecclesias
458 1785 786 1834 computemus,
811 1776 940 1819 dicite
973 1773 1340 1834 quemadmodum
1376 1788 1452 1831 per

66 1844 286 1889 Africanas
298 1846 598 1889 contentiones
618 1846 756 1904 perire
782 1847 1052 1904 potuerunt?
1080 1845 1146 1889 Ad
1167 1844 1416 1889 Corinthios
1437 1878 1447 1896 ,

62 1914 116 1958 ad
140 1916 369 1974 Ephesios,
395 1915 448 1959 ad
487 1915 805 1975 Philippenses,
848 1916 901 1959 acl
936 1914 1359 1968 Thessalonicenses,
1397 1913 1451 1956 ad

62 1986 359 2040 Colossenses,
387 2003 461 2031 vos
484 1986 595 2030 solas
618 1986 813 2046 Apostoli
839 1985 1051 2044 Epistolas
1074 1986 1116 2028 in
1142 1985 1347 2037 lectione,
1374 1998 1451 2027 nos

63 2065 207 2099 autem
232 2065 274 2099 et
296 2056 508 2115 Epistolas
527 2058 569 2099 in
590 2057 774 2099 lectione
794 2071 842 2099 ac
861 2055 962 2108 fide,
983 2064 1025 2097 et
1048 2055 1161 2113 ipsas
1183 2053 1449 2097 Ecclesiasin

62 2126 371 2170 communione
395 2127 644 2170 retinemus.
682 2128 776 2170 Jam
808 2141 910 2169 vero
939 2125 1104 2169 Galatia
1135 2140 1221 2168 non
1254 2139 1340 2168 una
1364 2127 1451 2168 Ec-

62 2195 187 2239 clesia
224 2206 309 2251 est,
344 2196 418 2240 sed
448 2198 490 2240 in
524 2213 569 2240 ea
602 2197 778 2255 regione
814 2196 1166 2240 innumerabiles.
1205 2195 1452 2240 Corinthios

63 2276 206 2310 autem
230 2267 373 2311 videte
395 2268 768 2327 quemadmodum
793 2267 1041 2311 salutaverit
1063 2286 1071 2311 :
1094 2286 1111 2307 «
1134 2265 1293 2310 Paulus
1315 2270 1452 2324 Apos-

66 2355 86 2377 »
124 2336 236 2382 tolus
275 2341 376 2382 Jesu
411 2339 568 2383 Christi
598 2353 674 2398 per·
705 2337 974 2382 voluntatem
1009 2337 1105 2390 Dei,
1133 2346 1175 2380 et
1200 2336 1451 2379 Timotheus

68 2425 87 2447 »
126 2406 272 2461 frater,
291 2408 495 2451 Ecclesiae
520 2409 593 2452 Dei
615 2424 713 2467 quae
737 2418 799 2451 est
819 2408 1015 2453 Corinthi
1035 2442 1045 2460 ,
1066 2421 1165 2450 cum
1189 2405 1345 2449 sanctis
1363 2420 1450 2448 om-

68 2498 88 2520 »
123 2479 267 2533 nibus,
292 2481 365 2538 qui
390 2488 491 2523 sunt
513 2480 556 2522 in
580 2481 754 2522 univera
780 2480 940 2523 Achaia
958 2480 1020 2520 ³.»
1047 2482 1160 2531 Quot
1181 2477 1343 2536 putatis
1363 2491 1451 2520 csse

66 2548 298 2593 Ecclessias
320 2550 361 2593 in
391 2549 590 2593 universa
614 2550 775 2593 Achaia
797 2551 814 2592 Ρ
838 2552 1034 2592 Fortasse
1070 2548 1146 2591 ubi
1180 2547 1341 2592 Achaia
1370 2548 1447 2601 sit,

117 2642 122 2656 ¹
152 2637 221 2665 Act.
244 2646 288 2674 xi,
308 2634 417 2666 26.-
435 2641 445 2656 ²
468 2636 553 2665 Rom
578 2645 628 2673 xv,
655 2634 759 2675 1,·ἰ-ις)
788 2652 828 2656 -
845 2632 857 2657 3
876 2642 894 2666 ‘2
913 2636 984 2666 Cor.
1005 2645 1026 2674 1,
1052 2645 1077 2665 1.
