1825 3264
367 223 448 262 180
804 230 838 258 s.
874 226 1104 255 uersum
1138 227 1315 255 Emscom

360 299 531 351 tizatur,
546 294 622 339 sed
640 294 695 338 ab
710 292 786 338 illo
800 293 855 336 de
872 306 961 351 quo
977 290 1186 348 scriptum
1204 297 1269 333 est
1288 307 1297 333 ι
1321 307 1342 330 «
1356 287 1564 334 Credenti
1585 290 1631 333 in
1646 305 1746 334 eum

362 388 383 410 »
417 367 494 427 qui
508 365 718 426 justificat
741 362 925 423 impium
941 396 952 417 ,
978 360 1214 420 deputatur
1230 358 1337 404 fides
1360 359 1415 403 ad
1431 360 1644 420 justitiam
1664 363 1701 405 ¹:
1724 381 1743 402 n

359 438 569 499 quoniam
590 452 680 483 non
711 434 946 494 gloriamur
970 432 1016 476 in
1044 431 1242 486 homine,
1265 430 1534 491 nitimurque
1556 430 1748 475 donante
1809 455 1814 482 ς

360 510 477 570 ipso,
513 524 612 554 cum
643 507 895 566 gloriamur,
921 504 967 548 in
997 502 1181 547 Domino
1211 501 1413 560 gloriari,
1449 517 1580 561 quam
1611 502 1750 546 securi

359 595 530 635 sumus,
553 577 772 639 quidquid
791 577 846 622 de
865 573 1127 637 quibusdam
1149 582 1308 618 nostrae
1328 573 1648 618 communionis
1667 574 1748 618 ho-
1812 576 1815 594 ¹*

360 652 551 696 minibus
583 650 737 695 erroris
763 658 838 694 aut
868 647 1059 692 criminis
1079 646 1266 706 probare
1286 645 1506 705 potuerit?
1522 644 1654 705 Apud
1672 660 1750 690 nos
1812 679 1813 682 η

358 723 474 768 enim
495 722 764 782 quicumque
788 718 891 765 mali
912 717 981 764 vel
1005 718 1177 777 penitus
1206 716 1370 772 latent,
1395 716 1462 761 vel
1486 715 1751 776 quibusdam
1808 722 1811 724 ’

357 793 451 838 noti
470 800 646 851 propter
664 791 803 836 bonos
820 790 982 850 quibus
1004 788 1143 847 ignoti
1166 796 1290 844 sunt,
1308 797 1350 832 et
1373 787 1490 847 apud
1517 803 1626 848 quos
1645 803 1751 831 con·
1812 799 1814 845 ᾗ

357 861 472 906 vinci
508 876 598 906 non
633 869 840 920 possunt,
872 867 1049 935 piopter
1082 858 1261 902 unitatis
1298 868 1342 902 et
1378 858 1493 917 pacis
1525 857 1752 902 vinculum
1808 866 1812 898 i

356 930 616 987 tOlel'antUI',
632 946 687 975 ne
707 946 808 975 cum
825 929 997 974 Ζ1ΖὶὶΠ115
1022 929 1266 973 eradicetur
1289 938 1331 973 61,
1355 929 1574 986 [liiicum3
1592 929 1650 972 ita
1664 943 1753 972 SUae
1812 949 1813 957 ¹

358 1001 535 1047 malitiae
557 1002 770 1046 sarcinam
796 1009 997 1060 portant,
1018 1009 1065 1044 ut
1085 1016 1179 1044 eam
1204 1015 1304 1044 cum
1326 1001 1384 1044 eis
1404 1015 1534 1044 nemo
1553 1015 1753 1044 commu·

357 1073 496 1128 nicet,
531 1073 613 1117 nisi
648 1071 808 1132 quibus
841 1086 993 1115 eorum
1030 1071 1235 1130 iniquitas
1263 1070 1417 1129 placet.
1457 1073 1608 1131 Neque
1638 1070 1754 1114 enim
1810 1058 1814 1099 Ῐ

359 1143 617 1198 metuimus,
643 1158 699 1186 ne
720 1157 830 1202 quos
852 1141 1076 1201 baptizant
1090 1141 1317 1201 justificari
1337 1157 1427 1186 non
1446 1141 1634 1202 possint,
1653 1155 1754 1185 cum
1810 1163 1813 1200 3

356 1211 421 1256 illi
448 1213 495 1256 in
515 1228 617 1257 eum
637 1212 820 1257 credant
840 1212 918 1272 qui
936 1212 1147 1271 justificat
1168 1212 1347 1272 impios,
1373 1222 1422 1257 ut
1445 1212 1681 1272 deputetur
1700 1211 1754 1255 fi·

356 1282 432 1328 des
457 1299 612 1328 eorum
627 1283 682 1327 ad
692 1283 923 1343 justitiam.

418 1354 591 1398 XLIII:
611 1353 799 1398 Proinde
829 1352 948 1412 apud
971 1368 1066 1408 nos,
1103 1368 1182 1396 nec
1205 1352 1278 1397 ille
1300 1368 1431 1413 quem
1457 1352 1564 1397 dixit
1587 1369 1610 1397 a
1631 1352 1755 1397 nobis
1808 1392 1812 1402 <

359 1434 538 1484 propter
563 1423 890 1470 Sodomitarum
915 1425 1081 1469 crimen
1103 1425 1340 1483 abjectum,
1367 1433 1410 1468 et
1431 1425 1477 1468 in
1498 1424 1643 1469 locum
1665 1425 1756 1484 ejus

360 1494 547 1539 alterum
566 1496 869 1550 constitutum,
891 1504 934 1539 et
957 1511 1102 1539 rursus
1125 1496 1207 1554 ipsi
1229 1505 1376 1540 nostro
1405 1495 1589 1555 collegio
1611 1494 1756 1539 reddi·

361 1575 457 1610 tum
476 1567 687 1621 ‚nesciens
700 1566 808 1626 quid
824 1565 1031 1626 loquatur
1050 1587 1061 1624 3
1086 1582 1166 1611 nec
1186 1565 1258 1610 ille
1272 1582 1404 1627 quem
1427 1567 1545 1626 apud
1567 1583 1642 1612 vos
1659 1582 1755 1626 poe-
1810 1583 1812 1624 3

362 1637 576 1681 nitentem
611 1636 741 1681 fuisse
770 1647 1109 1693 commemorat,
1136 1653 1416 1699 quocumque
1445 1639 1577 1683 modo
1605 1652 1756 1682 eorum
1810 1683 1811 1686 ,

364 1723 503 1752 causae
524 1707 703 1752 defendi
722 1708 810 1752 sive
834 1708 999 1766 possint
1019 1709 1107 1752 sive
1130 1723 1220 1752 non
1238 1709 1403 1768 possint
1421 1744 1431 1764 ,
1459 1709 1624 1769 aliquid
1647 1724 1757 1768 prae-
1810 1700 1812 1755 ἶ

359 1777 560 1837 judicant
580 1776 784 1822 Ecclesiae
803 1778 901 1822 Dei:
924 1794 1022 1837 quae
1039 1793 1116 1837 per
1133 1794 1282 1823 omnes
1301 1788 1449 1838 gentes
1472 1778 1752 1834 diffunditur,
1809 1807 1811 1815 ι

367 1859 410 1894 et
423 1849 635 1893 crescitin
650 1848 818 1893 mundo
838 1864 977 1908 usque
994 1848 1049 1893 ad
1070 1864 1251 1894 messem
1271 1870 1279 1895 :
1305 1851 1351 1893 in
1371 1866 1456 1909 qua
1480 1850 1513 1894 si
1535 1865 1635 1895 vere
1656 1849 1758 1894 mali
1808 1847 1811 1888 '-

365 1929 467 1963 sunt
487 1934 596 1979 quos
612 1920 836 1975 accusatis,
853 1920 1098 1979 nonjamin
1118 1919 1207 1975 illa,
1221 1920 1296 1964 sed
1308 1921 1352 1963 in
1368 1920 1500 1979 paleis
1519 1922 1553 1980 ej
1562 1936 1609 1964 us
1626 1929 1753 1965 sunt:
1808 1916 1809 1937 ³

363 1989 398 2033 si
415 1998 562 2034 autem
580 1989 685 2034 boni
702 1999 820 2044 sunt,
845 2004 946 2034 cum
964 2005 1036 2034 eos
1058 1990 1219 2050 iniquis
1240 1990 1619 2035 criminationibus
1638 1990 1754 2034 infa-
1808 1985 1810 1990 ’

368 2060 512 2115 matis,
528 2060 609 2119 ipsi
626 2059 747 2104 velut
762 2075 918 2104 aurum
935 2061 1194 2120 probantur,
1209 2062 1332 2106 vobis
1344 2062 1389 2106 in
1404 2061 1540 2121 paleae
1557 2061 1758 2106 similitu-

370 2127 517 2172 dinem
537 2129 790 2174 ardentibus
819 2149 827 2174 :
856 2129 1003 2174 alienis
1026 2139 1173 2174 tamen
1196 2132 1383 2190 peccatis
1406 2147 1497 2176 non
1514 2131 1757 2176 maculatur

369 2198 580 2254 Ecclesia,
612 2215 711 2259 quae
733 2198 976 2244 secundum
992 2200 1260 2245 fidelissimas
1284 2202 1532 2261 prophetias
1554 2212 1646 2247 toto
1672 2211 1756 2246 ter-

370 2283 519 2312 rarum
536 2268 641 2313 orbe
658 2268 853 2324 dilatata,
870 2268 1001 2313 finem
1017 2269 1164 2314 saeculi
1182 2271 1524 2331 tanquamlittus
1542 2281 1754 2332 expectat,
1806 2331 1807 2335 Ἰ

371 2354 460 2397 quo
480 2338 691 2398 perducta
710 2348 853 2383 careat
885 2339 1072 2399 piscibus
1094 2340 1233 2396 malis,
1256 2356 1357 2385 cum
1378 2344 1538 2402 quibus
1554 2344 1666 2387 intra
1692 2358 1757 2387 ea·
1805 2349 1817 2399 ξ’

372 2410 471 2451 dem
489 2411 712 2454 Dominica
734 2411 864 2465 retia,
891 2411 1087 2470 quandiu
1113 2413 1300 2472 separari
1325 2413 1380 2456 ab
1403 2414 1460 2457 eis
1482 2413 1758 2472 impatienter

372 2491 460 2523 non
483 2479 650 2535 debuit,
667 2489 834 2525 naturae
851 2481 1181 2527 incommoditas
1197 2482 1297 2527 ferri
1320 2484 1462 2543 potuit
1484 2483 1752 2529 innocenter.
1803 2473 1822 2543 ᾗ

429 2566 436 2584 ¹
457 2563 549 2595 Rom.
569 2572 615 2604 iv,
636 2563 666 2595 5.
