1825 3264
343 258 505 285 coiwrim
537 256 739 285 ιιΤΤΕιιΛε
772 258 1003 296 maz-immi,
1039 259 1120 286 mn.
1159 262 1204 286 11.
1415 248 1466 285 61

93 341 113 364 »
148 337 297 368 eorum
317 357 328 378 ,
348 332 391 367 et
414 323 456 366 in
479 323 585 367 fines
602 323 718 367 orbis
740 331 865 366 terrae
881 324 1012 367 verba
1035 339 1186 368 eorum
1212 325 1223 348 ¹
1248 342 1258 368 :
1284 340 1305 364 »
1332 322 1471 368 malo-

91 409 187 438 rum
230 393 478 439 commixtio
506 393 741 453 corporalis
772 408 841 437 me
877 392 996 437 nulla
1021 395 1272 452 perturbat,
1304 395 1338 439 si
1369 394 1472 439 novi

91 463 257 520 dicere,
292 483 312 506 «
349 465 526 524 Suscipe
548 480 718 509 servum
752 474 877 509 tuum
906 464 949 508 in
972 464 1136 508 bonum
1156 501 1165 518 ‚
1192 482 1279 509 non
1303 465 1471 510 calum-

92 550 113 575 »
148 534 325 578 nientur
341 535 448 578 mihi
462 536 637 595 superbi
658 539 689 580 ¹².
721 554 740 576 n
767 538 863 581 Non
881 550 981 594 ergo
1003 550 1108 580 euro
1124 551 1285 580 vanum
1303 536 1472 581 calum-

89 605 299 649 niatorem
318 640 328 660 ,
347 606 449 666 quia
472 606 678 651 idoneum
698 615 826 651 teneo
843 607 1163 666 promissorem.
1193 607 1235 651 Si
1251 616 1397 651 autem
1418 607 1473 652 de

88 675 218 719 rebus
235 675 303 718 vel
321 675 426 721 locis
452 676 747 722 ecclesiasticis
774 693 874 737 quae
903 677 1116 722 tenebatis
1140 686 1183 720 et
1205 692 1294 721 non
1318 679 1474 721 tenetis

88 745 358 803 quaerimini,
391 756 570 805 possunt
592 756 635 791 et
657 747 800 792 Judaei
818 763 862 792 se
873 748 1012 807 justos
1035 746 1180 792 dicere
1203 757 1247 791 et
1268 748 1474 807 iniquita-

91 823 176 859 tem
210 816 336 860 nobis
364 816 578 876 objicere,
609 818 711 878 quia
739 817 884 862 locum
914 819 960 862 in
997 833 1086 878 quo
1112 819 1243 878 impie
1265 834 1475 877 regnave-

90 894 212 941 runt,
249 887 380 931 modo
413 888 644 932 Christiani
676 888 909 948 possident.
943 889 1056 942 Quid
1091 904 1192 947 ergo
1223 888 1470 948 indignum,

90 957 124 1000 si
155 971 203 1000 ea
228 973 326 1017 quae
346 958 554 1004 tenebant
584 960 800 1015 haeretici,
836 960 1077 1004 secundum
1107 975 1255 1020 parem
1299 961 1474 1005 Domini

90 1027 360 1073 voluntatem
381 1029 581 1074 catholici
604 1033 790 1075 tenent?
811 1030 880 1075 Ad
903 1046 1052 1076 omnes
1074 1032 1189 1076 enim
1215 1030 1375 1076 similes
1392 1066 1403 1087 ,
1430 1029 1475 1074 id

90 1107 178 1153 est,
220 1099 274 1142 ad
303 1114 452 1144 omnes
488 1101 640 1160 impios
683 1111 726 1146 et
761 1102 932 1161 iniquos
973 1102 1045 1146 illa
1088 1118 1170 1147 vox
1202 1102 1376 1146 Domini
1396 1117 1474 1146 va·

88 1167 173 1213 let:
197 1187 212 1208 «
249 1168 483 1214 Auferetur
524 1186 546 1215 a
577 1171 700 1215 vobis
738 1186 922 1230 regnum
956 1172 1056 1226 Dei,
1085 1181 1128 1215 et
1152 1172 1330 1216 dabitur
1357 1173 1474 1231 genti

90 1257 109 1278 »
147 1237 318 1283 facienti
333 1241 541 1299 justitiam
559 1242 590 1284 3.
614 1259 632 1281 »
650 1244 715 1284 An
730 1240 889 1285 frustra
907 1242 1114 1300 scriptum
1134 1251 1197 1286 est
1217 1261 1224 1286 :
1247 1261 1267 1284 «
1287 1242 1475 1286 Labores

90 1327 110 1350 »
146 1310 379 1369 impiorum
394 1311 498 1369 justi
512 1310 669 1354 edent?
685 1328 704 1352 »
731 1313 1007 1370 Quapropter
1023 1311 1159 1369 magis
1180 1312 1327 1355 mirari
1346 1312 1478 1356 debe-

86 1380 154 1435 tis,
175 1381 296 1439 quod
317 1380 461 1425 adhuc
480 1380 636 1424 tenetis
656 1380 837 1440 aliquid,
864 1396 996 1440 quam
1015 1380 1136 1440 quod
1153 1380 1320 1441 aliquid
1335 1381 1475 1425 amisis

86 1451 152 1494 tis.
177 1450 261 1496 Sed
284 1466 427 1511 neque
448 1451 531 1496 hoc
550 1451 765 1495 miremini
794 1470 802 1495 :
827 1450 1039 1510 paulatim
1057 1452 1173 1495 enim
1198 1452 1315 1496 cadit
1336 1452 1477 1511 paries

85 1520 327 1566 dealbatus.
359 1522 575 1582 Respicite
602 1531 749 1566 tamen
778 1522 1114 1566 Maximianistas
1132 1557 1143 1577 ,
1170 1513 1270 1582 quae
1291 1522 1386 1567 loca
1410 1532 1477 1567 te-

86 1593 250 1637 nebant
275 1615 286 1650 3
311 1603 353 1639 et
370 1594 530 1653 quibus
550 1593 653 1638 inde
675 1594 902 1652 agentibus
926 1603 969 1638 et
993 1595 1342 1654 expugnantibus
1363 1594 1478 1654 pulsi

86 1664 184 1708 sint.
221 1668 278 1709 Et
308 1666 341 1708 si
362 1666 454 1710 haec
485 1666 754 1725 patijustitia
783 1674 862 1721 est,
887 1674 931 1709 et
952 1665 1094 1710 facere
1116 1666 1337 1726 iniquitas,
1365 1665 1476 1710 aude

85 1733 206 1794 loqui
247 1734 280 1780 si
306 1744 440 1795 potes.
489 1735 635 1780 Primo
666 1736 766 1796 quia
800 1751 877 1780 vos
897 1734 1076 1790 fecistis,
1122 1735 1186 1779 illi
1216 1737 1326 1795 passi
1356 1745 1472 1780 sunt.

89 1804 252 1849 Deinde
268 1806 369 1866 quia
387 1805 630 1851 secundum
645 1805 837 1865 regulam
855 1806 1033 1865 justitiae
1055 1806 1201 1866 hujus,
1227 1815 1275 1850 tu
1298 1806 1479 1850 inferior

87 1876 305 1921 inveniris.
334 1876 403 1921 Illi
426 1878 542 1921 enim
569 1892 645 1936 per
661 1877 830 1937 judices
853 1893 875 1921 a
897 1877 1121 1922 catholicis
1143 1877 1478 1937 imperatoribus

88 1947 254 2007 expulsi
276 1958 377 1993 sunt
394 1964 445 1993 ex
465 1948 568 1993 locis
588 1949 775 2008 antiquis
805 1968 813 1993 ι
841 1958 888 1992 tu
909 1958 1054 1993 autem
1082 1964 1163 1993 nec
1185 1964 1262 2008 per
1283 1949 1477 2008 ipsorum

88 2018 398 2077 imperatorum
429 2021 545 2079 jussa
568 2020 623 2062 de
647 2019 832 2063 basilicis
855 2018 1077 2077 expelleris
1099 2019 1295 2062 unitatis.
1323 2017 1478 2061 Unde?

90 2090 169 2133 nisi
187 2091 289 2150 quia
306 2090 484 2134 minoris
502 2090 643 2134 meriti
656 2105 715 2143 es,
737 2104 824 2134 non
843 2088 981 2134 solum
1002 2089 1166 2134 caeteris
1183 2088 1358 2148 collegis
1377 2089 1474 2143 tuis,

91 2160 164 2203 sed
199 2161 327 2204 etiam
366 2160 455 2204 istis
495 2160 594 2219 ipsis
615 2195 625 2214 ‚
661 2175 771 2220 quos
806 2168 921 2204 certe
955 2168 1003 2204 ut
1030 2159 1256 2217 sacrilegos
1296 2159 1478 2218 plenarii

92 2231 264 2276 concilii
285 2231 416 2276 vestri
438 2247 512 2275 ore
529 2230 759 2275 damnatis.

149 2305 269 2348 CIII.
298 2306 558 2347 Pmmnus
580 2300 690 2346 dixit
715 2322 724 2346 :
762 2322 781 2344 «
806 2305 893 2347 Nos
915 2302 1028 2346 enim
1044 2337 1055 2357 ,
1081 2311 1130 2345 ut
1151 2302 1359 2361 scriptum
1382 2311 1444 2345 est
1463 2337 1474 2356 ,

94 2374 306 2433 baptismo
323 2382 470 2418 nostro
487 2373 711 2418 Christum
731 2372 951 2417 induimus
976 2371 1182 2416 traditum
1203 2407 1212 2427 ,
1238 2387 1314 2416 vos
1336 2380 1478 2415 vestro

91 2445 291 2502 contagio
315 2443 474 2487 Judam
496 2441 676 2487 induitis
704 2443 1005 2487 traditorem⁴.
1041 2462 1060 2482 τ)

150 2518 263 2560 ClV.
283 2518 558 2560 Auen-smnus
571 2513 793 2573 respondit
815 2533 823 2557 :
846 2517 1017 2557 Possem
1042 2521 1084 2556 et
1106 2527 1185 2570 ego
1208 2511 1350 2556 dicere
1372 2515 1478 2557 :Vos

141 2607 148 2623 ¹
168 2600 246 2632 Psal.
266 2610 353 2637 xviii,
371 2600 401 2632 5.
419 2617 459 2623 -
475 2605 486 2622 ²
507 2599 552 2631 Id.
578 2609 682 2639 cxvni,
706 2607 779 2631 12¹1.
794 2615 833 2621 —
849 2596 862 2621 3
880 2597 999 2629 Matth.
1028 2607 1092 2634 xxi,
1112 2596 1167 2639 43.
1183 2596 1250 2627 -4
1269 2597 1337 2630 Gal.
1357 2608 1403 2638 ιιι,
1422 2605 1475 2639 27.
