1825 3264
392 216 471 253 130
821 224 853 249 s.
890 220 1121 249 Accts'nm
1153 222 1334 248 muscom

375 301 460 335 tros
495 286 744 347 baptizandi
771 287 984 342 veniunt,
1024 287 1141 331 avari
1174 286 1391 343 redeunt,
1426 293 1470 329 et
1498 285 1767 345 quicumque

369 360 501 404 sobrii
534 357 589 403 ad
626 356 720 401 illas
752 357 842 402 vini
875 358 1102 417 voragines
1145 365 1331 401 currunt
1367 364 1419 400 ut
1454 355 1764 414 baptizentur,

371 429 529 474 ebriosi
551 429 867 474 revertuntur?
891 430 978 472 Ista
1001 428 1236 472 sentientes
1251 435 1295 471 et
1312 426 1393 471 ista
1414 426 1662 481 suadentes,
1685 441 1769 470 au-

377 501 486 545 detis
512 500 641 544 etiam
674 508 886 559 tanquam
915 497 1120 544 adversus
1157 513 1235 543 nos
1258 511 1625 552 commemorare,
1647 496 1771 557 quod

380 570 512 631 paulo
535 579 635 615 ante
668 570 867 630 superius
899 569 1080 629 posuisti
1117 587 1125 613 :
1169 587 1189 611 «
1225 571 1398 613 Bonum
1426 576 1491 613 est
1522 581 1694 628 sperare
1722 567 1772 610 in

379 659 399 683 »
436 641 637 695 Domino,
659 655 791 700 quam
817 654 987 700 sperare
1021 639 1066 683 in
1094 638 1271 683 homine
1293 657 1302 683 :
1323 638 1491 682 bonum
1514 646 1578 682 est
1597 651 1770 697 sperare

374 730 393 753 »
428 712 474 756 in
498 712 697 767 Domino,
721 727 853 772 quam
876 726 1047 771 sperare
1069 711 1116 755 in
1138 710 1452 770 principibus1.
1467 727 1487 751 »
1507 709 1626 762 Quid
1644 707 1764 754 aliud

361 781 540 837 docetis,
562 798 726 842 quaeso,
747 797 881 842 quam
903 797 991 826 non
1014 783 1058 826 in
1083 782 1282 834 Domino,
1307 780 1446 824 sedin
1466 780 1644 824 homine
1659 794 1759 838 spe-

354 867 449 895 rare
466 887 475 904 ‚
502 853 679 911 quando
703 852 834 896 talem
863 852 954 895 fieri
977 850 1119 895 dicitis
1145 851 1433 910 baptizatum,
1459 849 1600 910 qualis
1622 848 1754 894 fuerit

352 923 628 981 baptizator?
649 933 692 966 et
710 923 812 982 quia
833 923 967 966 istum
987 922 1107 966 vobis
1129 921 1375 981 baptizandi
1397 921 1611 965 assumitis
1628 920 1752 980 prin-

350 994 560 1052 cipatum,
588 993 768 1038 erelaut
794 994 914 1037 vobis
943 993 1167 1049 homiues,
1190 1002 1233 1036 et
1255 992 1474 1051 quierant
1497 992 1542 1035 in
1566 991 1751 1036 Domino

351 1064 587 1122 speraturi,
613 1072 788 1122 sperent
806 1064 849 1106 in
871 1063 1174 1122 principibus?
1199 1065 1292 1107 Imo
1326 1077 1428 1106 vero
1457 1077 1547 1106 non
1568 1060 1748 1106 audiant

351 1153 448 1191 vos,
475 1136 553 1180 sed
573 1136 646 1180 illa
673 1137 816 1195 potius
851 1134 1096 1179 testimonia
1119 1150 1220 1194 quae
1253 1133 1434 1193 posuisti
1456 1142 1608 1179 contra
1629 1147 1708 1178 nos
1733 1152 1744 1189 3

349 1216 392 1252 et
424 1207 590 1267 aliquid
614 1207 744 1250 etiam
772 1204 1004 1250 terribilius
1025 1240 1035 1259 ,
1069 1206 1174 1265 quia
1203 1220 1292 1249 non
1322 1204 1464 1249 solum
1493 1204 1659 1249 bonum
1680 1211 1746 1247 est

349 1292 521 1337 sperare
543 1277 589 1321 in
622 1277 806 1321 Domino
835 1290 968 1335 quam
991 1290 1162 1334 sperare
1193 1275 1239 1319 in
1264 1275 1470 1329 homine,
1504 1275 1582 1318 sed
1614 1273 1746 1318 etiam

353 1366 373 1389 «
407 1347 668 1392 M'iledictus
699 1347 838 1390 omnis
860 1346 935 1405 qui
958 1360 1078 1405 spem
1097 1360 1219 1389 suam
1243 1346 1366 1405 ponit
1394 1345 1440 1389 in
1466 1344 1644 1389 homine
1665 1345 1697 1387 ².
1723 1360 1744 1385 η

409 1419 690 1463 ccxxxiv.
720 1419 981 1461 Pamisus
1001 1415 1110 1460 dixit
1134 1435 1142 1460 ε
1169 1435 1188 1457 «
1207 1415 1445 1460 [initamini
1461 1414 1615 1459 saltem
1641 1418 1753 1460 Pro-

353 1489 529 1547 phetas,
563 1489 639 1549 qui
668 1503 767 1532 suas
796 1487 961 1531 animas
993 1502 1132 1532 sacras
1172 1485 1281 1531 falso
1316 1487 1577 1546 baptismate
1609 1485 1754 1545 decipi

357 1559 616 1602 timuerunt.
643 1558 755 1602 Dixit
778 1572 967 1616 namque
990 1557 1193 1617 primitus
1212 1559 1438 1612 Jeremias,
1464 1555 1584 1615 apud
1604 1556 1760 1615 impios

369 1630 565 1674 homines
586 1643 746 1688 aquam
761 1643 850 1672 esse
870 1627 1169 1673 mendaeemss.
1179 1647 1198 1670 »
1217 1631 1360 1689 Aqua,
1378 1628 1539 1690 inquit,
1560 1627 1767 1682 mendax,

383 1720 402 1742 »
438 1717 530 1745 non
552 1701 687 1744 habet
701 1700 851 1744 fidem.
891 1718 910 1741 »

436 1774 693 1818 CCXXXV.
732 1775 954 1815 Aucus-Tm
967 1789 1010 1815 us
1046 1768 1298 1847 respondit:
1323 1770 1408 1824 Qui
1452 1727 1776 1829 Scripturarum

378 1858 419 1902 10
425 1859 501 1887 nai
508 1859 553 1886 us
573 1844 665 1886 haec
683 1841 822 1895 audit,
837 1857 917 1886 nec
935 1851 976 1885 tc
994 1857 1064 1885 cr³
1043 1840 1132 1885 edit
1148 1851 1224 1886 aut
1239 1841 1299 1886 sic
1316 1851 1534 1886 errantem
1550 1850 1600 1886 ut
1615 1840 1778 1885 nescias

380 1913 487 1973 quid
507 1913 702 1973 loquaris
720 1948 730 1967 ,
749 1922 825 1957 aut
846 1914 904 1957 sic
920 1911 1147 1957 fallentem
1170 1921 1219 1956 ut
1237 1927 1370 1972 quem
1389 1911 1596 1957 fefelleris
1616 1912 1781 1956 nesciat

386 1983 495 2043 quid
516 1984 738 2044 loquatur,
760 1991 887 2043 putat
907 1983 1139 2026 Jeremiam
1168 1984 1424 2041 prophetam
1449 1998 1552 2028 cum
1571 1981 1782 2042 baptizari

384 2055 535 2109 vellet,
563 2055 817 2114 praecavisse
840 2069 894 2097 ne
923 2053 976 2097 ab
1000 2053 1253 2098 hominibus
1283 2054 1426 2113 impiis
1460 2054 1779 2114 baptizaretur,

387 2126 592 2169 etsieista
611 2125 781 2168 dixisse.
799 2128 897 2177 Quo
920 2124 1037 2167 enim
1062 2126 1266 2182 pertinet,
1283 2125 1404 2185 quod
1427 2133 1528 2169 ante
1541 2139 1676 2185 quam
1699 2124 1783 2168 hoc

392 2196 688 2240 testimonium
704 2210 884 2254 poneres
897 2193 1040 2238 dixisti
1055 2213 1094 2238 :«
1110 2195 1345 2239 Imitamini
1357 2195 1510 2239 saltem
1527 2196 1781 2254 Prophetas,

393 2269 468 2326 qui
485 2283 581 2311 suas
596 2267 759 2310 animas
772 2280 910 2309 sacras
928 2265 1037 2309 falso
1053 2266 1313 2324 baptismate
1326 2265 1468 2325 decipi
1480 2267 1749 2310 timuerunt?
1761 2283 1780 2306 »

393 2337 726 2398 quasiJeremiae
750 2336 1017 2395 temporibus
1041 2335 1272 2395 quisquam
1293 2346 1560 2381 sacramento
1577 2335 1795 2395 baptismi·

393 2410 669 2462 ablueretur,
696 2408 776 2451 nisi
799 2405 920 2467 quod
941 2422 985 2450 se
1013 2407 1126 2465 ipsos
1148 2405 1231 2450 illis
1252 2406 1432 2452 lavacris
1450 2423 1549 2467 quae
1573 2407 1804 2452 Dominus.

396 2481 642 2539 redarguit,
669 2479 870 2524 Pharisaei
893 2493 1002 2538 pene
1026 2493 1101 2537 per
1124 2477 1272 2523 omnia
1293 2487 1580 2524 monumenta
1611 2478 1805 2537 tingue--

448 2570 454 2587 ¹
478 2564 545 2596 Psal
575 2574 667 2604 cxvii,
683 2566 715 2596 8.
734 2579 773 2585 -
788 2569 798 2585 ²
817 2564 937 2595 Jerem.
959 2572 1034 2604 xvii,
1054 2559 1231 2595 5.-31d.
1251 2573 1305 2605 xv,
1335 2564 1384 2596 18.
