1825 3264
223 294 384 324 CONTRA
417 298 679 325 cnssscomuM
717 298 1004 337 nonnus-rma,
1040 303 1120 328 Lus.
1158 304 1222 328 ιιι.
1339 290 1422 329 449

44 361 203 406 festum
226 371 292 407 est
313 379 399 423 qua
421 364 641 409 voluntate
669 365 761 408 haec
788 367 963 423 gesserit
987 368 1235 425 Ingenuus,
1258 377 1300 411 ct
1329 367 1425 412 idco

45 433 277 491 recipietur
311 434 356 476 in
386 449 601 479 carcerem
638 451 649 478 .·
685 445 748 479 est
768 436 882 479 enim
906 437 1078 481 arctiori
1100 438 1428 496 interrogationi

45 503 322 547 necessarius.
343 504 529 549 Felicem
549 514 691 549 autern
712 504 955 563 religiosum
973 507 1222 566 episcopum
1240 506 1427 551 liberum

47 587 137 617 esse
167 573 222 617 ab
256 575 478 619 exustione
514 575 902 620 instrumentorum
934 577 1197 622 Deificorum
1230 578 1431 622 manifes-

50 651 143 686 tum
179 653 264 700 est3
296 659 395 688 cum
428 660 557 689 nemo
591 646 635 689 in
669 660 769 689 eum
797 646 963 706 aliquid
995 648 1179 706 probare
1217 649 1428 706 potuerit,

50 712 170 773 quod
201 714 417 773 religiosas
437 716 678 774 Scripturas
702 715 949 771 tradiderit,
980 716 1050 761 vel
1072 718 1292 762 exusserit.
1326 720 1434 762 Om-

50 783 174 827 nium
197 785 311 827 enim
336 785 615 843 interrogatio
633 801 761 844 supra
785 787 941 846 scripta
971 786 1195 832 manifesta
1218 797 1305 843 est,
1332 787 1435 832 nul-

51 851 113 897 las
137 854 378 912 Scripturas
401 854 580 898 Deificas
601 855 668 898 vel
692 855 904 910 inventas,
930 855 997 900 vel
1021 867 1262 915 corruptas,
1288 857 1357 900 vel
1368 858 1438 900 in-

51 939 199 969 censas
216 924 361 969 fuisse.
396 927 487 970 Hoc
520 925 622 970 actis
654 926 904 970 continetur
926 926 1046 986 quod
1071 927 1189 971 Felix
1212 927 1440 986 episcopus

54 995 275 1052 religiosus
294 994 376 1039 illis
393 996 661 1055 temporibus
683 1011 764 1040 nec
786 1011 974 1055 praesens
997 994 1128 1041 fuerit
1150 1012 1294 1057 neque
1311 1013 1440 1042 cons·

54 1065 256 1110 cientiam
277 1066 634 1121 commodaverit,
658 1081 800 1126 neque
819 1065 903 1110 tale
925 1066 1087 1126 aliquid
1110 1067 1201 1110 fieri
1219 1069 1436 1127 jusserit.»

114 1138 315 1180 LXXXI.
344 1139 491 1180 Insero
509 1137 638 1180 etiam
662 1136 918 1196 rescriptum
942 1137 1212 1196 imperatoris
1234 1139 1442 1182 Constan-

54 1206 134 1250 tini
155 1205 211 1250 ad
239 1206 505 1250 Probianum
531 1206 719 1265 idipsum
749 1207 1014 1262 attestantis,
1048 1216 1090 1251 et
1111 1223 1241 1267 quam
1274 1207 1443 1252 molesti

55 1276 173 1335 apud
195 1291 296 1320 eum
315 1277 496 1335 majores
510 1276 639 1320 vestri
658 1286 926 1321 accusatores
943 1276 1241 1321 innocentium
1260 1276 1439 1332 fuerint,

55 1345 337 1391 ostendentis.
364 1365 384 1387 «
411 1349 697 1405 Imperatores
717 1348 906 1391 Caesares
924 1345 1079 1399 Flavii,
1100 1348 1412 1391 Constantinus
1430 1382 1441 1401 ,

56 1425 100 1460 et
112 1416 416 1469 Maximianus,
434 1424 478 1459 et
491 1414 704 1470 Valerius,
723 1416 969 1460 Licinianus
989 1416 1176 1460 Licinius
1193 1417 1248 1460 ad
1263 1416 1442 1460 Probia-

57 1501 162 1530 num
180 1485 485 1546 proconsulem
505 1484 677 1529 Africae.
699 1484 896 1528 AElianus
914 1483 1202 1544 praedecessor
1220 1495 1337 1540 tuus,
1359 1501 1444 1529 mc-

58 1556 158 1610 rito‚
183 1571 284 1600 cum
303 1555 368 1599 vir
384 1554 732 1614 perfectissimus,
755 1557 909 1608 Verus,
931 1555 1114 1599 vicarius
1135 1553 1442 1613 praefectorum

58 1635 164 1671 tunc
179 1641 254 1686 pcr
277 1625 467 1670 Africam
486 1634 677 1669 nostram
700 1624 973 1669 incommoda
1002 1624 1251 1669 valetudine
1275 1635 1445 1669 tenere-

60 1706 148 1751 tur,
173 1695 366 1756 ejusdem
386 1695 582 1755 partibus
603 1695 782 1739 functus
803 1696 915 1738 inter
932 1704 1085 1738 caetera
1108 1694 1293 1738 etiamid
1309 1710 1446 1754 nego-

62 1769 170 1812 tium
188 1803 198 1822 ,
223 1767 291 1812 vel
304 1767 510 1811 invidiam
524 1782 624 1826 quae
642 1766 696 1810 de
713 1764 944 1811 Caeciliano
961 1766 1181 1824 episcopo,
1198 1774 1239 1808 et
1255 1765 1447 1810 Ecclesia

62 1838 275 1884 catholica
295 1837 470 1882 videtur
498 1852 587 1881 esse
613 1845 828 1881 commota
846 1870 856 1890 ,
889 1835 943 1878 ad
973 1850 1150 1878 examen
1172 1849 1298 1877 suum
1317 1844 1448 1894 atque

58 1909 294 1969 jussionem
311 1907 496 1952 credidit
517 1921 606 1950 esse
629 1904 933 1949 revocandam.
954 1905 1127 1948 Etenim
1147 1919 1246 1948 cum
1260 1905 1350 1963 jam
1373 1907 1451 1949 Su-

64 1981 234 2040 perium
267 1979 594 2031 centurionem,
622 1986 665 2020 et
686 1976 965 2021 Caecilianum
989 1975 1287 2034 magistratum
1310 1979 1451 2034 Aptu-

67 2052 366 2109 gnitanorum,
408 2059 450 2092 et
487 2048 769 2093 Saturninum
800 2055 1120 2100 excuratorem,
1160 2055 1202 2089 ct
1232 2045 1450 2090 Calibium

69 2121 317 2174 Juniorem,
351 2119 542 2179 ejusdem
573 2119 756 2162 civitatis
789 2126 1051 2171 curatorem,
1085 2125 1217 2176 atque
1251 2115 1452 2161 Solonem

70 2207 240 2237 servum
268 2190 495 2250 publicum
524 2204 652 2248 supra
681 2188 850 2246 scriptae
874 2187 1054 2231 civitatis
1073 2221 1082 2239 ,
1108 2195 1341 2245 praesentes
1365 2202 1455 2231 esse

71 2261 255 2315 fecisset,
282 2261 546 2305 audientiam
569 2259 758 2319 praebuit
781 2268 1125 2318 competentem:
1143 2258 1252 2302 adeo
1272 2267 1335 2311 ut,
1355 2274 1455 2302 cum

73 2332 305 2378 Caeciliano
329 2331 478 2374 fuisset
511 2332 732 2390 objectum
762 2328 880 2389 quod
906 2345 928 2372 a
956 2328 1097 2372 Felice
1123 2327 1262 2371 cidem
1296 2330 1460 2386 cpisco-

75 2413 201 2462 patus
223 2401 444 2445 videretur
465 2416 554 2444 esse
577 2400 762 2453 delatus,
796 2399 1114 2443 cuidivinarum
1140 2397 1459 2455 scripturarum

76 2472 266 2533 proditio
293 2481 424 2530 atquc
446 2471 614 2514 exustio
640 2469 859 2513 videretur
888 2469 1078 2527 objecta,
1112 2468 1390 2512 innocentem
1409 2469 1464 2513 dc

79 2559 130 2588 eo
157 2542 345 2586 Felicem
370 2540 500 2584 luisse
526 2539 782 2584 constiterit.
815 2538 1012 2597 Denique
1035 2551 1134 2581 cum
1158 2538 1368 2582 Maximus
1392 2542 1464 2582 In-

83 2613 278 2672 gentium
307 2611 584 2656 decurionem
612 2609 892 2669 Ziquensium
918 2607 1101 2652 civitatis
1129 2607 1354 2666 epistolam
1377 2611 1469 2654 Cac-

275 2693 463 2723 cxxxix.
1232 2678 1283 2717 29
