1825 3264
340 276 424 315 46⁴2
772 289 805 313 s.
841 283 1070 314 *consum
1104 285 1282 314 EPISCOPI

339 358 471 398 Porro
493 353 526 396 si
549 352 658 396 mihi
680 352 876 396 materies
905 350 978 396 illa
995 359 1332 411 proponeretur,
1349 350 1526 410 quando
1547 364 1716 411 possem

337 424 500 467 dicere:
517 441 537 465 «
552 423 673 467 Licet
683 422 844 481 viperei
858 421 1030 467 seminis
1047 422 1195 466 noxios
1218 430 1366 480 partus
1385 421 1587 466 venenati
1604 420 1716 465 uteri

335 493 482 538 alveus
501 492 577 537 diu
597 493 776 548 texerit,
797 502 840 537 et
860 492 1057 551 concepti
1079 490 1248 547 sceleris
1269 491 1356 536 uda
1377 490 1557 550 coagula
1578 492 1625 536 in
1647 505 1716 536 as-

336 563 486 622 pidum
506 565 701 609 membra
723 563 846 609 tardo
867 579 911 609 se
927 563 1069 609 calore
1090 563 1417 622 vaporaverint;
1440 571 1584 612 tamen
1606 577 1715 608 con-

335 645 510 694 ceptum
526 636 641 680 virus
654 644 935 680 evanescente
953 633 1210 679 umbraculo
1224 633 1433 679 occultari
1450 648 1539 678 non
1554 633 1710 692 potuit.

335 708 443 750 Nam
460 708 536 750 etsi
557 706 905 766 sero,publicum
917 705 1086 750 facinus
1108 714 1152 749 et
1165 704 1444 764 parricidium
1463 718 1590 748 suum
1608 701 1716 748 foeta

334 776 544 820 scelerum
574 786 676 822 vota
705 785 982 836 pepererunt.
1023 796 1042 818 n
1075 775 1261 829 Quando
1288 790 1358 820 me
1388 775 1435 818 in
1457 775 1550 820 haec
1583 774 1716 818 verba

334 847 598 907 exquirenda
621 857 882 892 coarctarem
897 846 1104 906 i‘quando
1122 847 1166 890 in
1184 844 1464 905 exprimenda
1486 844 1716 904 provolve-

336 920 453 961 rem?
469 917 646 977 quando
662 927 785 962 tanto
806 918 973 977 impetu
987 952 997 972 ‚
1020 926 1143 962 tanto
1163 917 1309 962 sonitu
1325 917 1370 959 in
1391 914 1541 960 odium
1561 915 1716 960 noxio·

334 1001 431 1030 rum
452 987 623 1032 lectoris
641 987 709 1032 vel
729 988 937 1032 auditoris
954 988 1149 1031 animum
1170 986 1460 1031 concitarem?
1481 987 1595 1029 Num
1618 984 1716 1029 ideo

333 1057 427 1101 haec
451 1057 495 1101 in
512 1072 621 1116 quos
643 1056 760 1101 dicta
786 1066 902 1111 sunt,
927 1057 1070 1100 minus
1087 1057 1294 1101 veraciter
1315 1055 1430 1102 dicta
1452 1056 1581 1100 sunt?
1601 1056 1718 1100 Num

333 1126 414 1170 hac
437 1126 685 1186 eloquentia
705 1127 814 1171 tanti
831 1126 1003 1171 concilii
1022 1125 1129 1171 fides
1144 1126 1372 1182 minuitur,
1389 1124 1457 1170 vel
1478 1123 1718 1170 labefacta-

333 1204 404 1239 tur
423 1197 681 1241 auctoritas?
697 1200 862 1256 Nempe
886 1197 996 1241 illud
1009 1212 1097 1255 quo
1117 1197 1256 1241 visum
1271 1206 1335 1241 est
1348 1195 1648 1256 eloquentius,
1665 1209 1717 1240 eo

331 1267 603 1324 potissimum
626 1267 814 1312 electum
836 1276 921 1322 est,
949 1266 1070 1327 quod
1090 1281 1239 1311 omnes
1261 1282 1350 1311 esse
1372 1281 1501 1311 suum
1524 1265 1713 1320 vellent,

332 1351 420 1395 quo
438 1352 527 1381 uno
545 1346 838 1382 trecentorum
857 1346 901 1381 et
921 1336 1071 1382 decem
1099 1352 1173 1381 ora
1201 1337 1388 1382 tacentia
1416 1344 1714 1396 personarent.

333 1408 444 1450 Ecce
465 1406 759 1466 eloquentiam
782 1422 913 1467 quam
935 1407 1217 1466 vituperasti,
1240 1423 1373 1466 quam
1395 1407 1518 1452 velut
1538 1405 1720 1451 seditio·

332 1493 418 1521 sam
438 1512 449 1531 ‚
476 1487 519 1522 et
540 1494 680 1537 graeco
702 1479 830 1522 etiam
853 1478 1030 1522 nomine
1051 1478 1262 1524 malitiose
1284 1479 1556 1523 artificiosam
1578 1477 1721 1522 detes-

331 1547 506 1591 tandam
543 1548 853 1608 vitandamque
898 1548 1132 1603 monuisti,
1173 1557 1345 1593 tantum
1382 1547 1612 1608 permulsit
1653 1554 1719 1592 tot

331 1619 552 1676 episcopos
585 1629 682 1662 tuos
700 1654 710 1673 ‚
738 1619 851 1662 utin
883 1618 1077 1676 plenario
1104 1618 1288 1663 concilio
1317 1635 1395 1664 suo
1428 1618 1566 1664 nollet
1595 1633 1718 1663 suam

330 1688 515 1746 quisque
535 1688 730 1746 proferre
757 1689 1015 1732 sententiam
1029 1723 1040 1742 ,
1065 1690 1141 1732 sed
1164 1704 1297 1733 unam
1319 1705 1420 1749 quae
1445 1690 1500 1732 ab
1521 1704 1609 1733 uno
1630 1688 1716 1733 dici

330 1756 530 1801 disertius
551 1758 832 1817 ornatiusque
863 1759 1002 1816 potuit
1029 1779 1039 1815 3
1065 1773 1160 1802 eam
1192 1760 1338 1803 cuncti
1358 1759 1551 1804 facerent
1573 1774 1711 1803 suam.

331 1827 479 1872 Liceat
496 1828 625 1886 igitur
649 1828 772 1872 nobis
787 1828 877 1872 sine
892 1829 1052 1872 invidia
1074 1844 1162 1872 non
1184 1843 1499 1888 usquequaque
1519 1827 1716 1887 impolite

330 1907 480 1942 contra
512 1914 674 1943 errores
694 1899 921 1943 hominum
944 1899 1163 1958 disputare
1186 1934 1196 1953 ,
1222 1900 1256 1944 si
1278 1899 1402 1944 licuit
1425 1909 1491 1944 tot
1515 1915 1564 1944 ac
1583 1899 1714 1944 tantis

330 1969 539 2027 episcopis
579 1969 728 2013 vestris
770 1969 883 2028 ipsos
917 1969 1113 2013 homines
1153 1979 1240 2014 tam
1283 1969 1441 2015 diserte
1476 1978 1715 2030 ornateque

330 2039 552 2082 damnare.

390 2111 471 2153 ΙΙΙ.
513 2108 630 2153 Illud
653 2110 781 2153 etiam
805 2108 924 2168 quod
946 2110 1138 2153 studium
1179 2125 1258 2168 pro
1285 2111 1465 2155 veritate
1498 2109 1709 2162 certandi,

330 2180 430 2237 quia
459 2195 572 2238 srepe
595 2179 810 2224 voluimus
832 2195 933 2224 eum
953 2181 1102 2224 vestris
1119 2180 1343 2236 conferre,
1369 2190 1418 2225 ut
1445 2196 1589 2226 errore
1608 2180 1714 2225 sub-

329 2249 440 2303 lato,
464 2249 650 2293 fraterna
678 2251 861 2294 charitas
886 2251 998 2309 pacis
1025 2250 1200 2294 vinculo
1233 2260 1479 2296 necteretur
1496 2286 1507 2306 ,
1525 2260 1712 2301 ,conten-

330 2321 459 2365 tionis
482 2330 524 2365 et
545 2321 826 2365 animositatis
854 2321 1007 2366 vitioso
1033 2322 1208 2366 nomine
1231 2322 1507 2382 reprehendis
1533 2341 1541 2367 :
1565 2337 1712 2367 nonne

330 2390 506 2438 melius.
541 2392 720 2436 obsecro
749 2401 818 2445 te,
853 2406 981 2435 causa
1013 2392 1201 2436 veritatis
1233 2401 1277 2436 et
1311 2394 1487 2437 unitatis
1521 2393 1711 2451 pacificis

329 2460 472 2503 verbis
489 2470 532 2504 et
544 2461 834 2520 pacatioribus
853 2461 956 2505 locis
973 2461 1086 2505 inter
1102 2462 1322 2520 episcopos
1340 2471 1555 2521 ageretur,
1579 2477 1711 2522 quam

331 2529 376 2570 iu
410 2528 482 2574 soo
517 2531 572 2574 ab
609 2531 816 2589 episcopis
850 2546 926 2589 per
956 2531 1186 2576 advocatos
1219 2532 1460 2589 litigaretur
1485 2533 1493 2576 1
1530 2533 1652 2592 quod
1685 2547 1709 2573 a

331 2599 524 2655 partibus
550 2600 753 2644 Primiani
772 2600 1120 2658 Carthaginensis
1143 2601 1331 2660 episcopi
1355 2602 1483 2646 vestri
1505 2600 1707 2645 adversus
