1825 3264
323 234 487 264 CONTRA
519 235 721 264 umens
753 235 986 276 Pis-simam,
1021 240 1103 266 Lm.
1140 240 1187 265 11.
1397 229 1451 270 33

72 300 214 343 minus
237 308 475 358 potuerunt
496 300 792 345 remotissimae
810 301 1006 345 nationes
1019 317 1118 346 cum
1138 302 1254 347 Afris
1276 302 1453 348 tradito·

70 368 187 413 ribus
212 368 280 413 vel
304 371 664 429 persecutoribus,
690 370 819 414 etiam
842 370 874 414 si
899 385 998 414 vera
1018 372 1215 416 diceretis
1235 382 1279 417 et
1300 382 1450 418 osten-

67 438 240 493 deretis,
264 439 491 485 malefacta
513 440 672 485 habere
694 440 959 495 communia,
977 443 1175 500 quamvis
1197 458 1296 487 cum
1314 443 1374 488 eis
1394 453 1452 488 te·

68 520 220 554 nerent
246 521 511 557 sacramenta
525 512 881 557 eommunia?An
894 511 1018 556 dicis:
1039 514 1132 570 Ego
1148 511 1273 557 illum
1291 516 1450 574 episco-

68 595 172 640 pum
193 580 297 636 vidi,
323 580 464 626 furem
487 597 587 627 vero
602 581 726 626 illum
746 597 834 626 non
853 582 956 627 vidi.
984 583 1060 626 Dic
1081 582 1200 641 quod
1219 584 1295 637 vis,
1321 585 1448 628 etiam

69 650 168 694 huic
183 651 308 695 faveo
324 651 583 707 defensioni,
609 661 652 696 et
668 653 711 696 in
730 653 810 697 hac
832 651 1056 697 absolutus
1076 662 1139 696 est
1160 669 1184 697 a
1204 654 1355 697 vestris
1369 656 1452 698 cri-

69 721 379 767 minationibus
402 724 518 767 orbis
542 733 768 767 terrarum.
798 724 839 768 Si
861 722 976 766 enim
1001 723 1123 767 vobis
1144 723 1268 768 licuit
1288 725 1451 783 cogniti

10 822 13 828 -
66 792 253 838 hominis
277 794 475 852 ignorare
496 795 643 849 vitam,
668 810 746 839 eur
775 803 892 838 totus
915 794 1106 838 mundus
1131 795 1299 851 ignotos
1324 795 1451 853 igno-

8 870 13 923 }
68 877 160 907 rare
185 878 273 908 non
306 864 487 908 sinitur?
513 865 602 910 Nisi
630 864 742 910 forte
772 865 1004 909 Donatistis
1024 863 1125 908 licet
1144 865 1308 909 nescire
1335 865 1454 925 quod

7 926 13 973 ἒ
65 933 172 977 scire
194 933 365 986 nolunt,
397 935 600 995 gentibus
631 951 719 981 non
752 935 852 980 licet
885 935 1052 980 nescire
1084 934 1204 995 quod
1227 936 1336 980 scire
1364 951 1451 980 non

10 1013 13 1018 '
71 1013 265 1063 possunt.

126 1076 238 1117 LIV.
274 1078 341 1118 An
362 1074 490 1120 dicis:
508 1075 639 1120 Aliud
662 1085 725 1120 est
744 1076 927 1130 furtum,
947 1074 1066 1119 aliud
1082 1075 1257 1119 traditio
1273 1074 1340 1119 vel
1364 1091 1454 1134 per-

10 1194 11 1203 *
66 1146 264 1190 secutio?
285 1146 491 1192 Concedo
512 1147 631 1191 aliud
653 1162 743 1191 esse
766 1167 776 1204 3
805 1162 886 1191 nec
908 1145 1038 1190 modo
1054 1145 1343 1189 laborandum
1372 1155 1450 1200 est,

9 1209 12 1225 ¹
65 1214 172 1274 quid
195 1216 386 1270 intersit,
410 1216 654 1261 ostendere.
682 1216 872 1261 Attende
894 1216 1219 1274 compendium.
1249 1215 1290 1260 Si
1318 1225 1359 1258 te
1381 1215 1454 1258 ille

7 1276 12 1343 Ξ
65 1301 154 1330 non
176 1286 279 1331 fecit
301 1286 459 1342 furem,
480 1289 580 1348 quia
601 1288 683 1331 tibi
701 1303 789 1332 non
811 1287 953 1346 placet
975 1287 1144 1330 furtum
1164 1305 1172 1330 2
1196 1287 1292 1345 quis
1314 1295 1455 1344 potest

7 1345 11 1355 ⁴
64 1354 206 1400 facere
228 1356 456 1402 traditores
479 1366 552 1401 aut
574 1356 810 1401 homicidas
833 1371 906 1401 eos
937 1355 1100 1416 quibus
1135 1355 1333 1414 displicet
1365 1355 1454 1398 sive

65 1427 239 1472 traditio
260 1429 349 1473 sive
374 1428 693 1473 homicidium?
730 1428 853 1473 Prius
881 1428 1013 1487 igitur
1045 1426 1253 1471 confitere
1288 1435 1327 1469 te
1365 1441 1454 1469 esse

5 1506 11 1517 ⁴
64 1497 278 1558 quidquid
302 1499 402 1543 mali
423 1498 506 1543 fuit
521 1500 722 1559 Optatus,
739 1514 870 1558 quem
890 1512 1071 1542 noveras
1089 1516 1097 1541 :
1117 1506 1160 1540 et
1183 1495 1251 1539 vel
1273 1496 1329 1540 sie
1350 1496 1454 1539 mihi

65 1568 206 1628 objice
221 1568 436 1629 quidquid
452 1569 552 1613 mali
564 1569 759 1623 fuerunt,
779 1584 888 1629 quos
899 1583 979 1627 ego
996 1583 1084 1612 non
1106 1582 1326 1611 noveram.
1343 1565 1455 1610 Nolo

5 1658 11 1666 ·
65 1639 167 1683 mihi
191 1640 334 1684 dicas:
373 1639 456 1685 Sed
479 1639 552 1684 illa
574 1655 728 1698 magna
751 1650 880 1694 sunt,
907 1639 985 1683 ista
1010 1654 1155 1697 parva.
1184 1637 1308 1681 Prius
1337 1637 1451 1680 enim

65 1718 236 1769 oportet
258 1710 428 1754 fatearis
450 1711 538 1770 ipsa
567 1726 697 1770 parva
721 1711 775 1755 de
798 1720 864 1765 te,
891 1725 980 1754 non
1006 1719 1052 1753 ut
1081 1724 1161 1768 ego
1184 1723 1360 1768 quoque
1386 1705 1452 1751 fa-

68 1789 172 1835 tear,
190 1780 265 1825 sed
282 1791 331 1825 ut
356 1782 423 1824 vel
445 1781 581 1825 sinam
606 1791 648 1825 te
666 1781 809 1826 dicere
829 1781 971 1825 nescio
994 1796 1093 1840 quae
1114 1794 1263 1836 magna
1288 1778 1342 1821 de
1368 1793 1449 1820 me.

65 1851 249 1909 Optatus
270 1865 401 1911 quem
425 1866 621 1905 noveras,
647 1851 748 1895 fecit
778 1860 819 1894 te
848 1850 1006 1904 furem,
1032 1849 1133 1908 quia
1156 1847 1319 1906 collega
1354 1857 1454 1890 tuus

68 1918 170 1975 fuit,
196 1936 251 1964 an
274 1937 362 1965 non
382 1921 484 1966 fecit
504 1922 521 1960 Τ
544 1921 775 1980 Responde
800 1935 937 1964 unum
970 1920 1023 1963 de
1045 1919 1232 1962 duobus.
1260 1918 1300 1960 si
1325 1916 1450 1960 dicis:

66 1993 161 2037 Non
179 1991 303 2049 feci13
327 2008 477 2052 quaero
495 2008 572 2037 cur
592 2008 676 2036 non
699 1992 815 2043 fecit,
841 1992 938 2050 quia
960 2005 1038 2033 nec
1053 1990 1141 2048 ipse
1164 1989 1234 2031 fur
1256 1986 1337 2029 fuit
1359 1989 1376 2028 P
1399 2001 1451 2029 an

6 2073 9 2095 ³
64 2062 165 2120 quia
183 2062 347 2106 neseis?
369 2078 423 2106 an
440 2062 540 2121 quia
567 2062 644 2105 tibi
667 2060 918 2120 displicuit?
944 2060 985 2103 Si
1009 2062 1110 2118 quia
1135 2073 1214 2100 nce
1233 2057 1322 2114 ipse
1346 2055 1447 2098 fuit:

24 2187 26 2189 ¹
65 2130 204 2175 multo
237 2132 369 2190 magis
400 2130 496 2175 illos
527 2130 582 2174 de.
605 2130 764 2190 quibus
796 2145 871 2173 nos
901 2128 1124 2187 arguistis,
1154 2126 1257 2169 tales
1295 2125 1448 2177 fuisse,

5 2221 9 2255 ξ
64 2201 212 2261 quales
225 2202 346 2256 dicis,
363 2201 538 2245 credere
557 2216 645 2245 non
664 2200 888 2244 debemus.
913 2199 955 2243 Si
980 2198 1094 2242 enim
1113 2199 1167 2240 de
1185 2198 1346 2254 Optato
1365 2211 1451 2239 nou

6 2291 8 2296 ·
63 2282 126 2316 est
143 2272 410 2316 eredendum
427 2272 545 2332 quod
565 2281 607 2316 et
625 2271 858 2316 Christiani
874 2279 915 2313 et
932 2268 1089 2327 Pagani
1105 2276 1147 2311 et
1169 2266 1326 2320 Judfei⁵
1353 2281 1451 2323 pos--

4 2372 8 2390 2
66 2351 202 2387 tremo
214 2352 258 2386 et
279 2343 413 2386 nostri
435 2351 478 2385 et
499 2341 628 2385 vestri
650 2341 818 2394 dicunt,
844 2339 1169 2400 quantominus
1186 2334 1449 2380 credendum

63 2421 127 2455 est
143 2412 263 2471 quod
287 2427 362 2455 vos
381 2413 436 2455 de
454 2412 601 2470 aliquo
619 2411 759 2456 dicitis
777 2414 793 2452 ’ἶ
815 2411 854 2454 si
871 2411 972 2470 quia
998 2408 1132 2452 nescis
1157 2427 1164 2450 :
1192 2405 1453 2463 respondent

64 2483 141 2526 tibi
157 2498 304 2527 omnes
319 2493 488 2541 gentes:
517 2482 656 2526 Multo
677 2483 810 2540 magis
831 2498 908 2526 nos
932 2481 1145 2523 nescimus
1168 2475 1382 2534 quidquid
1399 2476 1452 2518 d«—

63 2551 146 2598 illis
164 2553 312 2612 objicis
335 2554 475 2598 uobis.
509 2555 549 2597 Si
573 2553 672 2612 quia
699 2552 777 2596 tibi
795 2551 1015 2610 displicuit
1037 2569 1045 2593 ε
1072 2547 1221 2592 eadem
1248 2547 1325 2590 tibi
1350 2562 1453 2589 voce

203 2634 392 2664 cxxxix.
902 2662 906 2669 ,
1244 2618 1266 2657 3
