1825 3264
263 286 345 326 522
693 300 726 324 s.
761 295 993 324 AUGUSTtNI
1025 293 1208 322 EPISCOPI

261 377 344 408 cuo
372 362 548 421 speculo
577 369 742 413 vestro,
772 361 857 405 hoc
889 369 976 414 est,
1008 360 1056 403 in
1077 373 1205 403 causa
1238 359 1642 404 Maximianensium

262 433 390 476 etiam
408 431 492 476 hoc
508 429 819 475 demonstrare.
837 432 1033 489 Namque
1051 428 1233 472 mortuis
1245 428 1449 472 omnibus
1465 437 1509 473 et
1526 429 1642 488 apud

261 517 370 561 quos
390 502 483 546 haec
505 511 622 560 gesta
645 509 762 556 sunt,
783 500 875 545 fieri
895 499 1130 560 aliquando
1153 498 1325 558 poterit,
1347 508 1398 543 ut
1418 499 1532 544 inter
1547 514 1643 543 ves-

261 581 349 617 tros
372 581 414 616 et
435 571 611 616 illorum
634 581 826 631 posteros
861 571 1045 631 quaestio
1076 569 1395 614 communionis
1418 569 1605 628 agitetur
1629 588 1639 614 :

260 643 417 688 dicturi
437 652 538 687 sunt
559 642 622 686 illi
649 659 673 686 a
698 641 935 702 majoribus
967 642 1054 685 suis
1090 640 1225 684 ferme
1255 649 1432 684 centum
1451 639 1520 684 vel
1549 655 1644 684 am-

258 713 372 774 plius
394 714 602 772 episcopis
620 713 874 757 damnatum
892 728 981 756 esse
1000 712 1283 765 Primianum‚
1307 720 1350 755 et
1368 710 1486 755 illam
1505 711 1645 770 primo

259 800 358 844 quae
388 784 506 842 apud
533 785 840 843 Carthaginem
854 818 865 838 ‚
900 781 1060 827 deinde
1082 781 1208 825 aliam
1229 797 1328 841 quae
1349 781 1467 840 apud
1485 782 1646 826 Cebar-

259 855 366 899 sussi
404 864 555 899 contra
593 869 691 898 eum
721 854 960 911 conscripta
1002 862 1066 896 est
1102 852 1361 896 sententiam
1397 851 1642 911 prolaturi:

259 934 410 970 contra
445 926 575 969 vestri
610 924 840 969 concilium
875 923 1108 982 Bagaiense
1146 923 1410 966 recitabunt.
1456 922 1647 981 Flagita-

259 996 373 1041 bunt
394 995 471 1050 illi,
497 1005 546 1039 ut
564 996 701 1039 diluta
723 1011 811 1039 esse
833 995 1074 1038 doceantur
1095 992 1483 1037 criminaPrimiani
1498 1027 1509 1047 ,
1547 1008 1648 1052 quae

259 1081 435 1110 suorum
478 1067 691 1125 majorum
729 1064 940 1108 sententia
983 1064 1278 1107 continentur.
1324 1065 1480 1107 Nonne
1511 1063 1652 1108 multo

253 1136 411 1196 justius
439 1137 588 1180 dicent
616 1135 745 1179 vestri
779 1154 787 1179 :
821 1138 924 1179 Haec
959 1135 1140 1179 crimina
1178 1149 1278 1194 quae
1309 1133 1489 1193 objicitis
1519 1134 1649 1178 etiam

259 1216 433 1250 mortuo
449 1241 459 1261 ‚
492 1207 526 1250 si
551 1222 648 1250 vera
673 1207 776 1261 sint,
804 1206 887 1250 hoc
911 1206 1115 1265 probate,
1143 1204 1263 1264 quod
1285 1204 1527 1264 admajores
1545 1220 1648 1249 nos-

258 1286 347 1321 tros
376 1293 426 1321 ea
448 1277 690 1321 detuleritis
707 1313 717 1331 ‚
743 1278 863 1337 quod
888 1278 945 1320 eis
978 1277 1071 1320 haec
1098 1291 1198 1320 vera
1226 1275 1500 1320 ostenderitis
1522 1290 1612 1320 esse
1637 1295 1646 1320 :

258 1349 380 1407 quod
409 1348 440 1392 si
471 1348 614 1392 facere
649 1349 794 1392 eonati
823 1348 943 1401 estis,
977 1363 1056 1391 nec
1096 1346 1276 1405 implere
1310 1347 1534 1405 potuistis3
1566 1361 1656 1390 ma-

254 1420 367 1479 jores
384 1420 498 1477 ipsos
523 1429 690 1463 nostros
706 1420 935 1478 inquinare
960 1434 1047 1462 non
1073 1426 1272 1477 poterant
1294 1417 1433 1461 aliena
1453 1418 1650 1472 crimina,

258 1490 453 1549 quamvis
472 1506 586 1542 vera,
617 1506 717 1550 quae
733 1490 816 1534 illis
837 1505 925 1533 non
944 1489 1116 1533 fuerant
1132 1487 1425 1532 demonstrata
1449 1507 1458 1533 :
1485 1497 1652 1549 quanto

259 1561 402 1604 minus
425 1561 460 1604 si
489 1576 536 1604 ea
567 1576 645 1604 nec
673 1561 815 1604 conati
851 1560 948 1604 estis
977 1559 1219 1603 ostendere.
1267 1559 1391 1603 Unde
1430 1559 1562 1618 igitur
1596 1557 1652 1603 ad

259 1645 337 1673 nos
378 1646 518 1674 causae
553 1630 667 1674 illius
707 1640 848 1674 reatus
885 1631 1065 1674 transire
1103 1629 1269 1689 potuit,
1311 1630 1387 1690 qui
1421 1644 1501 1673 nec
1536 1629 1651 1688 ipsos

259 1700 452 1758 quicum
476 1700 694 1743 Primiano
721 1709 825 1743 tunc
841 1701 1046 1743 vivebant
1071 1700 1294 1757 ignoratus
1316 1707 1359 1742 et
1380 1714 1468 1743 non
1486 1700 1648 1758 proba-

260 1778 328 1813 tus
346 1769 551 1814 involvit?
571 1772 656 1814 Vos
677 1770 824 1829 itaque
847 1770 1085 1813 schismatis
1109 1785 1201 1813 reos
1224 1771 1449 1828 perspicua
1467 1770 1646 1814 veritate

259 1840 573 1893 convincimus,
599 1855 708 1899 quos
730 1855 753 1883 a
771 1840 896 1883 nobis
914 1840 1124 1883 fratribus
1147 1841 1296 1884 vestris
1314 1849 1491 1899 propter
1506 1840 1644 1884 aliena

260 1909 466 1963 crimina,
498 1925 597 1968 quae
635 1920 736 1953 tunc
776 1910 1010 1969 majoribus
1034 1910 1192 1953 nostris
1231 1910 1525 1954 demonstrata
1560 1924 1649 1954 non

259 1989 376 2033 sunt,
397 1979 575 2039 quando
596 1978 768 2024 fucrant
799 1979 1162 2035 demonstranda,
1196 1989 1412 2039 separatos
1434 1979 1647 2024 videmus.

261 2051 303 2095 Si
325 2051 406 2094 hoc
418 2052 650 2110 justissime
668 2052 851 2095 dicturae
877 2061 981 2095 sunt
1003 2050 1168 2110 plebes,
1194 2061 1237 2095 et
1254 2051 1397 2096 clerici
1424 2066 1575 2096 eorum
1593 2052 1652 2095 lo-

260 2136 409 2164 corum
426 2138 477 2165 ex
499 2123 658 2181 quibus
688 2131 810 2166 erant
836 2122 1018 2166 trecenti
1041 2131 1084 2165 et
1101 2123 1268 2175 decem,
1294 2122 1369 2182 qui
1388 2131 1538 2166 contra
1558 2125 1652 2167 Ma-

260 2192 543 2236 ximianenses
578 2193 808 2250 Bagaiense
836 2193 1069 2236 concilium
1098 2192 1390 2236 condiderunt
1427 2211 1437 2237 ι
1468 2194 1501 2236 si
1533 2194 1645 2247 hoc,

262 2261 442 2321 inquam
463 2298 471 2311 ,
492 2273 607 2307 recte
637 2263 795 2307 dicturi
817 2273 921 2306 sunt
944 2263 1037 2307 Afri
1060 2261 1190 2318 Afris,
1215 2263 1415 2309 Numidae
1444 2272 1487 2307 et
1509 2263 1649 2307 Mauri

262 2348 392 2391 quam
417 2333 592 2391 plurimi
609 2335 753 2391 paucis
768 2334 1001 2391 Byzacenis
1020 2343 1063 2376 et
1086 2332 1427 2377 Provincialibus
1448 2352 1456 2378 :
1483 2342 1650 2394 quanto

256 2403 411 2462 justius
429 2403 482 2446 al„-
505 2404 760 2448 criminibus
776 2439 786 2459 ,
811 2404 979 2447 etiamsi
1003 2418 1103 2447 vera
1125 2413 1267 2447 essent
1296 2404 1440 2448 nescio
1462 2419 1652 2463 quorum

262 2473 307 2516 in
330 2473 472 2518 Africa
496 2475 749 2518 traditorum
766 2509 776 2529 ‚
795 2475 888 2518 haec
908 2474 1012 2518 dicit
1036 2473 1148 2518 Afris
1167 2474 1282 2519 orbis
1300 2484 1529 2529 terrarum,
1550 2490 1650 2518 cum

264 2544 501 2601 praesertim
515 2553 557 2587 et
573 2544 618 2586 in
636 2543 780 2589 Africa
799 2545 890 2603 ipsa
909 2544 1099 2588 Ecclesia
1113 2543 1323 2589 catholica
1342 2554 1461 2589 tanta
1479 2545 1547 2599 sit,
1571 2559 1651 2588 cae-

267 2611 368 2656 teris
399 2613 600 2669 gentibus
629 2615 807 2659 unitatis
831 2615 1006 2659 vinculo
1028 2615 1212 2659 sociata?
1235 2617 1344 2667 Quae
1365 2614 1646 2659 nihilominus
