1825 3264
325 274 407 314 412
747 285 779 311 s.
819 281 1045 310 transnm
1081 282 1258 310 Erxscom

322 353 366 395 in
391 349 551 403 Africa,
577 347 645 391 vel
672 347 879 402 ubilibet,
912 349 1081 407 ignoro.
1114 348 1231 401 Quid
1254 349 1298 392 in
1325 363 1395 392 me
1418 349 1587 394 occulta
1617 350 1703 393 hu-

321 435 447 464 mana
461 418 646 479 judicas,
667 427 716 462 ut
736 417 963 462 manifesta
981 419 1026 462 in
1049 433 1118 461 me
1139 418 1285 463 divina
1303 419 1539 463 rescindas?
1558 422 1644 464 Fac·
1662 429 1705 464 te

321 491 460 536 scelus
488 490 677 534 alienum
700 489 831 534 modo
854 491 960 534 mihi
983 490 1184 549 probare,
1210 488 1331 551 quod
1353 489 1456 535 dicis
1475 510 1483 535 :
1504 491 1588 535 hoc
1605 506 1705 536 cum

324 563 583 622 baptismum
608 562 877 621 acciperem,
913 562 1156 606 nesciebam
1196 581 1204 606 ε
1239 563 1273 606 si
1296 571 1471 621 propter
1504 577 1576 606 eos
1598 578 1706 622 quos

321 649 440 678 nunc
464 633 569 676 mihi
592 632 754 692 prodis,
777 632 994 692 baptizare
1013 648 1084 676 eos
1113 633 1187 692 qui
1205 633 1443 677 nescientes
1462 633 1517 676 ab
1535 632 1706 677 adulte-

321 705 377 749 ris
396 713 673 763 acceperunt,
699 719 807 764 quos
827 703 960 748 modo
977 702 1234 763 prodideris.
1262 704 1379 757 Quid
1394 703 1448 747 ad
1465 704 1559 748 haec
1577 703 1704 760 dicis,

321 775 399 818 nisi
417 791 505 819 non
523 783 586 819 est
605 784 818 828 sanctum,
840 789 928 819 non
946 786 1004 818 est
1029 775 1260 829 mundum,
1280 774 1360 817 nisi
1377 772 1497 834 quod
1510 774 1704 830 voluero,

322 855 364 890 et
382 844 606 905 quomodo
624 844 817 889 voluero.

382 918 612 960 XXXVII.
654 935 673 957 «
707 918 757 959 In
791 916 870 959 hac
905 930 949 957 re
981 915 1100 958 testis
1122 923 1211 968 est,
1236 915 1397 974 inquis,
1430 915 1562 958 totius
1594 915 1710 958 orbis

321 1002 433 1045 pene
469 986 746 1030 conscientia.
778 1003 797 1025 ι)
824 984 1131 1043 Respondetur
1163 984 1267 1038 tibi,
1297 987 1349 1027 In
1381 984 1462 1028 hac
1498 999 1543 1028 re
1579 985 1710 1028 totius

322 1056 438 1100 orbis
460 1055 578 1098 nulla
603 1064 667 1099 est
689 1055 868 1099 omnino
890 1054 1169 1098 conscientia.
1202 1073 1222 1096 «
1247 1057 1362 1108 Hoc,
1387 1055 1550 1115 inquis,
1577 1056 1711 1114 majo-

323 1143 388 1171 res
422 1128 576 1171 nostris
598 1142 620 1170 a
650 1128 735 1171 suis
760 1127 1012 1186 parentibus
1035 1136 1310 1187 acceperunt.
1341 1145 1361 1167 »
1387 1127 1707 1186 Respondetur,

325 1200 408 1244 Sed
450 1208 639 1243 errantes
675 1200 730 1242 ab
772 1198 1014 1242 errantibus
1053 1208 1126 1242 aut
1168 1198 1553 1243 calumniantibus.
1600 1201 1710 1243 Nam

323 1280 365 1314 et
401 1272 580 1330 majores
614 1270 869 1314 ¹ludaeorum
904 1285 1058 1329 corpus
1082 1270 1243 1315 Christi
1272 1269 1326 1313 de
1356 1270 1553 1329 sepulcro
1592 1269 1711 1314 fura—

322 1351 414 1386 tum
439 1357 462 1385 a
487 1342 571 1385 suis
609 1341 846 1400 majoribus
882 1349 1157 1400 acceperunt.
1195 1360 1210 1379 «
1243 1342 1341 1385 Non
1379 1340 1481 1384 olim
1516 1339 1711 1384 defuncti

323 1421 454 1465 sunt,
483 1411 649 1471 inquis,
685 1411 759 1470 qui
796 1411 1036 1454 traditionis
1074 1411 1202 1470 hujus
1236 1409 1402 1454 facinus
1436 1426 1512 1470 per
1533 1425 1642 1470 quos
1669 1419 1712 1454 et

323 1482 483 1540 quibus
514 1482 618 1525 locis
654 1481 886 1524 admissum
913 1481 965 1524 sit
1002 1489 1317 1539 cognoverunt.
1343 1480 1706 1539 »Respondetu1',

326 1554 418 1595 Hoc
459 1561 501 1595 et
539 1552 672 1595 nostri
706 1567 781 1610 pro
819 1552 905 1595 suis
934 1552 1131 1610 partibus
1164 1551 1333 1595 dicunt.
1365 1570 1384 1592 «
1412 1554 1604 1603 Extant,
1643 1551 1712 1594 in-

324 1622 436 1681 quis,
472 1623 599 1665 etiam
644 1622 741 1665 libri
780 1623 946 1682 quibue
981 1623 1088 1666 ordo
1124 1637 1268 1666 rerum
1309 1631 1527 1681 gestarum
1570 1621 1712 1665 fideli-

325 1701 390 1735 tor
431 1708 478 1736 ac
517 1692 748 1750 diligenter
791 1693 998 1751 ascriptus
1033 1702 1095 1736 est
1130 1713 1138 1737 :
1187 1701 1288 1736 sunt
1329 1702 1450 1747 acta,
1493 1701 1594 1736 sunt
1636 1691 1712 1736 lit-

326 1772 453 1817 tcrae,
488 1763 723 1806 multorum
759 1778 935 1823 quoque
966 1771 1136 1806 tenetur
1168 1762 1394 1806 manifesta
1433 1761 1660 1806 confessio.
1688 1780 1709 1803 »

327 1834 631 1893 Respondetur
653 1835 730 1877 tibi
751 1835 844 1878 haec
863 1844 905 1877 et
927 1834 1082 1877 nostris
1102 1849 1181 1893 pro
1205 1835 1289 1877 suis
1308 1833 1502 1892 partibus
1523 1848 1610 1876 non
1633 1831 1712 1876 de-

326 1920 428 1948 esse.
478 1909 567 1948 Aut
615 1920 717 1963 ergo
755 1904 837 1948 illis
869 1903 1118 1957 credamus,
1156 1904 1231 1964 qui
1263 1912 1502 1962 potuerunt
1540 1918 1712 1947 causam

326 1991 443 2018 suam
462 1975 543 2019 illis
563 1976 764 2020 Ecclesiis
783 1976 1057 2035 persuadere,
1075 1990 1181 2035 quas
1197 1976 1376 2034 scriptas
1394 1975 1434 2017 in
1461 1975 1582 2018 libris
1600 1973 1712 2018 dii-i-

326 2048 391 2090 nis
414 2057 456 2090 ct
478 2048 694 2091 canonicis
712 2048 908 2105 legimus:
928 2057 1001 2090 aut
1019 2046 1138 2107 quod
1155 2056 1202 2090 tu
1220 2046 1363 2090 dixisti
1376 2045 1430 2090 dc
1442 2047 1710 2105 Optato,nec

327 2117 600 2161 absolvamus
628 2117 779 2172 dubia,
806 2133 885 2161 nec
908 2118 1188 2175 damnemus3
1214 2126 1256 2160 et
1279 2131 1428 2175 pacem
1459 2116 1618 2160 Christi
1638 2131 1712 2159 cu-

320 2188 390 2246 jus
410 2187 575 2230 bonum
595 2188 776 2231 dubium
802 2204 889 2231 non
903 2197 983 2242 est,
1007 2187 1197 2231 fraterna
1221 2186 1452 2230 dilectione
1470 2196 1706 2230 teneamus.

385 2259 635 2300 XXXVllI.
668 2278 685 2297 «
716 2256 798 2301 Sed
833 2257 1074 2301 Orientales
1093 2292 1103 2311 ,
1129 2271 1239 2316 quos
1261 2254 1392 2300 modo
1419 2265 1586 2299 nostros
1624 2270 1713 2299 esse

327 2328 551 2383 concedis,
579 2344 665 2372 non
690 2328 862 2372 latuisse
890 2329 973 2372 hoc
1003 2328 1169 2371 facinus
1192 2326 1311 2370 dicis.
1340 2345 1360 2367 n
1388 2330 1531 2386 Atque
1553 2335 1602 2369 ut
1629 2326 1713 2371 hoc

330 2399 500 2457 probes,
523 2399 672 2443 inseris
702 2399 998 2458 «principium
1015 2398 1220 2458 Epistolae
1238 2397 1407 2442 concilii
1432 2397 1708 2451 sardicensis,

329 2469 404 2511 ubi
435 2470 587 2513 Donati
622 2471 894 2529 Carthaginis
928 2471 1117 2529 episcopi
1146 2471 1273 2514 vestri
1296 2484 1456 2513 nomen
1490 2469 1712 2512 invenitur

330 2540 578 2597 ascriptum.
621 2541 748 2593 Quod
781 2541 878 2585 ideo
914 2540 1077 2585 factum
1114 2549 1241 2600 putas
1278 2549 1321 2584 et
1344 2540 1531 2582 assirmas
1552 2573 1562 2593 ,
1590 2537 1709 2597 quod

332 2608 530 2653 videlicet
564 2610 857 2655 Orientalibus
876 2646 886 2659 ,
918 2612 993 2670 qui
1023 2611 1077 2655 de
1109 2610 1291 2655 concilio
1327 2625 1405 2654 suo
1432 2609 1526 2652 haec
1547 2609 1707 2666 sscripta
