1825 3264
295 273 458 305 CONTRA
491 272 692 303 numus
724 273 958 314 nummi,
984 277 1066 304 mn.
1105 277 1149 302 ιι.
1367 267 1416 302 51

40 371 62 396 »
99 353 185 399 Sed
218 368 361 414 neque
376 353 411 397 si
440 361 505 397 est
535 351 716 412 Spiritus
740 360 914 397 sanctus
941 352 1199 397 audivimus.
1223 352 1423 412 Dixitque

40 441 62 466 n
98 421 282 468 Paulus:
309 425 360 467 In
381 438 471 484 quo
493 437 597 482 ergo
631 421 836 482 baptizati
859 422 957 466 estis
979 423 997 465 P
1018 425 1074 466 Et
1108 421 1424 482 responderunt

38 511 59 536 n
91 492 307 539 dicentes:
333 494 512 539 loannis
532 494 763 555 baptismo.
787 494 861 539 Ait
876 493 1207 539 autemPaulus:
1234 498 1422 540 Joannes

34 584 54 608 ι
88 564 320 625 baptizavit
333 564 547 625 baptismo
560 566 848 626 poenitentiae,
863 565 982 625 plebi
994 565 1157 621 dicens,
1173 566 1218 609 in
1230 581 1330 610 eum
1342 567 1418 626 qui

32 652 54 678 »
87 645 296 682 venturus
321 645 432 682 esset
449 645 546 696 post
563 637 706 697 ipsum
723 645 774 681 ut
788 636 1031 691 crederent,
1063 637 1146 681 hoc
1175 646 1254 695 est,
1278 637 1323 681 in
1343 640 1416 681 Je-

31 724 53 750 »
86 721 184 751 sum
198 707 423 752 Christum
438 707 673 752 Dominum
685 716 898 753 nostrum.
919 709 1018 761 Quo
1033 704 1198 761 audito,
1215 707 1421 767 baptizati

33 793 54 818 »
87 777 246 821 suntin
261 778 438 822 nomine
454 778 624 823 Domini
638 779 773 824 nostri
785 780 890 823 Jesu
903 778 1079 824 Christi.
1098 780 1154 821 Et
1169 793 1270 822 cum
1285 779 1422 837 impo-

5 888 8 894 .
33 863 55 889 ιι
87 846 239 892 suisset
249 847 333 892 illis
349 862 501 893 manus
511 847 686 904 Paulus,
701 849 821 893 venit
837 837 1020 909 Spiritus
1039 857 1213 893 sanctus
1225 863 1354 908 super
1372 847 1428 891 il·-

6 919 9 976 '4
33 935 56 960 »
87 917 167 963 los.
194 919 509 979 Loquebantur
526 928 673 964 autem
685 920 812 965 variis
826 919 1004 980 linguis,
1020 929 1063 964 et
1084 920 1420 979 prophetabant.

6 987 9 993 ’
32 1005 54 1030 n
83 990 141 1034 Et
152 997 275 1034 erant
297 1004 447 1034 omnes
464 989 545 1034 viri
562 988 652 1034 fere
666 990 903 1036 duodecim
918 992 948 1034 ¹.
978 1008 998 1031 n
1027 990 1069 1035 Si
1089 990 1224 1049 igitur
1246 989 1308 1033 illi
1326 998 1427 1034 sunt

30 1058 252 1120 baptizati,
277 1070 328 1106 ut
346 1062 554 1121 Spiritum
571 1071 771 1107 sanctum
793 1062 1052 1122 reciperent,
1067 1077 1145 1106 cur
1167 1077 1258 1106 non
1278 1077 1370 1116 VOS,
1391 1061 1426 1105 si

28 1139 227 1175 sanctum
242 1129 373 1175 vultis
392 1131 602 1190 Spiritum
623 1147 809 1188 sumere,
836 1142 934 1192 post
944 1142 1087 1178 vestra
1104 1132 1328 1177 mendacia
1346 1147 1421 1176 ve-

9 1195 11 1262 ῖ
30 1215 123 1245 ram
138 1201 356 1261 percipitis
377 1202 645 1246 novitatem?
662 1202 747 1256 Qui
767 1203 801 1246 si
820 1202 930 1247 male
953 1203 1036 1247 hoc
1059 1202 1257 1256 facimus,
1283 1218 1418 1262 quare

29 1285 109 1316 nos
130 1271 322 1332 quaeritis
344 1272 363 1315 ?
384 1281 459 1316 aut
489 1283 602 1316 certe
623 1272 658 1316 si
687 1272 852 1316 crimen
875 1281 939 1316 est
954 1307 964 1326 ,
1002 1272 1186 1316 Paulum
1220 1272 1420 1331 primitus

10 1341 347 1400 condemnate3
370 1343 447 1403 qui
470 1343 623 1403 utique
647 1341 808 1387 Paulus
831 1341 956 1403 quod
976 1343 1070 1402 jam
1095 1341 1241 1386 fuerat
1265 1341 1405 1386 abluit
1425 1378 1436 1398 ‚

31 1428 110 1459 nos
131 1422 275 1458 autem
297 1413 344 1457 in
371 1413 494 1458 vobis
525 1412 647 1473 quod
675 1414 873 1458 nondum
903 1422 966 1458 est
999 1413 1282 1472 baptizamus.
1324 1414 1423 1458 Non

33 1485 149 1529 enim
168 1499 260 1540 vos,
276 1493 328 1528 ut
347 1499 461 1544 saepe
471 1485 563 1544 jam
581 1483 897 1539 diximus,vero
920 1484 1179 1543 baptismate
1201 1483 1395 1542 tinguitis
1409 1518 1419 1538 ,

12 1580 15 1595 ι
34 1554 110 1600 sed
124 1554 242 1599 inani
258 1555 473 1601 vocabulo
487 1553 583 1599 falsi
600 1554 869 1616 baptismatis
887 1553 1129 1599 infamatis.
1163 1573 1182 1595 »

11 1597 17 1684 Ι
92 1627 333 1670 LXXXVI.
369 1629 638 1671 Aucusrmns
677 1626 902 1686 respondit
929 1645 937 1670 ι
964 1624 1151 1669 Paulum
1173 1640 1261 1669 non
1292 1640 1420 1668 accu-

31 1710 189 1751 samus,
212 1697 289 1757 qui
310 1694 432 1740 dedit
447 1696 700 1740 hominibus
722 1696 988 1756 baptismum
1009 1695 1186 1750 Christi,
1215 1695 1316 1755 quia
1338 1710 1426 1739 non

32 1767 256 1812 habebant
285 1766 552 1827 baptismum
583 1767 771 1822 Christi,
809 1765 884 1811 sed
919 1766 1183 1826 baptismum
1218 1768 1241 1810 J
1247 1766 1420 1820 oannis,

35 1837 275 1883 secundum
294 1838 489 1898 ipsorum
514 1838 841 1898 responsionem
862 1857 872 1895 3
893 1838 968 1897 qui
989 1837 1261 1897 interrogati,
1276 1837 1321 1881 in
1337 1853 1427 1897 quo

37 1908 240 1968 baptizati
255 1917 412 1964 essent,
433 1908 769 1968 responderunt,
795 1908 1013 1967 baptismo
1035 1908 1214 1953 Joannis
1240 1927 1249 1952 :
1273 1907 1349 1967 qui
1372 1907 1428 1951 ad

34 1978 300 2039 baptismum
334 1979 495 2025 Christi
523 1994 613 2024 non
642 1980 855 2038 pertiuet,
880 1993 961 2023 nec
987 1980 1079 2038 ejus
1112 1993 1209 2036 pars
1239 1977 1329 2020 ulla
1356 1977 1425 2019 vel

37 2049 196 2109 gradus
225 2058 319 2094 est:
349 2049 543 2108 alioquin
573 2057 648 2092 aut
669 2057 776 2092 tunc
805 2048 1046 2092 iterabatur
1078 2062 1189 2106 aqua
1224 2046 1425 2105 baptismi

20 2120 214 2174 Christi,
234 2129 312 2164 aut
327 2120 362 2164 si
378 2119 618 2179 baptismus
638 2119 799 2163 Christi
823 2128 928 2162 tunc
950 2133 1027 2177 per
1044 2117 1151 2162 duas
1172 2132 1304 2178 aquas
1326 2131 1426 2176 per-

21 2190 281 2250 fidebatur,
306 2191 451 2234 minus
473 2188 692 2250 perfectus
714 2198 778 2233 est
801 2189 948 2243 modo,
969 2189 1071 2248 quia
1094 2204 1183 2233 non
1201 2188 1330 2232 datur
1351 2186 1425 2231 illa

0 2285 2 2300 ε
38 2275 138 2321 quae
158 2276 233 2321 per
255 2263 469 2306 Joannem
489 2259 678 2305 dabatur
705 2278 714 2304 ι
739 2258 969 2320 quodlibet
993 2268 1140 2303 autem
1163 2259 1320 2303 horum
1342 2259 1424 2301 im-

0 2337 4 2364 ·.
23 2327 162 2392 pium
181 2341 227 2377 et
246 2331 502 2392 sacrilegum
520 2340 586 2376 est
606 2330 789 2391 opinari.
816 2330 944 2375 Dedit
961 2346 1064 2390 ergo
1081 2330 1241 2375 Paulus
1264 2329 1427 2388 baptis-

18 1988 21 2018 ἰ

18 2020 21 2040 ³

38 2415 161 2447 mun
178 2402 342 2448 Chn'sti
356 2403 416 2447 eis
436 2402 515 2462 qui
536 2415 627 2446 non
639 2400 903 2461 baptismum
916 2401 1078 2447 Christi
1088 2401 1325 2454 habebant,
1350 2397 1425 2443 sed

2 2553 6 2578 ἑ
25 2474 360 2589 kffXSXVII.
399 2543 490 2589 Cur
519 2551 666 2587 autem
689 2540 766 2588 illo
790 2550 988 2602 tempore
1011 2542 1274 2587 necessarius
1297 2539 1429 2585 fuerit

26 2618 28 2624 ⁸
94 2633 104 2651 ¹
127 2629 196 2661 Act.
215 2637 283 2666 xix,
306 2637 356 2660 u.
1210 2670 1217 2687 a

1214 2684 1241 2708 ι.
