1825 3264
500 273 556 302 nr.
589 270 778 301 omnm
810 272 1027 301 tenusve.
1372 264 1456 303 295

74 361 95 385 ι»
119 340 367 400 refrigescet
396 338 582 384 charitas
602 336 858 382 multorum.
889 355 908 378 »
934 339 1048 382 Ecce
1084 336 1304 384 frumenta
1334 339 1453 400 ejus:

74 411 202 466 «Qui
238 419 382 455 autem
406 409 743 470 perseveraverit
779 423 918 468 usque
954 408 1000 452 in
1032 409 1189 465 finem,
1211 410 1283 455 hic
1316 410 1460 456 salvus

72 501 92 524 »
117 483 253 526 erit.»
275 481 358 525 Ubi
387 481 459 525 hic
492 479 639 525 Afr1ca
675 478 899 524 nominata
927 488 991 523 est
1026 479 1071 523 in
1111 489 1233 539 parte
1275 482 1459 526 Donati?

68 555 182 598 Ecce
202 553 358 597 iterum
377 551 596 596 frumenta
617 551 709 610 ejus
735 568 744 595 z
771 569 790 592 «
813 551 871 594 Ut
888 549 1016 605 scias,
1037 550 1183 611 inquit
1204 551 1455 611 Apostolus,

70 640 91 665 »
116 621 488 682 quemadmodum
502 631 544 666 te
557 629 755 680 oporteat
769 619 815 663 in
833 618 965 664 domo
982 620 1058 664 Dei
1075 622 1336 676 conversari,
1359 637 1459 682 quae

70 711 92 735 »
117 703 181 738 est
201 693 393 738 Ecclesia
415 693 492 737 Dei
512 693 627 749 vivi,
657 691 862 737 columna
884 700 928 736 et
946 692 1273 737 firmamentum
1294 693 1458 738 verita-

71 781 92 806 »
114 764 166 809 tis
186 767 245 809 ¹.»
271 767 328 810 Et
349 766 438 810 sine
464 765 601 810 dubio
621 779 830 824 magnum
851 773 915 809 est
932 764 1102 824 pietatis
1122 775 1457 822 sacramentum,

69 852 90 876 »
114 835 237 894 quod
258 835 583 880 manifestatum
607 844 670 880 est
691 836 736 879 in
755 850 899 890 carne,
915 835 1200 895 justificatum
1222 844 1286 880 est
1301 836 1346 880 in
1362 836 1459 895 Spi-

69 923 90 948 »
116 906 203 950 ritu
219 939 231 960 ,
254 906 454 966 apparuit
470 905 663 965 Angelis,
682 905 969 965 praedicatum
986 914 1052 950 est
1068 906 1115 950 in
1128 906 1348 964 gentibus,
1367 921 1462 951 cre-

70 993 91 1018 »
117 975 259 1020 ditum
289 985 354 1021 est
386 978 431 1021 in
449 976 617 1022 mundo
635 1012 645 1032 ,
668 985 938 1036 assumptum
955 985 1018 1022 est
1041 977 1088 1022 in
1120 975 1272 1035 gloria.
1305 996 1323 1019 »
1347 979 1461 1021 Ecce

66 1056 354 1105 purgamenta
393 1048 486 1106 ejus
510 1066 520 1093 2
547 1066 568 1089 «
595 1047 780 1107 Spiritus
813 1056 987 1103 autem,
1022 1047 1194 1106 inquit,
1229 1046 1459 1092 manifeste

69 1136 90 1160 »
117 1116 246 1173 dicit,
272 1120 374 1178 quia
393 1119 438 1162 in
455 1119 695 1164 novissimis
718 1117 989 1178 temporibus
1013 1118 1218 1163 recedent
1239 1116 1419 1177 quidam
1435 1132 1459 1161 a

69 1206 89 1230 »
115 1188 201 1232 fide
219 1223 231 1243 ,
255 1188 532 1234 attendentes
554 1188 774 1248 spiritibus
789 1188 1117 1243 seductoribus,
1143 1187 1350 1232 doctrinis
1367 1186 1459 1232 dae-

70 1278 88 1300 »
120 1258 402 1303 moniorum²
425 1293 436 1313 ‚
464 1267 548 1303 etc.
572 1276 593 1300 n
620 1259 705 1303 Ubi
732 1267 775 1302 et
796 1259 868 1304 hic
889 1258 1037 1304 Africa
1071 1259 1118 1303 in
1147 1267 1269 1318 parte
1299 1258 1459 1303 Donati

65 1328 289 1373 nominata
311 1337 401 1385 est,
421 1337 472 1373 ut
494 1329 540 1373 in
562 1343 612 1374 ea
634 1330 888 1373 remanserit
915 1329 1121 1374 columna
1141 1338 1185 1373 et
1207 1329 1459 1372 firmamen-

65 1408 160 1444 tum
189 1400 404 1455 veritatis‚
430 1409 505 1444 aut
525 1400 696 1460 pietatis
724 1409 1043 1444 sacramentum
1061 1434 1072 1455 ,
1110 1399 1166 1443 de
1197 1414 1288 1459 quo
1320 1413 1460 1458 usque

64 1469 110 1514 in
130 1469 264 1514 finem
298 1471 358 1515 ita
379 1471 596 1526 cucurrit,
637 1480 688 1515 ut
715 1470 881 1515 diceret
913 1489 922 1515 :
953 1489 973 1513 «
999 1470 1291 1514 Praedicatum
1314 1477 1378 1513 est
1414 1469 1460 1512 in

66 1541 267 1598 gentibus
285 1575 297 1597 ‚
323 1540 541 1586 creditum
565 1550 630 1586 est
650 1541 698 1585 in
719 1540 907 1596 mundo,
933 1549 1206 1599 assumptum
1225 1549 1289 1584 est
1307 1540 1351 1584 in
1370 1538 1465 1598 glo-

64 1611 160 1657 ria?
187 1629 207 1653 »

124 1684 281 1727 LXXI.
322 1682 436 1737 Quid
466 1697 569 1742 ergo
602 1682 801 1743 pluribus
835 1683 1043 1727 teneam?
1074 1682 1160 1736 Qui
1196 1679 1460 1741 respondere

63 1753 224 1810 cogitat
242 1754 345 1799 huic
363 1754 572 1814 Epistolae
587 1789 600 1809 ,
620 1763 838 1800 scrutetur
854 1755 1098 1813 Scripturas
1124 1771 1133 1798 ε
1158 1761 1202 1798 et
1217 1761 1292 1797 aut
1316 1751 1458 1796 mani-

64 1820 223 1868 festum
242 1823 298 1868 de
315 1823 461 1869 Africa
477 1859 488 1880 ,
511 1823 578 1869 vel
596 1825 642 1868 in
663 1841 752 1885 qua
772 1824 886 1880 sola,
911 1824 1047 1869 velex
1063 1840 1150 1884 qua
1164 1823 1253 1868 sola
1275 1832 1338 1867 est
1361 1837 1458 1881 pars

64 1894 246 1949 Donati,
272 1894 467 1953 proferat
500 1895 798 1939 testimonium
833 1914 841 1939 :
867 1893 988 1954 quod
1016 1895 1114 1938 ideo
1147 1892 1344 1953 proferre
1366 1908 1456 1937 non

64 1972 230 2022 potest,
255 1965 358 2023 quia
375 1963 458 2008 illis
476 1974 564 2009 tam
577 1963 832 2020 manifestis,
853 1979 952 2024 quae
966 1980 989 2008 a
1006 1964 1132 2008 nobis
1145 1962 1313 2022 prolata
1334 1971 1453 2018 sunt,

65 2048 307 2092 repugnare
339 2036 561 2093 Scriptura
588 2050 678 2079 non
705 2044 848 2094 potest
874 2044 980 2079 :aut
997 2036 1032 2078 si
1054 2049 1229 2078 suarum
1251 2033 1458 2092 suspicio-

65 2120 172 2149 num
187 2139 198 2160 ,
235 2104 305 2150 vel
337 2106 713 2161 criminationum,
753 2105 823 2151 vel
865 2105 1182 2150 calumniarum
1226 2113 1458 2149 sectatores

65 2174 266 2220 credulos
283 2177 464 2235 quaerit,
495 2185 538 2220 ct
565 2176 659 2220 vult
683 2175 908 2220 traducere
930 2177 975 2220 in
997 2175 1118 2220 aliud
1141 2174 1426 2233 Evangelium
1444 2208 1455 2230 ‚

65 2245 187 2305 quod
207 2261 297 2290 non
320 2255 383 2290 est
406 2246 541 2301 aliud,
569 2256 700 2306 atque
718 2246 976 2291 annuntiare
997 2247 1121 2292 nobis
1143 2255 1301 2306 praeter
1323 2260 1458 2306 quam

66 2316 190 2377 quod
218 2318 489 2377 accepimus,
520 2318 600 2363 etsi
621 2317 816 2377 Angelus
838 2318 893 2363 de
927 2318 1042 2363 coelo
1071 2327 1203 2374 esset,
1227 2317 1459 2361 anathema

67 2396 176 2432 esset
190 2389 205 2412 ³
227 2407 236 2433 :
262 2387 472 2447 quoniam
486 2396 530 2432 et
553 2387 770 2444 diaboluS‚
793 2390 871 2448 qui
887 2398 1116 2448 propterea
1135 2388 1190 2432 de
1212 2386 1326 2433 coelo
1349 2385 1462 2431 ceci-

67 2457 158 2514 dit,
183 2457 285 2517 quia
311 2458 356 2502 in
382 2458 563 2503 veritate
585 2473 676 2503 non
701 2459 847 2514 stetit,
878 2460 913 2503 si
946 2460 1177 2504 anathema
1207 2456 1359 2502 fuisset
1375 2457 1459 2502 ho-

67 2529 192 2585 mini,
216 2529 396 2589 quando
417 2530 457 2574 ei
479 2538 637 2590 praeter
662 2544 795 2590 quam
819 2530 942 2589 quod
962 2545 987 2574 a
1009 2528 1197 2578 Domino
1223 2531 1314 2575 Deo
1337 2542 1462 2576 acce·

117 2619 128 2638 ¹
152 2624 166 2648 1
189 2613 270 2649 Tim.
289 2625 340 2658 111,
362 2614 412 2650 15.
431 2630 473 2641 --
489 2615 634 2656 ²1d.1v,
664 2625 693 2649 1·
710 2631 750 2640 —
767 2612 780 2639 3
796 2613 864 2648 Gal.
890 2626 914 2655 1,
932 2615 963 2648 8.
1001 2628 1003 2631 ’
