1825 3264
300 251 462 283 comum
496 253 696 282 munus
727 254 960 293 pennam,
997 257 1077 283 Lm.
1114 257 1160 282 11.
1365 245 1417 282 67

46 318 130 363 hoc
156 318 248 363 sine
277 317 524 362 innocentia
546 333 676 363 nemo
705 326 848 377 potest
863 353 874 373 ‚
899 322 916 376 )
948 321 1023 364 sed
1051 319 1307 364 sacramenti
1327 319 1418 363 Dei.

46 386 166 450 quod
186 397 230 432 et
249 388 295 433 in
308 388 429 433 malis
447 389 698 434 hominibus
714 398 912 434 sanctum
930 399 1008 433 est.

102 460 266 504 CXIII.
290 462 547 505 Pmmfflus
562 459 695 505 dixit:
715 479 735 502 «
755 462 863 506 Nam
885 460 920 504 si
940 459 1080 519 legem
1098 460 1251 519 perfidi
1268 461 1399 505 nostis
1411 494 1423 517 ,

45 529 137 574 sine
153 529 309 589 injuria
325 530 458 590 ipsius
480 531 603 590 Legis
619 531 702 575 hoc
719 530 915 586 dixerim,
942 531 1054 574 hanc
1069 538 1113 574 et
1128 529 1328 575 diabolus
1349 547 1427 576 no-

46 600 123 644 vit.
142 601 339 660 Namque
362 601 547 645 Domino
569 604 659 646 Deo
680 601 727 645 in
753 616 881 646 causa
903 601 987 645 Job
1004 601 1130 661 justi,
1151 602 1273 660 quasi
1289 601 1433 659 justus

45 673 106 715 ita
121 670 177 714 de
190 673 305 730 Lege
327 670 564 730 respondit,
582 672 694 716 sicut
712 672 922 732 scriptum
936 681 999 716 est
1021 691 1030 717 ;
1051 690 1070 713 «
1090 671 1201 715 Dixit
1225 672 1434 716 Dominus

50 758 71 783 n
105 739 302 786 diabolo:
319 743 559 802 Respexisti
576 744 621 787 in
642 758 827 802 puerum
849 758 997 787 meum
1012 742 1116 798 Job,
1141 741 1243 802 quia
1264 757 1352 786 non
1375 750 1438 786 est

50 829 73 855 υ
106 810 255 856 similis
275 811 339 856 illi
359 812 408 857 in
427 821 557 869 terra,
578 813 712 859 homo
731 814 822 858 sine
842 811 1024 869 malitia,
1039 827 1165 858 verus
1183 813 1259 857 Dei
1277 812 1436 870 cultor,

51 898 74 924 π
105 881 326 946 abstinens
347 897 392 927 se
409 882 464 927 ab
486 884 605 928 omni
623 886 754 940 malo,
776 898 1055 944 perseverans
1077 883 1123 928 in
1141 882 1439 942 simplicitate3

51 971 73 996 υ
105 962 157 998 tu
170 962 317 999 autem
332 955 475 1014 petisti
489 964 539 1000 ut
552 971 730 1001 omnem
741 971 833 1000 rem
847 955 963 1000 illius
977 954 1179 1015 perderes
1189 955 1282 998 sine
1293 969 1437 999 causa.

50 1042 72 1067 n
104 1027 162 1070 Et
182 1027 405 1084 respondit
427 1026 659 1082 diabolus,
685 1036 729 1072 et
755 1026 867 1071 dixit
895 1027 1084 1072 Domino
1119 1045 1129 1071 ι
1159 1026 1339 1071 Corium
1361 1040 1441 1084 pro

51 1114 72 1137 »
105 1096 241 1150 corio,
265 1105 308 1140 et
329 1111 459 1141 omne
482 1097 795 1158 quodcumque
816 1097 1019 1142 habuerit
1040 1098 1172 1142 homo
1190 1111 1270 1155 pro
1292 1096 1436 1140 anima

53 1184 73 1208 n
109 1181 187 1210 sua
206 1164 373 1211 dabit1.
391 1186 410 1209 »
433 1170 547 1212 Ecce
568 1167 765 1227 legaliter
782 1167 995 1228 loquitur,
1021 1169 1096 1227 qui
1118 1168 1271 1212 nititur
1289 1175 1441 1211 contra

51 1239 226 1296 Legem.
253 1238 310 1281 Et
329 1237 488 1281 iterum
523 1238 759 1282 Dominum
790 1238 1015 1283 Christum
1055 1237 1326 1282 sermonibus
1357 1236 1444 1280 suis

51 1307 111 1352 sic
141 1321 271 1351 ausus
303 1317 367 1352 est
395 1317 634 1363 attentare,
662 1309 773 1352 sieut
794 1310 1004 1366 scriptum
1029 1317 1093 1352 est
1119 1327 1127 1351 ;
1155 1326 1176 1349 «
1201 1307 1440 1364 Assumpsit

57 1397 76 1420 ι
110 1376 309 1423 diabolus
338 1380 489 1422 Jesum
516 1379 560 1423 in
593 1387 787 1423 sanctam
819 1378 1039 1423 civitatem
1058 1412 1069 1431 ‚
1094 1386 1139 1422 et
1158 1378 1310 1421 statuit
1343 1391 1441 1420 eum

54 1466 76 1490 n
109 1463 240 1507 super
270 1449 450 1508 pinnam
479 1448 658 1508 templi,
692 1458 735 1493 et
756 1447 863 1492 dixit
882 1449 921 1492 ei
948 1467 956 1493 :
991 1448 1116 1493 Mitte
1150 1456 1192 1490 te
1220 1445 1439 1490 deorsum.

56 1535 77 1560 n
113 1518 333 1578 Scriptum
352 1527 416 1564 est
437 1520 552 1563 enim
579 1538 588 1563 :
614 1519 725 1572 Quia
747 1517 923 1578 Angelis
945 1519 1030 1562 suis
1053 1512 1278 1561 mandaxiit
1304 1516 1359 1559 de
1381 1525 1439 1570 te,

56 1607 78 1633 a
112 1598 162 1634 ut
188 1590 391 1634 manibus
426 1589 582 1635 tollant
611 1598 682 1644 te,
707 1605 762 1634 ne
786 1589 896 1634 forte
928 1588 1126 1634 offendas
1158 1587 1213 1632 ad
1251 1585 1440 1645 lapidem

58 1675 79 1700 »
113 1659 271 1719 pedem
298 1669 425 1705 tuum
453 1664 485 1704 ².
511 1661 584 1705 Ait
603 1663 727 1704 Jesus
753 1678 762 1704 :
787 1663 951 1704 Iterum
973 1660 1181 1718 scriptum
1205 1666 1268 1702 est
1289 1676 1298 1701 z
1343 1659 1441 1702 Non

57 1748 78 1772 u
112 1731 299 1776 tentabis
322 1733 558 1776 Dominum
593 1735 730 1776 Deum
758 1740 886 1775 tuum
909 1733 940 1774 ³.
975 1749 995 1771 »
1020 1729 1162 1775 Nostis
1178 1764 1188 1783 ‚
1225 1729 1405 1788 inquam
1424 1762 1434 1781 ‚

52 1800 165 1845 sicut
180 1801 382 1846 diabolus
396 1837 408 1857 ‚
428 1805 587 1860 Legem
602 1837 612 1857 ‚
638 1802 713 1863 qui
732 1803 779 1846 in
795 1802 881 1846 suis
902 1801 1134 1846 conatibus
1150 1799 1340 1844 vincitur
1355 1833 1366 1854 ‚
1393 1806 1444 1842 ut

54 1870 100 1915 in
121 1871 290 1917 actibus
310 1873 541 1918 erubescit.
571 1891 590 1914 »

111 1942 272 1988 CXIV.
293 1945 568 1989 Arausa-nvos
587 1942 810 2003 respondit
829 1962 837 1988 :
856 1947 1027 1988 Possem
1047 1940 1226 2001 quidem
1243 1953 1440 2000 quaerere

57 2009 202 2066 abste,
226 2013 273 2056 in
292 2029 379 2073 qua
403 2017 514 2071 Lege
535 2013 693 2072 scripta
714 2014 801 2057 sint
822 2013 950 2056 verba
969 2027 1069 2071 quae
1091 2010 1292 2055 diabolus
1310 2008 1436 2061 dixit,

59 2097 162 2126 cum
182 2093 380 2128 sanctum
392 2084 534 2128 virum
548 2083 634 2128 Job
654 2084 771 2142 apud
789 2086 926 2127 Deum
948 2083 1275 2138 criminaretur-3
1300 2081 1333 2124 si
1354 2080 1438 2124 hoc

60 2153 167 2196 mihi
194 2163 301 2198 esset
333 2154 602 2213 propositum
634 2153 957 2207 demonstrare,
983 2156 1142 2211 Legem
1171 2165 1301 2211 quam
1329 2149 1437 2194 dicis

57 2221 283 2268 diabolum
306 2239 453 2280 nosse,
478 2233 520 2268 te
542 2224 683 2284 ipsum
706 2238 795 2268 non
817 2238 939 2268 nosse
964 2242 974 2268 ς
1000 2223 1075 2267 sed
1097 2223 1198 2281 quia
1219 2236 1309 2265 non
1335 2219 1437 2264 inde

57 2291 170 2338 inter
184 2309 263 2340 nos
279 2295 462 2355 quaestio
483 2303 562 2349 est,
587 2295 670 2338 hoc
690 2294 988 2352 praetermitto.
1012 2292 1080 2338 Sic
1101 2301 1245 2336 autem
1257 2300 1439 2336 conatus

57 2378 102 2407 es
118 2364 351 2410 ostendere
370 2365 593 2410 diabolum
614 2365 738 2424 Legis
763 2365 977 2424 peritum3
1006 2364 1128 2424 quasi
1146 2378 1224 2406 nos
1246 2362 1440 2405 dicamus

57 2449 208 2480 omnes
223 2437 301 2496 qui
317 2436 449 2481 verba
471 2438 594 2495 Legis
611 2445 828 2481 noverunt
845 2438 983 2497 justos
1003 2450 1108 2479 esse.
1131 2433 1246 2486 Quid
1270 2447 1374 2490 ergo
1399 2440 1438 2476 te

60 2506 235 2566 adjuvet
247 2506 368 2567 quod
381 2508 436 2551 de
446 2506 621 2552 diabolo
633 2522 919 2552 commemora
927 2522 969 2549 re
980 2505 1170 2558 voluisti,
1183 2518 1271 2548 uon
1285 2503 1432 2547 video:

112 2598 120 2613 ¹
141 2591 218 2632 Job,
237 2604 262 2633 1,
283 2593 313 2625 3.
327 2599 394 2616 -2
411 2591 489 2625 Psal.
508 2603 556 2631 xc,
584 2604 632 2624 ιι.
652 2609 692 2614 -
710 2591 720 2615 ³
740 2595 831 2624 Deut.
858 2602 902 2631 vn,
921 2594 973 2630 16,
996 2595 1026 2622 et
1046 2590 1165 2622 Matth.
1189 2600 1234 2629 ιν,
1258 2589 1330 2628 5-7.

1251 2660 1289 2683 η.
