1825 3264
273 272 435 304 CONTRA
466 275 731 303 anscomuu
762 273 1052 315 υοΝΑΤιεΊ-ΔΜ,
1088 278 1171 306 1113.
1208 278 1273 305 111.
1389 264 1473 305 419

94 340 414 396 constituimur,
438 355 588 385 verum
616 341 746 385 etiam
773 341 1019 400 baptizandi
1043 342 1306 402 judicamur.
1332 344 1476 387 Ita-ne

95 409 250 467 agitis?
275 410 440 455 Siccine
463 420 622 455 cuncta
644 412 916 470 pervertitis?
945 415 1206 458 Tantum-ne
1227 428 1373 459 revera
1396 429 1477 458 vo-

95 479 163 524 bis
186 479 318 525 licere
351 481 619 526 arbitramini
638 515 649 537 ‚
673 490 723 526 ut
743 482 865 542 quod
884 482 1014 527 vultis
1035 484 1088 528 sit
1114 493 1328 539 sanctum,
1357 483 1477 544 quod

95 549 228 595 vultis
246 551 548 596 immundum?
565 553 777 598 Cohibete
793 567 886 608 vos,
908 568 998 598 non
1020 554 1252 654 proficiatis
1269 555 1314 599 in
1337 554 1475 610 malis,

97 635 153 664 ne
173 622 357 680 pereatis
381 638 404 666 a
427 622 567 666 bonis.

156 693 290 736 XLV.
314 695 422 737 Nam
443 691 553 736 illud
573 693 695 752 quod
716 692 831 738 dixi:
863 710 884 735 «
902 693 1031 746 Quod
1049 693 1082 738 si
1102 693 1157 737 de
1172 694 1480 753 persecutioni-

100 760 181 806 bus
201 763 306 819 agis‚
326 763 412 807 cito
428 763 692 822 respondeo3
712 764 747 807 si
770 762 965 823 aliquid
955 764 1104 823 inique
1125 765 1235 823 passi
1257 765 1371 819 estis,
1391 778 1483 808 non

99 831 317 890 pertinere
338 833 392 876 ad
415 848 486 877 eos
504 835 579 892 qui
605 833 703 877 talia
721 835 918 893 quamvis
940 834 1137 892 improbe
1156 833 1378 889 facientes,
1408 848 1487 893 pro

99 916 204 960 pace
221 911 367 947 tamen
388 903 564 948 unitatis
586 903 861 948 laudabiliter
882 903 1069 948 tolerant
1084 906 1114 958 ¹,
1137 922 1156 944 »
1177 919 1308 963 quam
1327 903 1490 947 fallaci-

103 980 168 1015 ter
198 971 395 1016 refellere
423 973 619 1028 voluisti‚
651 989 826 1033 prorsus
853 989 942 1018 non
972 975 1165 1032 cogitans
1194 973 1360 1018 litteras
1393 982 1490 1017 tuas

101 1041 194 1086 sani
217 1042 369 1101 capitis
391 1043 616 1087 habituras
638 1058 728 1087 esse
747 1043 971 1087 lectorem.
999 1046 1066 1087 Ita
1093 1044 1210 1086 enim
1235 1042 1487 1102 respondes,

103 1112 225 1171 quasi
247 1126 326 1170 ego
347 1111 544 1167 dixerim,
571 1114 913 1172 persecutionem
937 1113 1060 1157 vobis
1082 1128 1161 1172 pro
1183 1128 1289 1172 pace
1311 1113 1490 1157 unitatis

103 1181 197 1225 fieri
215 1181 391 1226 debere.
415 1182 545 1235 Quod
566 1181 642 1227 illo
663 1182 843 1242 quidem
864 1182 960 1227 loco
978 1198 1067 1228 non
1089 1183 1173 1228 dixi
1202 1202 1211 1228 :
1236 1182 1310 1227 sed
1332 1183 1435 1237 dixi,
1459 1182 1495 1226 si

105 1250 272 1311 aliquid
295 1252 445 1312 inique
473 1254 582 1311 passi
612 1253 733 1307 estis,
764 1268 853 1297 non
875 1255 1091 1312 pertinere
1112 1253 1167 1298 ad
1189 1268 1261 1298 eos
1289 1270 1312 1298 a
1333 1253 1494 1313 quibus

104 1320 385 1366 laudabiliter
405 1337 484 1381 pro
504 1323 682 1366 unitatis
705 1337 810 1381 pace
831 1323 1088 1377 tolerantur,
1114 1326 1215 1383 quia
1236 1323 1338 1367 talia
1355 1323 1400 1366 in
1420 1336 1499 1367 vos

106 1391 302 1452 quamvis
328 1392 526 1451 improbe
556 1392 736 1436 faciunt.
762 1392 891 1445 Quod
918 1408 1019 1437 cum
1041 1393 1306 1452 apertissime
1328 1392 1498 1437 dictum

107 1461 178 1516 sit,
220 1460 373 1506 saltem
416 1462 657 1521 expositum
698 1462 928 1506 attendant
968 1477 1078 1522 quos
1119 1462 1271 1507 fallere
1301 1462 1494 1507 voluisti.

106 1533 259 1591 Neque
281 1531 398 1575 enim
425 1540 484 1583 te,
516 1531 635 1590 quod
661 1540 747 1575 tam
777 1541 978 1590 apertum
1011 1541 1089 1587 est,
1122 1547 1212 1577 non
1239 1530 1500 1576 intellexisse

109 1601 294 1645 arbitror
319 1620 327 1646 :
353 1600 429 1644 sed
469 1601 722 1645 brevitatem
763 1601 990 1645 sententiae
1032 1616 1139 1645 meae
1172 1601 1299 1646 facile
1336 1601 1499 1661 putasti

111 1685 234 1729 posse
258 1671 303 1713 in
327 1669 554 1727 caliginem
581 1670 717 1723 mitti,
748 1669 826 1713 ubi
850 1669 1083 1729 quodlibet
1104 1669 1224 1714 aliud
1245 1669 1435 1725 diceres,
1461 1670 1502 1715 ei

110 1738 379 1799 respondisse
400 1738 618 1783 videreris.
644 1741 735 1784 Cur
758 1748 903 1783 autem
932 1738 1111 1783 dixerim
1141 1739 1276 1784 malos
1298 1755 1498 1785 commu-

111 1810 253 1854 nionis
274 1819 432 1854 nostrae
449 1843 460 1863 ‚
486 1810 569 1853 hoc
590 1817 655 1852 est
669 1843 681 1863 ,
702 1824 811 1852 areae
833 1810 1071 1853 Dominicae
1093 1809 1262 1868 paleam
1287 1830 1300 1867 3
1330 1824 1432 1854 cum
1452 1810 1500 1852 in

111 1895 188 1924 vos
208 1879 358 1938 inique
381 1887 519 1937 agunt
535 1913 546 1932 ,
571 1894 594 1922 a
617 1878 742 1922 bonis
760 1879 912 1922 nostris
928 1877 1202 1922 laudabiliter
1220 1893 1298 1937 pro
1314 1894 1420 1937 pace
1434 1887 1500 1923 to-

113 1948 239 1993 lerari
258 1983 270 2003 ,
291 1949 397 2008 quid
421 1962 529 2006 opus
557 1956 619 1990 est
652 1955 703 1990 ut
734 1947 824 2005 ipse
854 1946 1101 2001 ostendam,
1130 1948 1221 2006 ipse
1241 1947 1498 2002 defendam,

115 2033 215 2062 cum
234 2033 312 2076 pro
335 2032 403 2061 me
426 2017 578 2060 beatus
594 2016 840 2074 Cyprianus
858 2016 1121 2074 apertissime
1138 2025 1182 2060 et
1198 2015 1502 2060 candidissime

115 2087 249 2142 dicat,
274 2087 402 2131 etiam
426 2101 526 2130 cum
549 2094 790 2129 cernuntur
809 2086 853 2128 in
869 2084 1057 2129 Ecclesia
1074 2084 1193 2139 mali,
1214 2100 1303 2129 non
1323 2093 1502 2144 propter

118 2173 190 2202 eos
211 2157 448 2202 Ecclesiam
470 2154 749 2200 deserendam
776 2173 786 2199 ε
811 2155 895 2198 hoc
917 2163 996 2209 est,
1021 2153 1141 2213 quod
1163 2154 1249 2198 dixi
1271 2158 1304 2209 ²,
1330 2169 1402 2199 eos
1424 2169 1505 2213 pro

119 2228 298 2272 unitatis
329 2242 434 2287 pace
457 2226 719 2271 tolerandos.
744 2228 896 2284 Neque
915 2225 1031 2269 enim
1058 2239 1134 2269 vos
1163 2224 1349 2284 amplius
1371 2239 1506 2285 quam

121 2313 198 2343 nos
215 2307 551 2358 persequuntur,
569 2297 737 2357 quivos
759 2296 907 2355 inique
925 2304 1233 2355 persequentes
1254 2295 1361 2339 dant
1381 2295 1506 2340 vobis

120 2368 178 2414 ad
197 2369 476 2428 decipiendos
498 2369 734 2427 imperitos,
759 2366 862 2411 licet
882 2365 1035 2410 falsam
1054 2365 1384 2410 similitudinem
1405 2365 1500 2425 glo-

122 2442 214 2495 riae,
239 2440 365 2485 nobis
384 2447 530 2483 autem
551 2436 711 2482 vulnus
733 2436 898 2496 grande
919 2436 1118 2480 tristitiae.

175 2547 185 2564 ¹
212 2540 291 2573 Vide
313 2539 370 2572 lib.
391 2551 402 2572 ι
420 2543 533 2572 contra
560 2538 692 2570 Petilan.
719 2547 791 2579 cap,
819 2539 858 2570 18
890 2553 929 2559 -
950 2542 962 2559 ²
981 2537 1017 2568 In
1035 2535 1134 2579 Epist.
1159 2535 1198 2568 ad
1223 2534 1404 2568 Maximum.
1432 2537 1510 2570 Vide

129 2605 236 2639 supra,
255 2605 332 2638 cap.
356 2595 409 2628 3¹.

1265 2644 1330 2683 2⁷.
