1825 3264
281 252 444 282 comm
475 254 676 282 munius
708 254 939 292 PETtLtANI,
977 256 1056 281 Lm.
1095 255 1159 280 111.
1343 238 1420 274 179

38 319 195 380 cipalis
208 318 322 364 tradi
342 319 581 379 oportuisse
595 319 833 375 Christum,
851 321 1060 380 quoniam
1073 328 1115 364 et
1128 321 1213 364 hoc
1224 316 1419 363 similiter

38 390 348 451 prophetatum
369 398 448 433 est.

97 460 237 504 XLII.
275 459 359 505 Sed
381 459 511 519 plane
535 467 633 519 post
663 460 757 504 haec
786 458 1020 504 Petilianus
1049 459 1127 502 ubi
1149 458 1203 503 ad
1228 467 1424 502 nostrum

38 527 152 577 illud
171 530 289 575 venit
311 530 557 590 objectum,
579 529 701 590 quod
720 529 1137 575 Maximianistarum
1163 530 1424 588 baptismum

38 615 148 663 quos
188 600 501 656 damnaverant
541 610 823 661 susceperunt
853 603 867 627 1
903 621 913 647 ι
946 601 1144 661 quamvis
1197 600 1243 644 in
1294 600 1423 657 hujus

38 671 291 732 quaestionis
321 672 614 733 propositione
639 672 725 717 suis
756 671 896 717 verbis
926 687 1060 732 quam
1091 671 1195 715 meis
1218 670 1293 714 'uti
1331 685 1425 712 ma-

39 741 170 788 luerit
210 761 221 788 :
256 758 399 804 neque
429 744 545 788 enim
586 759 664 789 nos
693 742 878 788 dicimus
901 778 912 799 ,
948 743 1150 803 prodesse
1180 742 1304 786 nobis
1345 740 1425 784 de-

39 811 143 858 here
180 813 444 873 baptismum
478 823 756 874 peccatorum
776 849 787 870 ,
822 829 953 875 quem
987 829 1076 858 non
1102 811 1243 858 solum
1268 826 1417 870 pecca-

38 890 212 939 torum,
248 883 324 928 sed
359 884 582 930 nullorum
616 886 795 930 omnino
816 886 1044 930 hominum
1074 884 1284 937 dicimus,
1322 883 1423 941 quia

39 968 141 1000 eum
178 954 338 1000 Christi
377 970 466 1000 esse
499 956 798 1015 cognoscimus
835 976 844 1001 :
883 957 942 1001 ita
977 956 1140 1016 quippe
1178 954 1418 1015 proposuit.

44 1043 67 1068 α
97 1028 154 1070 At
175 1026 291 1070 enim
313 1027 588 1085 pertinaciter
617 1042 850 1082 asseveras,
875 1027 1044 1087 inquit,
1065 1026 1167 1086 quia
1196 1026 1327 1070 debet
1355 1039 1427 1069 vo-

40 1095 109 1141 bis
130 1095 333 1156 prodesse
354 1098 617 1158 baptismum
651 1108 954 1158 peccatorum,
981 1108 1209 1158 propterea
1245 1097 1348 1157 quia
1385 1106 1430 1140 et

42 1181 122 1212 nos
135 1201 145 1221 ,
167 1175 216 1211 ut
230 1167 389 1224 dixisti,
405 1184 577 1213 reorum
592 1184 701 1229 quos
711 1171 826 1229 juste
839 1168 1140 1214 damnavimus
1161 1168 1430 1227 baptismum

43 1252 365 1284 conservamus.
395 1259 415 1281 ι»
443 1241 528 1285 Ubi
547 1240 602 1285 ad
625 1241 736 1285 hanc
757 1241 1043 1300 quaestionem
1058 1241 1199 1294 venit,
1231 1248 1279 1282 ut
1311 1237 1398 1282 dixi
1416 1271 1429 1292 ,

45 1310 184 1355 omnis
206 1325 304 1354 eum
333 1311 462 1354 ctiam
495 1310 694 1354 simulata
716 1327 865 1369 pugna
897 1309 1072 1354 defecit.
1094 1314 1187 1362 Quo
1216 1309 1319 1362 iret,
1345 1323 1432 1366 qua

44 1379 207 1436 exiret,
236 1395 326 1440 quo
366 1380 489 1425 aditu
526 1389 794 1440 perscrutato
825 1393 902 1424 aut
942 1379 1094 1423 molito
1135 1378 1204 1423 vel
1230 1377 1431 1422 clanculo

45 1448 273 1506 evaderet,
302 1450 372 1495 vel
398 1453 441 1496 vi
459 1460 735 1511 erumperet,
768 1466 857 1496 non
884 1450 1065 1495 invenit.
1109 1469 1129 1492 «
1164 1449 1286 1494 Licet
1320 1449 1430 1502 hoc,

44 1520 210 1582 inquit,
235 1521 427 1568 secundo
452 1522 565 1568 libro
600 1524 922 1578 demonstrem,
947 1531 1163 1583 quantum
1192 1522 1305 1565 inter
1332 1536 1434 1565 nos-

44 1600 135 1638 tros
154 1593 323 1638 intersit
344 1603 387 1638 et
406 1602 567 1639 vestros
590 1610 699 1654 quos
720 1594 862 1639 dicitis
883 1594 1136 1639 innocentes
1158 1612 1168 1638 2
1193 1601 1339 1637 tamen
1363 1592 1431 1636 in-

44 1663 173 1709 terim
196 1679 272 1709 vos
294 1663 412 1723 prius
436 1681 461 1709 a
487 1664 751 1724 collegarum
783 1674 1025 1710 vestrorum
1053 1663 1308 1709 criminibus
1330 1679 1430 1723 quae

43 1734 179 1781 nostis
200 1735 375 1795 eripite,
396 1744 440 1780 et
464 1736 525 1781 sic
545 1735 600 1780 de
623 1736 674 1780 iis
695 1751 804 1796 quos
826 1735 1052 1797 abjicimus
1069 1735 1281 1795 exquirite
1304 1734 1431 1779 ratio-

45 1819 162 1861 nem.
194 1823 215 1846 »
250 1806 320 1851 sic
350 1805 608 1865 respondeat
637 1806 866 1867 quisquam
894 1807 1143 1860 hominum,
1168 1805 1228 1850 sic
1251 1820 1433 1864 respon·

45 1870 170 1930 deae,
190 1875 272 1921 nisi
289 1877 366 1936 qui
381 1877 551 1922 veritati
569 1876 835 1933 adversatur,
849 1886 1000 1922 contra
1015 1892 1147 1937 quam
1162 1892 1251 1920 non
1266 1875 1431 1920 invenit

46 1944 154 2006 quid
174 1947 518 2007 respondeatur?
538 1948 581 1992 Si
603 1963 705 2007 ergo
723 1957 767 1992 et
787 1963 864 1993 nos
884 1947 1038 1992 eadem
1060 1946 1190 1991 verba
1211 1945 1429 1999 dicamus,

46 2016 228 2061 Interim
243 2033 320 2062 vos
333 2018 452 2077 prius
475 2034 498 2063 a
515 2017 778 2076 collegarum
801 2027 1043 2063 vestrorum
1066 2016 1320 2061 criminibus
1334 2030 1435 2074 quae

45 2088 180 2134 nostis
202 2088 378 2148 eripite,
412 2099 455 2134 et
477 2092 537 2135 sic
558 2090 684 2134 nobis
715 2091 770 2134 de
799 2090 865 2133 his
886 2105 995 2149 quos
1021 2088 1181 2147 putatis
1210 2086 1329 2147 apud
1355 2101 1435 2130 nos

45 2157 184 2203 malos
200 2157 343 2203 ullum
357 2159 521 2204 crimen
543 2160 717 2220 objicite
738 2179 747 2205 :
770 2160 946 2220 utrique
962 2160 1167 2214 vicimus,
1189 2174 1246 2202 an
1262 2157 1436 2216 utrique

46 2228 149 2275 victi
174 2232 356 2275 sumus?
379 2233 475 2276 [mo
513 2245 615 2276 vero
652 2229 726 2274 ille
755 2231 860 2275 vicit
885 2245 962 2290 pro
990 2228 1181 2274 Ecclesia
1211 2244 1288 2273 sua
1316 2236 1359 2271 et
1386 2226 1434 2270 in

47 2299 242 2363 &eclesia
257 2316 361 2356 sua,
391 2302 468 2362 qui
495 2317 572 2348 nos
603 2302 752 2347 docuit
776 2302 822 2346 in
847 2302 1068 2361 Scriptura
1097 2315 1195 2354 sua,
1225 2309 1276 2343 ut
1300 2312 1429 2342 nemo

45 2369 317 2435 glorietur'in
333 2372 532 2427 homine,
557 2381 601 2417 et
623 2382 673 2417 ut
695 2374 772 2432 qui
799 2372 1023 2430 gloriatur,
1051 2371 1097 2415 in
1124 2370 1307 2414 Domino
1331 2366 1430 2425 glo-

41 2440 183 2498 sietur
195 2446 229 2487 ².
254 2445 365 2487 Ecce
393 2444 509 2487 enim
531 2459 609 2488 nos
626 2478 638 2497 ,
669 2445 868 2503 quicum
903 2443 1093 2487 veritatis
1121 2441 1296 2500 eloquio
1325 2437 1434 2481 dici-

40 2522 168 2572 mus,
208 2527 299 2557 non
325 2512 553 2572 justificari
584 2511 832 2558 credentem
866 2513 920 2557 ab
941 2513 1116 2557 homine
1147 2527 1169 2555 a
1197 2524 1287 2570 quo
1325 2508 1436 2566 bap-

99 2601 107 2615 ·
130 2595 207 2628 Vide
224 2605 334 2638 supra,
349 2596 407 2629 lib.
428 2608 452 2634 r,
471 2607 542 2640 cap.
564 2607 612 2629 ιο.
631 2613 671 2619 -
687 2603 698 2619 ²
722 2608 731 2628 ι
755 2599 827 2630 Cor.
849 2608 897 2637 ιιι,
918 2605 972 2634 21,
991 2601 1022 2629 et
1042 2607 1064 2638 ι,
1086 2597 1138 2627 3ι.

1189 2651 1250 2688 12.
