1825 3264
311 259 395 300 494
749 272 782 300 s.
819 270 1049 301 Aucus-run
1081 272 1262 301 amscom

309 350 485 397 quoque
516 343 558 379 te
588 335 738 393 legisse
767 336 947 381 testaris.
983 339 1091 391 Quae
1117 351 1219 382 cum
1245 336 1458 381 sententia
1479 349 1693 381 consensu

310 407 506 453 omnium
538 407 799 462 firmaretur,
840 406 1001 467 placuit
1042 417 1187 453 tamen
1216 408 1391 452 decreto
1425 407 1597 453 concilii
1625 407 1695 452 di-

308 478 513 523 lationem
530 477 734 537 temporis
746 478 855 535 dari,
871 478 983 523 intra
1001 477 1120 538 quod
1134 478 1169 522 si
1189 478 1286 539 quis
1301 479 1456 538 corrigi
1468 471 1689 534 voluisset,

309 548 516 594 innocens
553 548 800 592 baberetur.
821 567 842 590 »
867 551 970 593 Haec
997 547 1161 603 dicens,
1188 547 1344 593 siccine
1363 558 1515 594 contra
1543 557 1587 592 te
1622 548 1694 608 ip-

309 635 405 664 sum
427 635 575 664 sensus
599 618 780 675 claudis,
805 629 856 663 ut
878 635 966 664 non
992 618 1206 674 advertas,
1230 619 1352 679 quod
1377 619 1423 663 hi
1443 633 1593 664 omnes
1617 618 1695 679 qui

309 700 536 749 propterea
557 699 708 734 contra
729 705 773 734 se
795 688 896 734 ferri
925 689 1185 734 sententiam
1207 689 1380 734 concilii
1412 697 1692 744 meruerunt,

282 772 286 774 ’
309 762 410 821 quia
424 761 687 806 Maximiano
704 761 1004 815 sociabantur,
1021 770 1256 821 antequam
1278 776 1322 805 se
1339 761 1452 805 intra
1476 759 1697 805 dilationis

309 840 479 890 tempus
508 831 773 890 corrigerent
796 866 807 886 ,
840 831 885 875 in
918 830 1070 875 eodem
1103 831 1332 875 schismate
1364 830 1697 875 consistebant?

311 902 376 946 Ibi
399 918 503 961 ergo
538 902 667 946 etiam
710 903 1000 961 baptizabant.
1045 902 1235 947 Obsecro
1268 911 1311 946 te
1326 937 1338 957 ,
1377 902 1482 962 quid
1520 901 1696 945 inanem

309 972 535 1031 caliginem
558 974 792 1033 perspicuis
810 974 936 1017 rebus
955 974 1164 1032 aspergis,
1190 988 1322 1032 quam
1348 987 1494 1016 rursus
1518 980 1696 1016 tuorum

307 1043 542 1087 verborum
564 1059 653 1087 non
675 1044 841 1088 minore
864 1043 1170 1103 perspicuitate
1191 1042 1432 1102 dispergis?
1455 1042 1560 1087 Dico
1580 1042 1698 1086 enim

309 1116 617 1157 Praetextatum
638 1122 682 1157 et
704 1113 970 1158 Felicianum
992 1114 1243 1158 Maximiani
1265 1113 1553 1169 ordinatores,
1577 1113 1625 1157 in
1645 1126 1698 1157 eo

307 1183 427 1243 quod
448 1185 760 1228 commiserunt
774 1219 785 1239 ,
809 1183 1019 1243 sacrilego
1034 1184 1264 1229 schismate
1292 1185 1548 1244 baptizasse,
1572 1192 1617 1228 et
1638 1183 1694 1228 ab

307 1255 364 1298 eis
386 1255 623 1314 baptizatos
644 1270 745 1299 cum
762 1255 821 1298 eis
843 1270 932 1299 esse
954 1263 1174 1313 susceptos
1190 1289 1202 1309 ,
1228 1270 1318 1299 non
1341 1255 1516 1299 rescisso
1539 1253 1697 1313 baptis·

307 1334 421 1369 mate
434 1326 554 1385 quod
569 1325 613 1369 in
623 1326 850 1369 schismate
872 1325 1101 1380 dederant,
1121 1324 1243 1384 quod
1263 1325 1458 1384 sacrilegi
1475 1325 1697 1369 ministra-

309 1405 476 1449 verant,
518 1396 636 1455 quod
665 1412 739 1441 ore
771 1395 1076 1441 maledictione
1107 1395 1268 1455 pleno,
1299 1396 1419 1456 quod
1456 1395 1567 1440 labis
1595 1409 1698 1440 cum

309 1482 477 1510 veneno
500 1466 697 1526 aspidum
721 1475 1092 1512 consecraverant.
1127 1465 1244 1511 Talia
1271 1468 1435 1527 quippe
1463 1467 1509 1509 in
1529 1480 1604 1510 cos
1631 1464 1700 1509 di-

310 1547 486 1592 cuntur,
507 1553 644 1597 eaque
660 1539 869 1584 sententia
893 1552 1028 1599 quam
1048 1537 1094 1582 in
1115 1552 1188 1582 eos
1200 1552 1350 1582 omnes
1373 1536 1587 1597 prolatam
1607 1549 1699 1580 esse

310 1624 398 1653 non
421 1623 565 1666 negas.

368 1680 597 1721 XXXVII.
638 1678 717 1722 Hic
743 1687 789 1721 tu
810 1677 1044 1736 respondes
1070 1696 1080 1722 :
1117 1696 1138 1719 «
1165 1676 1295 1730 Quod
1323 1692 1413 1722 non
1436 1675 1580 1722 solum
1610 1674 1700 1720 duo

309 1747 378 1791 isti
400 1764 509 1808 quos
532 1763 740 1803 memoro,
766 1747 841 1792 sed
874 1748 1005 1792 etiam
1027 1748 1153 1791 multi
1177 1747 1249 1791 alii
1272 1749 1445 1807 purgati
1465 1757 1597 1807 atque
1627 1746 1700 1790 in·

310 1828 515 1862 nocentes
539 1819 650 1862 intra
672 1818 788 1862 diem
809 1817 1028 1862 dilationis
1050 1833 1094 1861 se
1115 1818 1319 1862 Ecclesiae
1340 1817 1643 1862 reddiderunt.
1674 1833 1696 1857 η

311 1889 408 1940 Quo
424 1888 558 1933 verbo
581 1903 649 1932 me
670 1887 845 1948 adjuvas
864 1923 874 1942 ,
903 1903 992 1948 quo
1022 1888 1156 1932 verbo
1175 1903 1346 1932 mecum
1368 1889 1516 1933 asseris
1538 1887 1699 1932 verita-

315 1966 421 2012 tem,
440 1958 760 2018 caliginemque
783 1958 900 2002 illam
924 1973 1055 2018 quam
1079 1959 1304 2002 conabaris
1319 1957 1551 2003 offundere
1572 1992 1583 2008 ,
1608 1956 1700 2001 dis-

313 2029 437 2072 cutis.
465 2031 577 2073 Cum
595 2030 710 2072 enim
732 2029 838 2072 dicis
860 2044 931 2072 cos
953 2043 997 2072 se
1031 2027 1234 2072 Ecclesiae
1264 2027 1522 2082 reddidisse,
1547 2025 1702 2087 procul

312 2100 449 2144 dubio
462 2099 606 2144 fateris
625 2115 696 2144 eos
712 2109 830 2143 extra
846 2099 1080 2144 Ecclesiam
1094 2097 1334 2144 fuisse.Ubi
1349 2114 1453 2158 ergo
1466 2107 1702 2158 antequam

314 2186 356 2214 se
391 2171 591 2215 Ecclesiae
621 2170 869 2225 redderent,
901 2170 1081 2216 suerunt
1097 2205 1108 2225 ,
1129 2171 1190 2214 ibi
1212 2171 1574 2230 baptizaverunt:
1598 2182 1703 2226 ergo

314 2250 431 2285 extra
453 2240 689 2285 Ecclesiam
713 2241 926 2300 baptisma
957 2241 1188 2284 dederunt.
1216 2240 1283 2284 Ab
1305 2241 1387 2284 hoc
1408 2236 1703 2298 inexplicabili
1745 2254 1755 2261 ⁶

315 2310 638 2370 implicamento
655 2310 761 2356 dum
781 2319 825 2354 te
847 2311 1013 2354 conaris
1035 2310 1259 2365 evolvere,
1283 2326 1428 2354 rursus
1451 2308 1699 2354 involveris·

321 2400 336 2419 a
369 2381 475 2424 Dicis
493 2381 607 2424 enim
631 2380 729 2425 ideo
753 2396 904 2425 eorum
928 2381 1139 2439 baptisma
1162 2395 1251 2424 non
1269 2380 1470 2424 debuisse
1493 2377 1700 2434 rescindi,

315 2451 416 2508 quia
439 2452 551 2495 intra
579 2450 694 2495 diem
719 2451 1008 2511 praestitutum
1044 2451 1231 2495 restituti
1253 2485 1264 2505 ,
1292 2450 1579 2510 peremptoria
1601 2464 1703 2493 sen-

314 2521 450 2564 tentia
472 2537 561 2565 non
592 2531 859 2565 tenerentur.
891 2541 909 2563 »
937 2521 1167 2574 Quomodo
1191 2536 1292 2578 ergo
1314 2521 1440 2575 dicis,
1467 2530 1568 2565 ante
1583 2519 1702 2564 diem

318 2590 598 2634 restitutionis
622 2607 711 2635 non
742 2592 873 2636 fuisse
901 2593 956 2636 ab
980 2591 1171 2636 Ecclesia
1194 2602 1412 2650 separatos
1430 2625 1441 2646 ,
1465 2606 1575 2650 quos
1602 2598 1704 2635 aute
