1825 3264
306 275 470 305 counit
503 273 706 304 LITTERAS
738 262 1090 313 rmimAMJhB.
1130 280 1175 304 11.
1352 267 1432 303 113

51 343 403 404 regalibus?Non
424 350 516 387 erat
537 343 614 403 qui
635 341 673 386 ei
691 342 855 387 diceret
868 360 876 386 :
889 341 1034 387 Audes
1057 358 1132 402 per
1146 342 1304 387 milites
1318 358 1434 403 quae·

50 430 144 460 rere
165 414 410 469 tuitionem,
435 428 535 459 cum
561 413 771 458 Dominus
788 421 890 457 tuus
912 427 988 471 per
1007 428 1078 457 eos
1104 414 1263 459 ductus
1293 413 1346 458 sit
1381 413 1437 458 ad

37 482 292 548 :passionem
322 487 340 530 P
371 485 580 531 Nondum
602 493 724 529 erant
744 484 821 529 ista
843 483 1150 540 deliramenta,
1181 485 1258 530 sed
1284 494 1437 531 contra

44 556 144 601 haec
165 555 310 600 {utura
324 556 413 616 jam
431 565 536 600 tunc
553 554 625 599 illa
645 554 909 615 parabantur
926 553 1137 613 exempla.

108 627 283 672 CCVII.
323 626 569 679 Quinetiam
600 625 850 670 terribiliter
880 640 1125 685 proponere
1157 640 1286 670 ausus
1314 640 1357 670 es
1393 636 1437 670 et

48 696 194 741 dicere
221 715 231 742 :
260 715 280 739 «
303 696 387 742 Sed
407 706 457 741 ut
477 705 634 742 caetera
658 705 820 741 taceam
835 731 846 751 ,
870 696 916 740 in
938 696 1089 740 vestris
1114 696 1322 756 exemplis
1359 697 1438 740 ad-

49 767 202 812 vertite
223 801 235 822 ,
270 766 552 826 imperatores
573 782 704 827 quam
728 767 874 826 plures
902 782 951 811 ac
971 765 1136 826 judices
1157 776 1322 812 vestros
1345 783 1441 826 per-

51 838 316 883 secutionem
334 838 461 882 nobis
487 837 688 882 faciendo
714 838 901 898 periisse.
926 856 946 878 »
975 839 1068 881 Hoc
1088 837 1135 880 in
1157 838 1352 896 Epistola
1369 848 1443 883 tua

50 923 151 954 cum
173 907 390 966 legissem,
419 908 704 953 intentissime
726 907 1008 969 expectabam
1027 908 1135 967 quid
1157 908 1351 953 dicturus
1365 945 1376 964 ,
1402 920 1444 954 et

50 994 160 1040 quos
193 987 526 1023 enumeraturus
553 995 662 1024 esses
689 999 697 1024 ε
723 995 823 1023 cum
849 994 949 1024 ecce
979 979 1086 1022 mihi
1107 1013 1119 1034 ,
1157 981 1279 1039 quasi
1313 981 1446 1026 relin-

50 1049 254 1110 quendo,
279 1049 448 1109 coepisti
471 1065 813 1095 commemorare
850 1052 1065 1095 Neronem
1081 1084 1092 1105 ,
1116 1051 1413 1096 Domitianum
1431 1088 1442 1108 ,

52 1122 284 1181 Trajanum
301 1155 312 1175 ,
338 1122 490 1166 Getam
507 1155 518 1176 ,
545 1122 722 1166 Decium
735 1157 746 1176 ,
766 1121 1046 1165 Valerianum
1060 1159 1071 1178 ,
1098 1121 1413 1167 Diocletianum
1432 1159 1442 1178 ,

50 1191 379 1236 Maximianum.
411 1194 566 1236 Fateor
592 1191 738 1251 plures
756 1206 846 1235 esse
877 1210 886 1235 :
913 1192 986 1236 sed
1018 1202 1067 1236 tu
1097 1209 1272 1252 prorsus
1294 1204 1446 1239 contra

52 1276 161 1321 quos
189 1261 382 1320 loquaris
398 1296 410 1316 ,
434 1261 598 1306 oblitus
621 1277 678 1305 es.
708 1263 863 1306 Nonne
885 1262 953 1306 isti
984 1278 1134 1308 omnes
1167 1265 1326 1322 Pagani
1350 1264 1447 1308 fue-

50 1340 182 1386 runt,
208 1340 251 1374 et
280 1331 578 1374 universaliter
601 1331 886 1374 christianum
917 1347 1079 1375 nomen
1110 1349 1190 1391 pro
1212 1335 1298 1378 suis
1320 1334 1447 1378 idolis

50 1401 267 1463 persecuti
281 1402 418 1446 sunt?
441 1399 609 1459 Evigila
632 1415 761 1459 ergo:
787 1415 889 1445 nam
909 1401 979 1445 isti
1002 1404 1321 1448 communionis
1340 1419 1449 1448 nos-

51 1479 132 1517 trae
154 1487 243 1517 non
267 1471 464 1526 fuerunt,
486 1470 698 1515 unitatem
720 1471 875 1529 ipsam,
902 1470 966 1515 vel
987 1471 1105 1516 undo
1127 1489 1222 1528 nos,
1244 1474 1356 1518 sicut
1373 1489 1449 1519 vos

51 1543 215 1604 putatis
235 1563 248 1601 3
271 1540 341 1586 vel
360 1540 478 1586 unde
497 1541 723 1602 vos,·sicut
743 1542 940 1586 Christus
962 1541 1105 1598 docet,
1128 1544 1286 1600 existis,
1313 1554 1448 1590 totam

50 1613 443 1675 persequebantur.
471 1616 536 1657 Tu
558 1622 703 1657 autem
728 1628 1015 1673 proposueras
1033 1617 1262 1660 ostendere
1282 1626 1449 1661 nostros

53 1684 334 1744 imperatores
357 1700 406 1729 ac
433 1684 603 1744 judices
624 1686 969 1742 persecutionem
994 1687 1115 1729 vobis
1146 1684 1346 1731 faciendo
1372 1703 1448 1746 pe-

54 1755 188 1800 riisse.
213 1758 281 1800 An
301 1769 382 1799 nec
406 1763 455 1798 tu
484 1754 614 1813 exigis
639 1763 687 1799 ut
710 1755 811 1800 istos
834 1765 1155 1815 computemus,
1191 1758 1295 1817 quia
1318 1758 1451 1803 relin-

55 1837 194 1886 quens
229 1840 301 1870 eos
330 1825 679 1870 commemorasti
707 1825 855 1870 dicens
879 1844 888 1870 :
918 1844 937 1868 «
964 1828 1020 1871 Ut
1042 1827 1288 1887 relinquam
1310 1832 1448 1875 Nero-

56 1911 157 1941 nem
178 1915 187 1942 z
215 1915 237 1938 »
261 1905 305 1941 et
319 1899 401 1941 sub
418 1895 498 1941 ista
516 1896 740 1941 relictione
758 1912 836 1956 per
857 1906 1035 1942 caeteros
1053 1900 1282 1945 cucurristi
1299 1902 1317 1944 P
1334 1902 1450 1954 Quid

54 1981 166 2026 opus
183 1965 268 2011 fuit
287 1981 391 2025 ergo
407 1976 458 2011 ut
476 1976 925 2012 commemorarentur
943 1967 997 2011 ad
1015 1984 1105 2012 rem
1123 1985 1211 2014 non
1230 1971 1451 2028 pertinen-

56 2039 150 2081 tes?
174 2035 259 2082 Sed
280 2036 387 2097 quid
404 2035 459 2080 ad
473 2039 568 2080 me?
584 2039 680 2081 Jam
698 2037 799 2082 istos
818 2046 964 2082 tecum
987 2038 1212 2099 relinquo:
1233 2056 1351 2085 nunc
1366 2040 1449 2085 sal-

0 2152 1 2160 ,
56 2113 146 2150 tem
164 2106 404 2166 procedant
424 2106 492 2149 isti
512 2121 622 2165 quos
643 2105 874 2164 promisisti
896 2123 1029 2167 quam
1051 2107 1212 2168 plures.
1234 2110 1321 2155 Nisi
1335 2111 1450 2155 forte

56 2186 285 2236 propterea
311 2191 400 2222 non
426 2177 732 2233 inveniuntur,
756 2179 857 2238 quia
880 2193 952 2224 eos
979 2179 1153 2238 periisse
1175 2181 1335 2225 dixisti.

56 2272 66 2278 -
117 2248 312 2293 CCVIII.
340 2247 539 2306 Sequeris
552 2248 666 2291 enim
680 2249 788 2308 J‘am,
807 2258 851 2293 et
870 2250 1092 2309 episcopos
1109 2252 1322 2307 nominas,
1340 2269 1448 2312 quos

56 2317 117 2365 ‘de
130 2318 363 2363 traditione
378 2317 579 2363 codicum
597 2318 742 2364 soletis
759 2334 955 2378 arguere.
979 2323 1040 2365 De
1054 2322 1214 2381 quibus
1226 2332 1267 2367 et
1283 2340 1360 2368 nos
1381 2340 1449 2368 so-

59 2386 200 2434 lemus
220 2388 481 2448 respondere
502 2408 512 2435 :
535 2392 623 2434 Aut
641 2405 728 2434 non
747 2390 955 2449 probatis,
978 2399 1021 2434 et
1037 2390 1091 2435 ad
1110 2393 1328 2437 neminem
1349 2409 1448 2452 per-

0 2494 3 2518 :
56 2457 172 2502 tinet
192 2480 203 2514 ς
236 2468 311 2502 aut
332 2459 523 2517 probatis
542 2494 551 2511 ,
593 2468 635 2502 et
659 2460 714 2503 ad
736 2475 812 2504 nos
835 2475 922 2504 non
944 2461 1146 2520 pertinet.
1185 2464 1314 2506 Suam
1334 2463 1447 2507 enim

0 2561 5 2590 3
57 2529 270 2573 sarcinam
292 2529 594 2587 portaverunt,
619 2529 686 2572 vel
712 2529 892 2584 bonam,
916 2530 984 2573 vel
1007 2530 1162 2573 malam
1190 2549 1199 2575 ε
1226 2540 1268 2575 et
1288 2532 1448 2578 bonam

62 2594 241 2658 Quidem
261 2599 505 2655 credimus,
529 2599 604 2643 sed
635 2598 945 2659 qualemlibet,
982 2608 1125 2644 tamen
1154 2615 1274 2646 suam
1303 2619 1313 2646 .·
1340 2605 1450 2649 sicut

256 2679 442 2709 cxxxix.
1240 2673 1264 2711 8
