1825 3264
337 261 416 299 408
760 269 791 292 s.
830 263 1055 290 AueusTffli
1093 263 1269 288 ενιεεοιη

330 336 549 380 inimicum
573 367 583 386 ,
608 333 717 375 sicut
740 329 940 383 volebat,
961 326 1225 372 concordare
1256 341 1343 370 non
1365 325 1520 384 potuit.
1555 326 1714 381 Egerat

327 420 429 450 sane
455 405 539 447 hoc
573 401 691 460 apud
713 399 898 456 collegas
920 399 1011 458 ejus
1035 397 1168 456 magis
1191 394 1440 440 terribiliter
1457 429 1467 448 ,
1492 409 1546 437 ne
1569 394 1713 438 omnia
1780 395 1781 409 ¹

326 474 544 536 proderet,
570 485 700 532 quam
719 468 991 528 suppliciter,
1016 476 1066 511 ut
1083 467 1253 510 veniam
1277 474 1529 509 mereretur.

388 545 596 589 XXXIII.
623 544 688 585 Ex
718 539 833 584 illius
859 539 1015 599 judicii
1044 538 1183 582 Gestis
1225 537 1318 581 haee
1353 551 1489 596 pauca
1521 535 1718 594 interpo-
1780 501 1783 522 l

329 616 392 660 sui
415 634 423 658 z
449 617 511 671 (5)
538 632 555 652 «
598 611 886 657 Constantino
915 608 1105 653 Maximo
1137 611 1335 665 Augusto
1368 615 1410 649 et
1431 605 1717 650 Constantino

322 685 498 746 juniore
520 682 787 726 nobilissimo
809 682 977 725 Caesare
1000 677 1268 732 consulibus,
1296 676 1445 720 Idibus
1467 675 1716 720 Decembris

328 772 378 801 ex
408 764 496 799 tota
518 752 790 798 Mociaeiensi
813 749 994 795 inducto
1018 758 1060 793 et
1078 747 1282 807 applicito
1304 746 1476 791 Victore
1499 759 1715 805 gramma-

328 827 431 880 tico,
458 833 625 868 astante
653 823 779 866 etiam
803 819 1074 865 Nundinario
1107 819 1308 871 diacono,
1336 816 1600 876 Zenophilus
1616 831 1717 860 con-

327 895 477 940 sularis
499 894 622 947 dixit,
645 893 751 945 Quis
774 891 968 935 vocaris?
991 887 1249 948 Respondit,
1272 887 1433 930 Victor.
1460 905 1479 927 »
1506 889 1561 929 Et
1585 886 1717 945 paulo

327 975 423 1027 post
441 965 524 1008 alio
548 964 644 1008 loco
671 982 679 1006 :
710 982 728 1003 «
756 961 1049 1006 Nundinarius
1074 958 1321 1017 respondit,
1348 960 1570 1015 Legantur
1603 966 1712 1001 acta.

331 1033 595 1093 Zenophilus
612 1031 848 1076 consularis
870 1031 976 1073 dixit
995 1049 1002 1074 ;
1024 1033 1257 1087 Legantur.
1278 1030 1332 1071 Et
1348 1026 1454 1085 legit
1470 1025 1717 1071 Nundinius
1784 1037 1785 1043 ¹
1807 1026 1810 1034 '

327 1115 529 1164 exceptor
556 1123 564 1148 :
585 1102 855 1147 Diocletiano
878 1102 1009 1145 octies
1033 1109 1075 1143 et
1099 1099 1362 1143 Maximiano
1380 1097 1535 1156 septies
1557 1112 1717 1142 consu-

328 1177 460 1229 libus,
488 1172 834 1233 quarto-decimo
851 1169 1071 1214 Kalendas
1094 1169 1231 1223 Junii,
1253 1168 1418 1211 exactis
1432 1168 1616 1211 Munatii
1635 1170 1719 1211 Fe-

325 1248 416 1291 licis
454 1245 640 1289 flaminis
669 1243 869 1303 perpetui
901 1242 1111 1285 curatoris
1149 1240 1344 1285 Coloniae
1374 1239 1580 1284 Cirtensis
1617 1255 1717 1283 cum

327 1327 509 1362 ventum
547 1325 654 1359 esset
673 1315 726 1358 ad
748 1314 927 1358 domum
950 1314 995 1356 in
1016 1329 1101 1372 qua
1125 1312 1358 1356 Christiani
1375 1310 1714 1364 conveniebant,

329 1388 451 1432 Felix
473 1387 632 1430 flamen
648 1394 884 1444 perpetuus
899 1393 1072 1428 curator
1093 1382 1228 1427 Paulo
1242 1382 1444 1441 episcopo
1462 1381 1570 1424 dixit
1588 1401 1595 1425 :
1617 1384 1720 1425 Pro-

330 1459 437 1502 ferte
470 1459 700 1516 scripturas
730 1456 861 1514 legis,
888 1456 985 1498 etsi
1014 1453 1121 1514 quid
1147 1452 1265 1497 aliud
1296 1453 1362 1495 hic
1392 1452 1576 1505 habetis,
1605 1461 1653 1495 ut
1675 1460 1718 1495 et

326 1537 544 1588 praecepto
579 1537 621 1570 et
651 1527 833 1587 jussioni
871 1540 1018 1584 parcre
1062 1524 1243 1583 possitis.
1291 1522 1452 1566 Paulus
1490 1522 1718 1580 episcopus

329 1599 461 1643 dixit:
486 1599 725 1655 Scripturas
747 1596 928 1640 lectores
948 1595 1133 1649 liabent,
1161 1592 1236 1638 sed
1260 1608 1336 1637 nos
1359 1591 1564 1652 quodhie
1581 1592 1720 1635 habe-

330 1683 442 1721 mus,
469 1667 637 1710 damus.
666 1666 785 1709 Felix
808 1667 965 1709 flamen
989 1674 1224 1724 perpetuus
1242 1672 1416 1707 curator
1433 1662 1541 1706 dixit
1564 1661 1715 1717 Paulo,

330 1735 521 1780 Ostende
553 1735 759 1789 lectores,
796 1744 870 1777 aut
908 1734 1031 1778 mitte
1075 1734 1128 1776 ad
1162 1732 1271 1777 illos.
1310 1732 1469 1776 Paulus
1493 1732 1719 1791 episcopus

331 1806 438 1850 dixit
457 1825 465 1850 2
490 1807 651 1849 Omnes
674 1803 946 1862 cognoscitis.
968 1803 1088 1847 Felix
1112 1803 1270 1846 flamen
1287 1811 1522 1862 perpetuus
1545 1812 1719 1846 curator

330 1876 466 1921 dixit:
491 1878 589 1921 Non
619 1890 690 1918 eos
722 1874 937 1918 novimus.
980 1873 1136 1917 Paulus
1169 1873 1395 1932 episeopus
1430 1871 1536 1916 dixit
1558 1892 1566 1916 ε
1588 1873 1718 1917 Novit

326 1947 532 1990 Ossicium
554 1944 777 2004 publicum
795 1979 806 1998 ,
840 1943 884 1987 id
907 1954 970 1987 est
995 1943 1177 1987 Edesius
1203 1952 1245 1986 et
1269 1944 1426 1987 Junius
1450 1953 1713 2002 exceptores.

327 2017 446 2061 Felix
468 2018 627 2061 flamen
645 2024 881 2075 perpetuus
899 2024 1072 2059 curator
1089 2014 1214 2068 dixit,
1241 2016 1447 2058 Manente
1471 2014 1637 2057 ratione
1663 2013 1718 2056 de

327 2087 562 2132 lectoribus
577 2102 685 2146 quos
705 2085 961 2130 monstrabit
983 2085 1204 2139 Oflieium,
1232 2094 1275 2129 et
1298 2100 1373 2128 vos
1397 2084 1516 2143 quod
1539 2085 1609 2127 hic
1636 2084 1715 2127 ha-

327 2159 437 2202 betis
456 2157 571 2201 date.
593 2157 778 2202 Sedente
798 2156 932 2200 Paulo
955 2156 1171 2215 episeopo,
1191 2164 1234 2199 et
1251 2158 1461 2199 Montano
1479 2164 1522 2198 et
1543 2155 1717 2198 Victore

329 2228 383 2273 de
420 2227 608 2273 Castello
639 2237 681 2271 et
708 2227 918 2272 Memorio
948 2228 1232 2285 presbyteris,
1265 2235 1431 2269 astante
1456 2229 1593 2269 Marte
1615 2240 1714 2269 curn

329 2297 459 2352 AElio,
484 2307 527 2341 et
543 2301 681 2342 Marte
711 2297 911 2351 diacono,
938 2297 1185 2356 proferente
1217 2295 1470 2350 Marcuclio,
1490 2295 1712 2350 Catulino,

331 2379 374 2413 et
398 2369 586 2426 Sylvano
604 2379 646 2412 et
669 2371 829 2413 Caroso
851 2368 1140 2423 subdiaconis,
1166 2377 1209 2411 et
1236 2368 1458 2421 Januario,
1485 2367 1715 2421 Marculio,

332 2443 596 2495 Fructuoso,
628 2440 857 2498 Miggene,
888 2440 1146 2494 Saturnino,
1169 2439 1343 2482 Victore
1379 2438 1637 2491 Samsurico,
1672 2447 1715 2481 et

330 2511 493 2553 caeteris
507 2510 760 2565 fossoribus,
776 2520 925 2555 contra
939 2511 1151 2555 scribente
1165 2510 1337 2554 Victore
1353 2508 1513 2553 Aufidii
1528 2509 1572 2551 in
1586 2508 1714 2551 breve

330 2577 404 2630 sic,
423 2578 585 2622 Calices
609 2579 697 2624 duo
721 2580 856 2635 aurei,
879 2583 986 2625 Item
1004 2580 1155 2625 calices
1173 2595 1243 2625 sex
1269 2579 1475 2638 argentei,
1491 2588 1533 2623 et
1557 2586 1711 2622 caetera

1776 0 1781 211 ῐ

1815 3239 1823 3264 ³.
