1825 3264
317 274 401 314 364
759 285 791 310 s.
828 283 1056 310 aucus-run
1089 283 1267 310 muscum

317 351 476 411 quibus
507 358 650 409 potest
681 348 928 392 viventibus
960 357 1003 392 et
1033 347 1266 392 scientibus
1290 347 1535 406 subveniri,
1570 357 1618 391 ut
1646 348 1704 392 eis

317 420 416 466 solis
432 436 521 465 non
535 420 695 474 obsint,
715 419 791 479 qui
806 419 873 463 vel
888 420 1144 478 ignorantur
1160 418 1227 462 vel
1246 427 1346 462 ante
1359 416 1554 463 defuncti
1572 427 1698 473 sunt,

317 502 366 536 ut
389 491 671 536 manifestatis
694 501 843 551 postea.
870 490 991 534 malis
1015 489 1355 548 baptizatoribus
1377 489 1463 533 suis
1481 491 1570 549 jam
1594 490 1695 548 bap-

317 563 435 607 tizari
459 579 548 608 non
576 563 756 622 possint.
790 561 1035 620 Baptizate,
1066 561 1245 621 inquam
1263 595 1273 615 ,
1300 560 1474 619 prodito
1502 559 1699 604 adultero

317 644 449 694 atque
469 635 676 678 damnato
692 668 702 686 ‚
728 648 836 693 quos
860 632 914 675 ab
938 648 990 676 eo
1017 647 1117 676 cum
1146 632 1328 686 lateret,
1356 631 1595 689 baptizatos
1616 645 1706 675 esse

317 705 558 750 constiterit
586 724 594 748 :
621 720 643 748 a
669 712 844 748 mortuo
869 704 1030 763 quippe
1060 703 1265 762 baptizati
1291 710 1417 756 sunt,
1446 717 1709 762 omnemque

317 785 588 835 peccatorem
608 775 698 818 sine
715 773 804 818 ulla
821 775 1074 833 exceptione
1090 772 1422 831 intelligendum
1441 787 1530 817 esse
1547 772 1705 827 dixisti,

317 847 392 906 qui
414 847 630 905 baptizare
652 861 739 889 non
758 846 906 904 possit,
931 845 1209 905 adjungendo
1227 844 1520 888 testimonium
1540 843 1594 887 de
1610 843 1707 888 olco

317 917 568 977 peccatoris
591 919 655 959 Tu
671 915 829 970 dixisti,
853 924 901 959 tu
923 916 1125 974 scripsisti
1151 934 1159 959 :
1190 915 1387 973 teipsum
1407 913 1524 961 audi,
1546 912 1641 972 lege
1663 921 1706 957 te

317 988 473 1047 ipsum.
504 987 546 1031 Si
578 987 717 1030 omnis
749 995 951 1043 peccator
979 996 1188 1045 tanquam
1225 993 1423 1028 mortuus
1456 999 1544 1027 non
1566 992 1708 1042 potest

322 1059 562 1116 baptizare,
589 1071 669 1099 nec
690 1055 888 1099 occultus
912 1065 1071 1115 potest.
1106 1057 1200 1100 Non
1224 1055 1340 1099 enim
1362 1054 1464 1114 quia
1487 1053 1706 1109 occultus,

317 1130 416 1172 ideo
449 1129 571 1172 vivus
596 1137 657 1172 cst
676 1149 686 1184 3
707 1143 807 1172 cum
830 1127 971 1172 multo
989 1127 1251 1187 profundius
1269 1128 1397 1171 etiam
1414 1124 1640 1170 mendacio
1654 1126 1711 1170 si-

320 1199 571 1243 mulationis
595 1199 821 1258 absorptus
849 1199 916 1243 sit.
943 1199 1088 1243 Minus
1111 1199 1227 1242 enim
1255 1207 1454 1243 mortuus
1477 1198 1707 1252 diceretur,

319 1271 352 1314 si
376 1271 527 1315 saltem
551 1271 846 1315 confiteretur.
877 1269 960 1314 Sed
980 1271 1028 1314 fit
1050 1270 1095 1313 in
1113 1269 1189 1314 illo
1211 1264 1331 1330 quod
1354 1268 1437 1313 alio
1460 1268 1557 1313 loco
1575 1269 1710 1327 scrip-

319 1351 409 1385 tum
433 1351 496 1385 est
516 1363 527 1399 3
558 1360 576 1382 «
595 1345 631 1385 Α
647 1350 820 1385 mortuo
841 1340 963 1384 velut
979 1341 1055 1399 qui
1078 1355 1166 1384 non
1185 1342 1253 1394 sit,
1278 1339 1390 1398 perit
1404 1337 1660 1383 confessio¹.
1686 1357 1706 1379 »

320 1413 385 1456 Ab
408 1413 488 1456 isto
508 1420 680 1456 mortuo
695 1412 737 1455 in
754 1420 873 1455 tanta
889 1411 1038 1455 mortis
1052 1411 1351 1470 profunditate
1366 1409 1579 1464 demerso,
1599 1425 1709 1469 quos

318 1483 556 1542 baptizatos
580 1498 670 1526 esse
689 1482 910 1536 claruerit,
931 1497 1019 1526 non
1044 1481 1317 1540 rebaptizatis
1343 1499 1350 1525 :
1377 1489 1419 1523 et
1442 1480 1497 1523 ab
1519 1480 1578 1523 eis
1600 1480 1710 1539 bap-

320 1553 469 1598 tizatos
484 1590 494 1608 ,
516 1554 592 1614 qui
612 1553 655 1596 in
675 1549 835 1596 ultimis
859 1553 982 1597 terris
1003 1568 1082 1597 nec
1104 1551 1351 1606 Caeciliani,
1376 1566 1455 1595 nec
1477 1551 1677 1610 Major-ini
1693 1586 1703 1606 ‚

319 1639 398 1667 nec
413 1625 568 1667 Donati
587 1639 746 1667 nomen
766 1623 998 1667 audierunt
1013 1623 1280 1681 rebaptizare
1297 1623 1329 1665 si
1345 1621 1513 1681 possitis
1529 1621 1707 1665 minime

319 1695 543 1748 dubitatis,
565 1694 819 1752 objicientes
838 1693 912 1746 eis,
937 1712 956 1735 «
977 1693 1061 1746 Qui
1081 1693 1325 1751 baptizatur
1347 1708 1370 1736 a
1388 1701 1579 1747 mortuo,
1600 1692 1707 1751 quid

322 1784 342 1806 »
369 1766 403 1809 ei
430 1764 604 1824 prodest
628 1764 784 1808 lavatio
807 1765 959 1823 cjus‘2?
990 1782 1010 1804 υ
1043 1773 1236 1807 mortuos
1278 1762 1469 1806 dicentes
1509 1763 1562 1807 ad
1599 1778 1708 1823 quos

321 1836 522 1880 Afrorum
549 1835 806 1879 cadaverum
824 1870 834 1889 ,
874 1834 1171 1894 quorumlibet
1197 1834 1268 1878 itta
1293 1833 1480 1887 fuerint,
1503 1848 1581 1876 nec
1604 1849 1707 1877 aura

319 1908 460 1967 potuit
479 1907 728 1966 pervenire,
750 1915 792 1950 et
810 1915 1031 1950 mortuum
1052 1920 1139 1949 non
1156 1914 1375 1963 putantes,
1392 1904 1467 1963 qui
1483 1903 1707 1963 proprium

320 1977 688 2036 potcstoccultare
704 1976 913 2034 flagitium
928 1997 938 2033 3
953 1990 1053 2020 cum
1072 1975 1291 2033 Scriptura
1304 1973 1477 2027 clamet,
1503 1992 1523 2015 «
1542 1977 1578 2017 Α
1593 1988 1706 2017 mor-

322 2067 341 2089 »
369 2058 445 2093 tuo
469 2048 587 2091 velut
602 2048 680 2107 qui
709 2063 796 2091 non
813 2047 866 2090 sit
883 2046 993 2105 perit
1012 2045 1240 2090 confessio.
1263 2063 1283 2085 »
1304 2047 1453 2088 Ita-ne
1469 2043 1568 2103 quia
1582 2045 1707 2087 fictus

319 2129 397 2173 cst,
425 2129 621 2163 mortuus
652 2134 741 2162 non
757 2120 848 2161 cst‘?
874 2133 972 2162 cum
993 2117 1126 2175 magis
1139 2115 1466 2174 propteripsam
1487 2115 1707 2159 fictionem

319 2189 507 2234 carendo
531 2189 684 2248 spiritu
707 2188 804 2231 vitm
838 2188 1011 2246 penitus
1041 2185 1323 2245 expiraverit,
1349 2186 1507 2228 iterum
1536 2184 1708 2228 dicente

324 2261 543 2319 Scriptura
572 2279 579 2304 :
616 2278 634 2300 «
659 2264 840 2302 Sanctus
857 2258 971 2301 enim
998 2258 1178 2317 Spiritus
1196 2255 1434 2315 disciplinae
1464 2254 1604 2314 fugiet
1627 2256 1707 2299 fic-

327 2353 342 2372 »
382 2341 473 2374 tum
488 2332 520 2373 ³.
544 2350 562 2371 »
585 2329 737 2374 Adhuc
753 2328 976 2372 defendite
990 2330 1092 2372 istos
1107 2336 1317 2381 mortuos,
1338 2335 1380 2370 et
1396 2326 1542 2370 vivere
1558 2325 1705 2380 dicite,

322 2411 371 2446 ut
393 2411 435 2445 et
457 2417 532 2445 vos
553 2402 675 2460 pejus
690 2401 778 2458 ipsa
797 2398 902 2443 falsa
925 2398 1179 2442 defensione
1194 2397 1455 2441 moriamini.

380 2475 568 2515 XXXII.
605 2471 766 2515 Mortui
788 2479 905 2524 sunt⁷
926 2469 1070 2529 inquis
1091 2488 1100 2512 z
1118 2467 1193 2512 sed
1209 2468 1315 2528 quid
1336 2466 1493 2510 faceret
1511 2466 1586 2525 qui
1605 2465 1709 2524 hap-

326 2540 522 2585 tizandus
548 2541 602 2584 ad
625 2556 696 2585 eos
712 2541 887 2599 ignarus
902 2539 1103 2584 accessit?
1115 2541 1240 2583 Nunc
1254 2553 1357 2597 ergo
1374 2536 1518 2591 faciat,
1532 2535 1709 2595 quando

375 2633 381 2649 ¹
404 2625 500 2658 Eccii.
518 2635 593 2666 xvu,
608 2625 662 2657 26-
682 2642 721 2647 —
735 2631 746 2648 ²
766 2625 812 2656 Id.
834 2635 940 2665 xxxiv,
961 2624 1012 2657 30.
1026 2621 1094 2649 —-3
1113 2625 1187 2665 Sap.
1208 2634 1233 2664 1,
1260 2622 1288 2655 5.
