1825 3264
312 286 394 324 :216
744 299 775 322 s.
813 294 1043 322 Atotsum
1077 295 1260 322 Episcopi

308 359 469 403 multos
497 358 651 402 dixerit
678 358 733 402 ab
754 358 933 403 Oriente
961 368 1003 403 et
1031 358 1271 403 Occidente
1303 356 1573 401 recubituros
1595 370 1696 400 cum

310 428 549 483 Abraham,
580 430 714 483 Isaac,
751 437 794 472 et
833 429 1010 473 Jacob1.
1050 427 1134 473 Sed
1170 437 1213 471 et
1247 427 1292 471 in
1326 425 1586 486 Apocalypsi
1619 424 1700 469 de-

311 506 607 542 monstrentur
619 513 671 542 ex
688 499 805 542 omni
824 507 952 557 gente
973 508 1016 542 et
1034 498 1150 542 tribu
1166 506 1210 542 et
1226 497 1376 556 lingua
1396 495 1534 540 millia
1549 494 1700 540 candi-

307 568 527 623 datorum,
554 584 653 628 quae
680 583 809 613 nemo
830 583 1060 613 numerare
1088 569 1222 628 possit
1234 571 1265 611 ².
1309 567 1394 621 Qui
1423 566 1619 627 profecto
1656 575 1701 610 et

307 638 434 682 multi
457 647 557 682 sunt
577 654 654 698 per
677 654 722 683 se
749 639 878 698 ipsos,
903 648 946 683 et
967 639 1102 683 iidem
1124 639 1205 699 ipsi
1234 638 1365 698 pauci
1386 647 1489 683 sunt
1509 637 1555 682 in
1577 651 1700 682 com-

305 710 528 768 paratione
544 708 675 768 longe
696 709 887 769 plurium
911 711 980 754 cui
1008 725 1109 754 curn
1134 708 1310 754 diabolo
1339 707 1552 769 puniendi
1580 716 1697 752 sunt.

305 781 413 832 Quae
440 789 586 824 tamen
622 779 842 825 frumenta
871 780 1027 824 divinis
1059 781 1104 824 in
1135 789 1348 824 aeternum
1372 779 1536 824 horreis
1560 779 1696 823 desti-

305 859 432 905 nata,
460 866 537 909 per
561 860 701 895 totum
730 850 946 895 mundum
969 850 1212 895 dilectionis
1236 851 1402 894 unitate
1425 849 1600 904 sociata,
1627 848 1696 892 vel

308 922 363 965 ab
393 921 606 982 scandalis
627 931 670 966 ct
696 921 907 966 violentiis
929 922 1231 966 haereticorum
1250 956 1261 975 ,
1290 921 1378 965 sive
1410 921 1464 964 ab
1492 920 1698 964 interiore

307 1001 515 1052 tanquam
546 993 668 1050 palea
689 1008 765 1036 sua
788 992 935 1036 multis
968 1008 1056 1036 non
1083 1001 1197 1035 recte
1214 991 1478 1045 viventibus,
1504 999 1633 1034 aestus
1656 999 1700 1034 et

308 1061 506 1105 trituram
521 1062 650 1121 hujus
664 1061 811 1106 saeculi
831 1061 1033 1116 tolerant,
1051 1061 1203 1105 ultima
1216 1059 1497 1106 ventilatione
1511 1075 1702 1120 purgan=

306 1131 376 1176 da.
395 1132 480 1177 Sed
499 1133 578 1176 tibi
597 1132 652 1176 ad
674 1132 819 1177 onmia
841 1133 951 1176 nihil
966 1131 1137 1176 facilius
1151 1147 1282 1192 quam
1293 1131 1696 1176 Maximianensium

305 1218 433 1247 causa
455 1203 703 1262 respondet.
728 1203 771 1248 Si
793 1203 908 1247 enim
930 1204 976 1247 in
993 1203 1141 1262 paucis
1164 1201 1416 1262 frequenter
1433 1211 1496 1246 est
1517 1202 1690 1256 veritas,

305 1282 349 1317 et
384 1289 525 1317 errare
560 1274 798 1318 multorum
831 1283 921 1329 est,
960 1275 1163 1333 permitte
1213 1283 1263 1318 ut
1310 1274 1694 1327 Maximianenses,

305 1353 471 1403 quanto
490 1344 612 1388 vobis
638 1354 739 1388 sunt
761 1345 946 1404 impares
969 1346 1203 1403 paucitate,
1230 1354 1350 1388 tanto
1386 1359 1461 1388 vos
1495 1353 1702 1404 superent

305 1415 499 1459 veritate.
526 1417 623 1459 Non
645 1413 746 1459 facis
770 1424 900 1458 certe.
928 1413 1026 1459 Noli
1048 1429 1149 1472 ergo
1174 1416 1218 1458 in
1235 1414 1566 1474 comparatione
1583 1413 1693 1458 mul-

308 1484 505 1528 titudinis
540 1484 733 1543 gentium
765 1484 1083 1529 catholicarum
1117 1484 1172 1528 de
1201 1493 1339 1529 vestra
1369 1485 1585 1544 paucitate
1609 1483 1702 1543 glo·

308 1555 424 1608 riari,
462 1555 574 1599 sicut
615 1570 705 1598 non
742 1555 803 1599 vis
840 1564 889 1598 ut
925 1555 1282 1600 Maximianenses
1305 1556 1350 1599 in
1372 1555 1700 1615 comparatione

308 1623 601 1668 multitudinis
619 1633 771 1668 vestrae
794 1625 849 1669 de
870 1640 945 1668 sua
970 1626 1190 1684 paucitate
1217 1625 1473 1684 glorientur.

369 1695 524 1737 LXIV.
561 1694 691 1746 Quod
719 1704 864 1738 autem
899 1695 953 1737 de
982 1695 1096 1738 Afris
1130 1694 1412 1739 traditoribus
1440 1709 1608 1749 narras,
1642 1694 1702 1739 ita

311 1766 470 1821 nescis,
503 1776 578 1810 aut
606 1766 937 1827 qualiscumque
970 1768 1157 1812 hominis
1188 1768 1319 1812 corde
1347 1785 1436 1813 non
1468 1769 1624 1824 sentis,
1655 1769 1701 1812 in

311 1837 518 1881 conflictu
547 1852 635 1897 quo
657 1838 812 1881 veritas
831 1839 1063 1898 quaeritur,
1089 1854 1188 1895 cum
1215 1840 1413 1898 probatio
1445 1855 1534 1884 non
1556 1839 1702 1898 sequi-

312 1916 398 1962 tur,
434 1923 566 1967 quam
589 1909 642 1952 sit
668 1923 778 1952 vana
803 1918 845 1953 et
867 1909 1014 1967 inepta
1037 1911 1257 1954 narratio?
1281 1913 1331 1953 In
1355 1925 1440 1970 qua
1465 1909 1699 1954 refellenda

312 1994 486 2037 operam
514 1994 603 2023 non
637 1994 953 2035 consumerem,
979 1995 1056 2024 nec
1089 1981 1123 2024 si
1148 1996 1237 2025 non
1259 1981 1466 2025 haberem
1495 1981 1540 2024 in
1573 1996 1700 2025 causa

312 2049 711 2094 Maximianensium
741 2059 828 2094 tam
863 2049 989 2095 facile
1023 2051 1114 2095 sine
1148 2051 1237 2095 ulla
1271 2052 1452 2110 ambage
1490 2067 1700 2111 compen·

312 2118 449 2163 dium.
479 2123 617 2166 Sacrae
640 2130 740 2165 sunt
763 2122 935 2165 Litterae
962 2141 970 2165 :
1003 2141 1021 2163 α
1048 2125 1161 2166 Deus
1184 2126 1370 2166 Deorum
1401 2123 1610 2167 Dominus
1631 2123 1700 2168 lo·

319 2211 335 2230 »
361 2200 487 2235 cutus
509 2202 588 2246 est,
614 2201 656 2236 et
677 2193 849 2237 vocavit
871 2201 1029 2236 terram
1052 2210 1072 2237 a
1095 2193 1193 2238 solis
1216 2203 1313 2238 ortu
1338 2209 1476 2253 usque
1498 2194 1552 2238 ad
1574 2209 1700 2239 occa-

315 2279 334 2301 »
360 2277 483 2319 sum3
517 2277 566 2306 cx
590 2264 691 2308 Sion
721 2263 880 2322 species
905 2264 1071 2308 decoris
1093 2265 1180 2323 ejus
1198 2265 1229 2306 ³.
1261 2283 1279 2305 »
1308 2265 1418 2308 Huic
1446 2265 1698 2324 prophetico

315 2333 558 2377 testimonio
581 2333 771 2377 conciuit
793 2333 1078 2392 Evangelium
1093 2368 1103 2387 ,
1130 2333 1206 2377 ubi
1229 2333 1283 2378 de
1298 2349 1342 2378 se
1364 2334 1457 2393 ipso
1480 2333 1593 2378 idem
1609 2338 1698 2380 Do-

311 2402 452 2446 minus
485 2402 613 2447 dicit‘?
640 2423 658 2444 «
681 2403 924 2462 Oportebat
951 2404 1172 2448 Christum
1199 2405 1314 2463 pati,
1350 2413 1393 2448 et
1421 2419 1642 2464 resurgere
1673 2421 1697 2449 a

313 2489 332 2511 »
360 2473 541 2516 mortuis
556 2474 679 2516 tertia
694 2472 780 2528 die,
801 2482 841 2516 ct
865 2473 1088 2532 praedicari
1105 2475 1148 2518 in
1171 2474 1346 2518 nomine
1369 2476 1458 2534 ejus
1479 2475 1696 2531 poeniten-

314 2559 332 2580 »
360 2543 463 2586 tiam
485 2552 528 2587 et
550 2544 844 2588 remissionem
868 2553 1146 2602 peccatorum
1170 2560 1243 2604 per
1264 2560 1414 2590 omnes
1437 2554 1599 2603 gentes,
1624 2546 1692 2589 in-

359 2626 582 2667 131.ιΗΙι.κιι,
609 2628 911 2667 1'2.·:tviu.¹1.--
928 2636 938 2652 ²
959 2632 1061 2670 Apoc.
1085 2641 1141 2662 vn.
1161 2642 1244 2670 ῃλ-
1269 2630 1274 2647 ‘
1297 2629 1375 2662 l'sal.
1397 2641 1479 2662 uix.
1505 2641 1528 2661 ι.
