1825 3264
351 266 434 304 332
785 275 817 300 s.
856 273 1084 301 Auens'rmr
1117 272 1295 300 muscoi‘l

1785 0 1789 98 !

1784 104 1788 189 Ξ

1784 192 1788 250 Ξ

1784 305 1788 348 t

1808 255 1810 275 1

1808 284 1811 304 i

1806 312 1811 335 ἰ

352 356 448 400 pars
471 339 643 393 Donati,
668 339 746 383 ista
769 339 951 398 quaestio
975 338 1224 391 fluctuaret,
1250 347 1292 382 et
1311 337 1449 381 varias
1462 336 1643 381 haberet
1665 338 1734 382 in·
1784 353 1788 399 ζ
1808 367 1810 373 ,

351 421 415 456 ter
435 426 478 455 se
493 409 756 468 collegarum
776 409 891 453 salva
913 399 1079 453 u'nitate
1096 409 1344 463 sententias,
1370 408 1453 452 hoc
1469 423 1546 467 per
1562 408 1734 452 univer-

347 497 436 526 sam
460 481 728 526 Catholicam
752 496 850 540 quae
873 489 964 525 toto
988 479 1093 524 orbe
1113 478 1379 523 diffunditur
1400 478 1615 522 observari
1638 479 1731 537 pla·
1785 479 1811 515 ³·

348 552 440 596 cuit
471 549 590 610 quod
614 560 825 594 tenemus.
864 553 971 595 Nam
992 559 1035 594 et
1060 565 1133 594 vos
1162 547 1364 609 profertis
1384 547 1619 592 concilium
1643 550 1734 606 Cy-

348 621 522 681 priani²‚
534 621 652 680 quod
666 630 837 665 autnon
851 620 1108 675 estfactum,
1121 629 1226 664 auta
1239 619 1405 664 caeteris
1414 619 1590 663 unitatis
1603 633 1737 663 mem-

348 694 450 746 bris,
468 708 490 736 a
504 693 663 752 quibus
678 691 749 736 ille
765 707 854 736 non
865 692 1024 737 divisus
1037 701 1115 746 est,
1133 692 1288 736 merito
1302 699 1569 750 superatum.
1584 691 1737 749 Neque

348 764 464 807 enim
496 772 726 823 propterea
758 778 906 807 sumus
942 763 1145 821 episcopo
1178 762 1399 821 Cypriane
1428 759 1648 814 meliores,
1673 760 1738 817 (si

349 843 493 878 tamen
526 834 694 878 censuit
716 834 940 877 haereticos
962 832 1108 877 denuo
1134 832 1365 891 baptizari,
1383 834 1400 889 )
1421 831 1523 891 quia
1551 846 1629 875 nos
1653 831 1737 875 hoc

349 914 464 949 recte
485 920 574 949 non
594 904 777 949 facimus
804 924 811 949 :
839 904 945 948 sicut
976 919 1055 948 nec
1081 907 1210 948 Petro
1233 902 1430 962 apostolo
1452 902 1651 946 meliores
1668 917 1738 946 su-

348 990 458 1027 mus,
477 976 577 1034 quia
593 990 682 1019 non
700 975 893 1033 cogimus
917 983 1064 1033 gentes
1086 975 1332 1027 Judaizare,
1359 971 1478 1032 quod
1496 972 1569 1015 ille
1590 972 1738 1016 fecisse

350 1046 485 1089 Paulo
507 1046 702 1104 apostolo
719 1054 949 1089 attestante
973 1054 1016 1088 et
1034 1045 1274 1102 corrigente
1297 1047 1614 1101 monstratur²3
1638 1059 1739 1088 cum

348 1114 545 1159 similiter
566 1117 678 1160 inter
709 1114 939 1174 Apostolos
961 1114 1017 1158 de
1038 1114 1367 1159 circumcisione
1388 1115 1594 1173 quaestio,
1626 1115 1739 1159 sicut

349 1195 496 1245 postea
519 1185 573 1230 de
598 1186 812 1245 baptismo
835 1186 948 1230 inter
965 1185 1204 1245 episcopos,
1221 1201 1310 1230 non
1328 1200 1457 1244 parva
1480 1185 1738 1230 difficultate

350 1265 543 1300 nutaret.

408 1327 614 1369 XXXIX.
642 1325 829 1369 Proinde
847 1326 1044 1385 quamvis
1063 1326 1190 1385 hujus
1212 1326 1272 1369 rei
1288 1335 1404 1370 certe
1424 1325 1480 1370 de
1504 1325 1738 1384 Scripturis

349 1398 567 1441 canonicis
589 1412 677 1440 non
706 1397 951 1455 proferatur
977 1397 1221 1456 exemplum
1258 1416 1266 1441 ε
1306 1396 1558 1441 earumdem
1592 1405 1737 1440 tamen

353 1468 673 1526 Scripturarum
696 1468 823 1511 etiam
844 1467 887 1510 in
906 1467 987 1511 hac
1003 1482 1048 1510 re
1066 1483 1089 1510 a
1107 1467 1231 1511 nobis
1247 1476 1421 1511 tenetur
1439 1467 1611 1520 veritas,
1635 1481 1737 1510 cum

349 1538 432 1581 hoc
452 1538 633 1581 facimus
656 1537 777 1596 quod
802 1536 1014 1580 universae
1032 1538 1119 1596 jam
1154 1537 1320 1595 placuit
1348 1536 1553 1582 Ecclesiae
1568 1571 1579 1590 ‚
1605 1551 1738 1595 quam

350 1609 537 1666 ipsarum
556 1609 876 1667 Scripturarum
889 1607 1168 1652 commendat
1186 1609 1442 1664 auctoritas3
1469 1616 1516 1652 ut
1529 1606 1738 1667 quoniam

350 1687 494 1722 sancta
517 1680 737 1737 Scriptura
767 1676 914 1722 fallere
937 1694 1026 1722 non
1043 1687 1201 1737 potest,
1227 1679 1424 1738 quisquis
1446 1677 1538 1722 falli
1555 1677 1734 1731 metuit,

352 1749 480 1807 hujus
503 1749 766 1792 obscuritate
789 1748 1037 1807 quaestionis
1058 1783 1068 1801 ,
1109 1747 1305 1792 eamdem
1328 1748 1551 1792 ecclesiam
1590 1747 1645 1792 de
1665 1745 1739 1791 illa

351 1818 565 1872 consulat,
586 1834 717 1878 quam
733 1819 825 1861 sine
847 1817 935 1862 ulla
950 1818 1231 1875 ambiguitate
1253 1828 1399 1862 sancta
1424 1819 1644 1876 Scriptura
1666 1817 1739 1861 de-

353 1899 577 1933 monstrat.
618 1890 660 1934 Si
691 1898 834 1933 autem
864 1889 1038 1932 dubitas
1057 1922 1067 1940 ‚
1103 1888 1223 1948 quod
1262 1888 1498 1933 Ecclesiam
1529 1903 1629 1948 quae
1662 1903 1740 1947 per

353 1975 501 2004 omnes
539 1969 687 2018 gentes
720 1960 1030 2004 numerositate
1061 1960 1351 2019 copiosissima
1384 1958 1615 2013 dilatatur,
1648 1959 1740 2002 haec

353 2040 499 2074 sancta
526 2031 745 2089 Scriptura
769 2032 1074 2087 commendat3
1100 2036 1116 2088 (
1136 2045 1280 2089 neque
1303 2031 1418 2074 enim
1441 2031 1475 2074 si
1496 2045 1585 2074 non
1609 2028 1741 2073 dubi-

353 2109 480 2155 tares,
507 2101 650 2146 adhuc
673 2117 783 2145 esses
810 2102 855 2144 in
877 2109 999 2160 parte
1023 2100 1202 2157 Donatif.
1222 2100 1398 2157 )multis
1421 2109 1463 2143 te
1481 2097 1741 2144 manifestis-

354 2171 470 2214 simis
505 2171 757 2215 testimoniis
785 2186 835 2214 ex
862 2170 1013 2214 eadem
1042 2172 1298 2214 auctoritate
1322 2169 1498 2229 prolatis
1529 2170 1737 2224 onerabo,

354 2251 402 2285 ut
425 2257 475 2285 ex
498 2242 583 2285 tuis
605 2242 968 2295 concessionibus,
994 2241 1027 2285 si
1045 2241 1227 2284 nimium
1251 2242 1450 2299 pervicax
1471 2255 1560 2284 esse
1582 2240 1739 2284 nolue-

354 2314 426 2366 ris,
454 2312 509 2356 ad
534 2313 617 2357 hoc
637 2313 765 2357 etiam
791 2312 1057 2371 perducaris,
1089 2327 1188 2356 cum
1212 2313 1328 2370 prius
1350 2311 1581 2357 ostendero
1609 2311 1740 2356 etiam

354 2383 548 2443 epistolae
573 2399 702 2437 meae,
732 2385 801 2428 cui
825 2384 1085 2443 respondere
1114 2399 1137 2427 a
1165 2384 1382 2428 contrario
1410 2382 1605 2437 voluisti,
1631 2381 1739 2426 nihil

355 2463 397 2497 te
415 2453 536 2512 quod
558 2454 611 2498 ad
626 2455 849 2498 veritatem
868 2455 1080 2514 pertineat
1099 2453 1360 2512 respondere
1381 2453 1588 2512 potuisse.

414 2526 506 2567 XL.
537 2527 628 2569 Hoc
658 2526 829 2570 interim
851 2526 950 2570 satis
973 2526 1047 2579 sit,
1074 2525 1193 2584 quod
1209 2535 1386 2585 propter
1402 2524 1578 2569 nimiam
1601 2523 1739 2568 obsti-

402 2609 411 2624 ¹
432 2608 617 2647 Videinsm,
637 2610 688 2641 tib.
710 2621 745 2647 ιι,
766 2621 839 2652 cap.
860 2611 911 2644 31.
928 2627 968 2634 -
984 2617 996 2634 ²
1015 2610 1082 2642 Gal.
1106 2620 1140 2646 ιι,
1166 2610 1215 2651 ι4.

1784 407 1788 475 i
1806 439 1809 442 ⁴

1784 577 1810 735 ιζ

1796 848 1825 909 '1⁴

1793 911 1809 956 4

1792 962 1825 1028 4.
