1825 3264
324 223 404 262 184
751 228 784 256 s.
822 227 1051 256 Aucus-nm
1085 227 1264 255 zmscom

323 300 478 344 tizatur
498 312 521 340 a
539 295 708 355 perfido
736 313 744 339 z
767 293 822 338 ad
848 294 931 338 hoc
957 308 1056 337 curn
1077 293 1166 352 jam
1189 290 1265 336 diu
1288 306 1338 335 ex
1372 306 1460 351 quo
1486 290 1682 350 loquitur
1698 324 1709 345 ,

321 368 429 413 nihil
453 365 724 425 respondisse
746 364 1030 409 manifestum
1053 371 1132 407 est.

381 440 584 482 XLVIII.
623 437 835 496 Deinceps
863 434 1050 495 perrexit
1081 448 1154 479 ore
1186 431 1400 477 maledico
1420 432 1467 475 in
1489 430 1713 490 vitupera-

324 511 485 555 tionem
498 507 860 552 monasteriorum
870 516 913 551 et
927 505 1458 562 monachorum‚'arguens
1473 502 1602 545 etiam
1624 516 1712 557 me,

321 580 442 641 quod
458 581 540 624 hoc
563 594 698 638 genus
718 579 820 624 vitae
842 593 866 622 a
886 593 955 622 me
973 576 1105 621 fuerit
1123 576 1416 620 institutum¹.
1435 573 1566 626 Quod
1579 587 1715 632 genus

323 652 422 696 vitae
443 651 622 695 omnino
643 648 772 709 quale
794 649 870 704 sit,
899 648 1063 702 nescit,
1090 645 1159 690 vel
1178 645 1320 705 potius
1343 653 1436 689 toto
1453 642 1561 688 orbe
1584 643 1716 688 notis·

323 722 481 766 simum
500 720 664 764 nescire
686 734 730 764 se
752 719 892 778 fingit.
920 717 1030 761 Inde
1061 731 1251 761 asserens
1272 730 1343 759 me
1365 713 1542 767 dixisse,
1566 713 1716 757 Chris-

322 801 417 836 tum
453 806 542 834 esse
575 789 832 849 baptistam,
872 787 1057 847 subjecit
1089 786 1218 830 etiam
1253 783 1457 845 quaedam
1491 781 1626 827 verba
1665 797 1717 826 ex

323 860 518 921 Epistola
540 875 651 915 mea,
678 860 801 919 quasi
823 860 906 903 1100
924 874 974 902 ex
1007 873 1102 901 mea
1125 856 1338 901 sententia
1353 854 1580 908 dixerim2,
1597 853 1718 913 quod

323 949 375 977 ex
391 941 530 977 vestra
556 941 598 976 et
613 931 746 990 ipsius
771 931 873 985 dixi,
905 939 947 973 et
965 928 1257 986 copiosissima
1274 928 1500 972 atrocitate
1519 929 1719 973 invectus

325 1013 404 1058 est,
427 1003 551 1062 quasi
569 1003 614 1044 in
636 1017 706 1044 me
728 1001 804 1060 qui
826 1001 910 1044 1100
933 999 1112 1043 dixerim
1139 1020 1150 1057 3
1182 1014 1284 1043 cum
1311 998 1385 1042 illa
1415 1013 1547 1058 quam
1570 1012 1721 1057 repre-

325 1073 495 1127 hendit,
523 1087 611 1116 non
632 1072 686 1115 sit
708 1087 803 1114 mea
821 1106 831 1125 ,
853 1071 928 1114 sed
945 1071 1077 1129 ipsius
1100 1079 1142 1114 et
1163 1079 1304 1114 vestra
1323 1070 1536 1114 sententia
1562 1091 1572 1127 3
1602 1068 1724 1129 quod

325 1143 458 1203 paulo
494 1152 592 1201 post
626 1142 816 1186 dilucide
839 1177 850 1196 ‚
884 1151 1102 1201 quantum
1139 1140 1317 1185 valuero
1335 1175 1346 1195 ,
1390 1139 1718 1185 demonstrabo.

329 1213 497 1257 Deinde
524 1222 707 1257 conatus
724 1222 788 1257 est
810 1227 888 1257 nos
908 1212 1064 1256 docere
1089 1211 1238 1255 multis
1254 1220 1298 1256 et
1313 1212 1544 1271 superfluis
1565 1211 1722 1265 verbiS‚

326 1283 446 1344 quod
465 1291 559 1327 'non
581 1284 779 1329 Christus
802 1283 1010 1342 baptizet,
1036 1283 1111 1327 sed
1132 1284 1177 1326 in
1199 1284 1289 1343 ejus
1321 1284 1500 1327 nomine
1525 1282 1721 1342 baptize-

327 1366 414 1411 tur,
440 1354 629 1399 simulet
651 1355 788 1399 Patris
806 1364 848 1398 et
866 1353 966 1399 Filii
990 1363 1032 1397 et
1057 1354 1240 1413 Spiritus
1263 1353 1415 1408 sancti,
1441 1352 1496 1397 de
1519 1368 1607 1412 qua
1627 1353 1722 1412 ipsa

330 1426 539 1470 Trinitate
554 1425 661 1469 dixit
674 1423 741 1469 vel
758 1424 878 1485 quod
900 1424 1039 1469 voluit
1057 1423 1126 1469 vel
1155 1423 1274 1484 quod
1297 1424 1485 1483 potuit,«
1503 1423 1725 1469 Christum

328 1512 417 1541 esse
435 1496 628 1540 medium
645 1496 877 1540 Trinitatis.
902 1514 921 1537 »
950 1495 1058 1540 Inde
1081 1495 1135 1539 de
1154 1496 1331 1539 nomine
1351 1495 1540 1540 Simonis
1557 1503 1600 1539 et
1622 1495 1726 1538 Bar·

324 1570 422 1627 jesu
446 1581 675 1624 magorum
691 1567 865 1624 ingessit
882 1566 1005 1610 nobis
1028 1580 1135 1625 quas
1147 1580 1248 1609 eum
1268 1565 1401 1609 libuit
1417 1563 1722 1609 contumelias.

330 1637 440 1680 Inde
467 1637 616 1695 Optati
640 1636 1008 1693 Thamugadensis
1031 1650 1203 1679 causam
1240 1634 1510 1695 pedetentim
1542 1649 1727 1694 suspen-

328 1705 449 1759 dens,
468 1721 523 1749 ne
546 1705 660 1750 illius
684 1705 1022 1764 perfunderetur
1046 1704 1225 1760 invidia,
1250 1721 1340 1749 non
1358 1720 1418 1761 se,
1439 1721 1520 1750 nec
1542 1720 1641 1750 suos
1672 1704 1727 1748 de

330 1776 404 1821 illo
422 1777 621 1835 judicare
654 1777 845 1835 potuisse
871 1798 882 1834 3
906 1785 950 1820 et
978 1777 1022 1819 in
1046 1791 1096 1820 eo
1128 1776 1221 1836 ipso
1244 1792 1322 1821 nos
1345 1776 1576 1832 simulans,
1606 1776 1728 1837 quod

330 1847 436 1890 meis
459 1847 541 1890 illis
555 1847 905 1906 suggestionibus
920 1862 1089 1906 pressus
1105 1847 1172 1891 sit.

390 1919 550 1960 XLIX.
581 1920 805 1960 Postremo
838 1917 1054 1961 conclusit
1086 1916 1325 1976 Epistolam
1357 1932 1458 1962 suos
1492 1916 1726 1961 exhortans

330 1997 373 2030 et
397 2002 578 2031 monens
595 2002 649 2030 ne
664 1987 940 2047 decipiantur
956 2003 979 2031 a
1003 1988 1151 2043 nobis,
1178 1997 1221 2032 et
1242 1997 1415 2033 nostros
1438 1986 1591 2032 dolens
1606 1986 1729 2047 quod

331 2072 402 2100 eos
425 2058 590 2115 pejores
609 2072 741 2116 quam
766 2055 940 2101 fuerant
969 2056 1215 2101 fecerimus.
1244 2058 1320 2101 His
1341 2057 1476 2116 igitur
1498 2056 1729 2114 diligenter

332 2126 613 2170 consideratis
631 2136 763 2186 atque
779 2127 995 2182 discussis,
1012 2129 1134 2187 quod
1151 2143 1204 2171 ex
1221 2143 1269 2171 ea
1283 2129 1374 2187 ipsa
1390 2127 1584 2187 Epistola
1596 2142 1729 2188 quam

335 2196 527 2254 scripsit,
561 2198 660 2240 satis
683 2196 874 2241 dilucide
897 2207 1097 2256 apparet,
1129 2197 1364 2241 Petilianus
1389 2214 1477 2242 non
1507 2197 1730 2258 respondit

338 2265 518 2310 omnino
547 2267 602 2310 ad
636 2267 719 2311 hoc
749 2267 869 2326 quod
906 2268 951 2310 in
993 2265 1187 2327 Epistola
1220 2283 1315 2311 mea
1345 2268 1546 2328 primitus
1586 2269 1728 2328 posui,

338 2337 389 2391 si,
408 2336 781 2395 quemadmodum
799 2336 903 2382 dicit
927 2357 934 2382 :
965 2357 985 2380 «
1013 2339 1278 2383 conscientia
1301 2338 1459 2395 dantis,
1485 2339 1553 2384 vel
1570 2340 1730 2398 potius,

339 2416 390 2450 ut
407 2407 565 2451 addam
579 2409 699 2468 quod
718 2423 924 2468 magnum
939 2409 1268 2455 firmamentum
1282 2420 1424 2471 putat,
1445 2430 1464 2453 «
1475 2412 1508 2455 si
1518 2411 1734 2456 conscien-

340 2477 399 2520 tia
417 2487 563 2522 sancte
586 2479 728 2524 dantis
744 2480 1000 2537 attenditur,
1018 2497 1117 2541 quae
1132 2481 1280 2527 abluat
1297 2482 1560 2542 accipientis,
1584 2502 1601 2525 »
1614 2481 1731 2527 unde

384 2567 393 2583 ¹
425 2561 503 2595 Vide
526 2563 643 2597 Possid.
662 2564 693 2596 in
713 2564 777 2597 vita
793 2567 924 2608 August.
945 2576 1018 2609 cap.
1043 2567 1062 2598 5
1079 2571 1112 2600 et
1131 2578 1159 2600 1.
1174 2584 1215 2590 —
1233 2574 1246 2590 2
1265 2568 1343 2601 Vide
1356 2567 1451 2609 infra,
1469 2578 1500 2599 n.
1521 2566 1572 2600 54-
