1825 3264
313 277 476 309 CONTRA
508 278 708 307 muzus
742 277 974 316 prunum,
1009 279 1093 306 ιη.
1131 279 1181 316 11,
1383 266 1438 304 73

63 351 230 404 nicare,
257 357 300 392 et
320 347 462 393 verbis
484 345 655 390 Domini
686 359 775 389 non
807 345 1166 388 communicare?
1203 343 1259 388 Hi
1286 344 1440 404 utique

60 420 216 466 dicturi
227 427 326 464 sunt
344 438 353 463 ι
372 437 391 459 »
405 420 457 462 In
471 416 648 461 nomine
664 424 741 460 tuo
758 412 1114 459 manducavimus
1128 425 1171 459 et
1191 415 1401 459 bibimus:
1416 432 1437 456 ι»

59 501 102 536 et
124 490 343 544 audituri,
372 509 392 531 «
416 491 513 534 Non
545 487 647 532 novi
670 501 745 530 vos
766 489 777 511 ¹
804 502 813 527 z
848 505 866 527 »
891 486 967 546 qui
990 500 1147 544 corpus
1169 487 1260 544 ejus
1280 495 1323 530 et
1344 501 1444 530 san-

60 562 235 621 guinem
265 561 309 604 in
327 569 596 604 sacramento
615 557 882 602 manducant
912 565 956 600 et
976 555 1151 609 bibunt,
1188 564 1230 599 et
1252 557 1443 600 membra

59 634 152 692 ejus
170 640 262 676 toto
282 631 387 675 orbe
407 629 582 681 diffusa,
599 628 643 672 in
661 625 899 686 Evangelio
916 641 1006 671 non
1017 634 1276 684 agnoscunt,
1289 634 1332 669 et
1347 625 1445 670 ideo

60 703 104 747 in
124 702 243 746 eisin
262 701 427 761 judicio
448 715 537 744 non
558 707 884 758 computantur.

116 773 336 817 cxxvn.
359 775 620 815 Pus-munus
642 768 749 813 dixit
769 788 777 813 ε
802 787 821 810 «
839 767 969 822 Quod
987 767 1082 821 etsi,
1101 775 1152 810 ut
1164 766 1246 826 ipsi
1265 766 1442 825 putatis,

63 842 230 888 Domini
252 842 391 900 legem
413 856 523 901 pure
543 839 790 901 sequimini,
807 839 861 883 de
874 839 962 899 ipsa
977 841 1092 898 Lege
1103 838 1367 883 sanctissima
1381 837 1445 881 le·

59 912 212 973 galiter
234 912 520 972 disputemus,
540 912 654 956 Dicit
670 910 888 971 apostolus
909 909 1091 954 Paulus:
1107 911 1257 953 «Bona
1274 916 1338 952 est
1359 907 1443 963 lex,

62 1002 83 1026 n
117 984 150 1027 si
166 984 263 1044 quis
279 998 328 1027 ea
349 982 541 1041 legitime
559 990 707 1026 utatur
724 985 756 1024 ².
782 1002 797 1022 »
818 983 905 1024 Lex
925 995 1028 1039 ergo
1041 979 1149 1040 quid
1166 978 1298 1024 dicit?
1314 997 1333 1021 «
1348 981 1445 1024 Non

63 1073 83 1095 n
119 1053 285 1099 occides
301 1055 331 1097 ³.
351 1053 516 1107 »Quod
537 1052 669 1098 semel
687 1051 790 1098 fecit
812 1054 923 1098 Ca'i'n
945 1050 1174 1112 parricida,
1198 1065 1274 1095 vos
1295 1049 1447 1094 fratres

63 1143 84 1166 »
119 1125 275 1184 saepius
297 1123 528 1169 occidistis.
557 1142 576 1163 »

119 1197 365 1240 cxxvln.
403 1197 678 1239 Aucus-rmus
712 1191 935 1252 respondit
967 1211 975 1236 :
1010 1191 1176 1237 Similes
1207 1192 1331 1236 vobis
1357 1206 1445 1235 esse

61 1264 290 1310 nolumus:
326 1279 426 1308 nam
446 1279 535 1308 non
568 1264 726 1308 desunt
752 1278 852 1322 quae
874 1261 1092 1316 dicantur,
1118 1263 1227 1305 sicut
1243 1271 1285 1305 et
1302 1271 1351 1305 tu
1366 1261 1446 1304 ista

59 1335 178 1390 dicis,
216 1345 258 1380 et
289 1350 389 1396 quae
414 1335 624 1387 sciantur,
656 1348 757 1377 nam
791 1334 871 1376 ista
899 1342 947 1376 tu
984 1333 1121 1376 nescis
1149 1353 1159 1389 3
1184 1341 1226 1376 et
1254 1347 1353 1391 quae
1375 1346 1446 1375 os-

60 1404 313 1460 tendantur,
333 1420 434 1449 nam
462 1414 511 1449 tu
533 1405 610 1448 ista
629 1419 719 1448 non
741 1401 945 1447 ostendis.

118 1478 319 1522 CXXIX.
347 1480 608 1521 Pmuuuvs
631 1476 760 1520 dixit:
778 1494 798 1517 «
820 1475 993 1519 Dictum
1011 1482 1075 1519 est
1102 1493 1111 1519 :
1130 1474 1448 1520 Nonmoecha-

63 1548 186 1592 beris.
214 1548 521 1607 Unusquisque
543 1555 732 1590 vestrum
765 1547 797 1590 si
820 1545 1050 1590 carnaliter
1071 1555 1212 1589 castus
1231 1546 1304 1598 sit,
1330 1544 1447 1604 spiri·

60 1618 200 1662 taliter
221 1618 419 1663 moechus
439 1627 518 1673 est,
539 1618 641 1678 quia
665 1616 881 1662 adulterat
899 1617 1188 1662 sanctitatem.
1217 1634 1238 1658 »

118 1690 297 1733 CXXX.
337 1692 611 1733 Anausmws
634 1687 859 1746 respondit
886 1706 894 1732 :
927 1690 1112 1731 Possunt
1131 1687 1227 1731 haec
1248 1687 1293 1730 in
1315 1694 1449 1746 quos-

59 1759 159 1803 dam
181 1760 390 1804 veraciter
411 1760 519 1813 dici,
545 1769 588 1803 et
610 1768 779 1804 nostros
801 1768 842 1803 et
866 1768 1029 1804 vestros
1057 1779 1065 1804 :
1091 1760 1167 1820 qui
1188 1760 1222 1802 si
1254 1759 1449 1818 utrisque

60 1839 256 1874 nostrum
293 1829 553 1890 displicent,
587 1846 668 1875 nec
701 1831 837 1875 nostri
866 1846 945 1875 nec
967 1830 1097 1875 vestri
1118 1839 1234 1874 sunt.
1262 1829 1346 1874 Sed
1368 1839 1416 1873 tu
1435 1865 1446 1884 ,

59 1900 177 1960 quod
198 1901 245 1944 in
265 1901 479 1960 quosdam
497 1900 600 1945 dicis
615 1936 626 1955 ‚
659 1910 706 1945 et
732 1915 809 1945 nec
829 1901 876 1945 in
896 1901 995 1960 ipsis
1014 1901 1193 1959 probas,
1218 1915 1295 1959 pro
1312 1915 1364 1944 eo
1388 1900 1449 1943 vis

61 1971 197 2030 accipi
220 1987 268 2016 ac
288 1972 322 2015 si
342 1972 608 2032 probaveris,
635 1987 724 2016 non
746 1973 790 2015 in
815 1971 1031 2030 aliquibus
1048 1971 1124 2030 qui
1143 1971 1408 2027 degenerant
1426 1986 1448 2012 a

60 2043 222 2086 semine
240 2043 443 2097 Abrabae,
463 2042 538 2086 sed
554 2044 599 2086 in
618 2043 821 2087 omnibus
841 2042 1044 2101 gentibus
1061 2057 1161 2101 quae
1178 2040 1450 2085 benedicun-

62 2124 134 2157 tur
154 2114 198 2157 in
220 2114 384 2158 semine
406 2114 592 2157 Abrahae

119 2186 320 2229 CXXXI.
349 2187 610 2229 ΡετιιιΑΝυε
632 2183 740 2228 dixit
765 2203 775 2228 ς
804 2202 824 2225 «
845 2183 1021 2228 Dictum
1043 2192 1108 2227 est
1129 2202 1137 2228 :
1163 2182 1340 2227 Falsum
1364 2191 1450 2227 tes-

63 2254 290 2298 timonium
328 2269 418 2299 non
451 2253 619 2298 reddes.
665 2255 776 2298 Cum
817 2253 992 2312 regibus
1025 2251 1172 2298 saeculi
1201 2268 1281 2297 nos
1312 2261 1450 2296 vestra

64 2333 208 2368 tenere
230 2324 489 2378 mentimini,
515 2339 661 2368 nonne
684 2323 785 2368 {alsa
806 2323 1004 2368 conflatis
1022 2325 1039 2366 Ρ
1064 2341 1084 2364 »

122 2396 349 2439 cxxxii.
363 2399 638 2439 Anousvnus
649 2395 894 2453 respondit:
919 2394 960 2438 Si
976 2409 1065 2438 non
1076 2403 1178 2437 sunt
1190 2402 1335 2437 nostra
1351 2407 1451 2452 quae

66 2466 242 2519 tenetis,
268 2480 347 2509 nee
371 2465 442 2509 illa
462 2474 584 2509 erant
599 2473 737 2509 vestra
759 2481 859 2525 quae
873 2481 896 2509 a
919 2464 1244 2509 Maximianistis
1265 2463 1451 2524 recepis-

71 2536 137 2580 tis.
155 2535 284 2590 Quod
299 2536 333 2580 si
353 2544 579 2595 propterea
596 2534 668 2579 illa
683 2544 824 2580 vestra
842 2543 982 2588 erant,
1002 2535 1101 2595 quia
1121 2533 1183 2579 illi
1199 2534 1451 2593 sacrilegum

118 2628 125 2644 ¹
144 2620 261 2653 Matth.
283 2632 342 2661 vn,
360 2629 413 2653 22.
431 2638 470 2645 —
489 2628 501 2644 ²
520 2629 540 2654 2
553 2621 633 2654 Tim.
650 2631 738 2654 xvm.
754 2637 794 2644 -
812 2618 824 2644 3
844 2620 940 2653 Exod.
960 2629 1016 2662 xx,
1038 2619 1091 2652 23.
