1825 3264
352 199 433 239 174
769 214 802 239 S·
839 211 1071 240 AL‘GLVS'HNI
1104 213 1286 240 Evlscom

347 285 435 330 est,
461 290 517 318 an
538 276 660 320 non?
687 274 730 320 Si
753 275 927 320 ablutus
943 286 1028 331 est,
1050 292 1200 336 quaero
1213 274 1358 320 unde?
1378 277 1476 321 Non
1497 273 1612 319 enim
1630 290 1732 320 eum
1773 316 1776 341 ἶ

347 345 565 389 maculosa
587 360 678 390 non
700 356 846 391 sancte
869 347 1012 392 dantis
1044 347 1333 401 conscientia,
1367 360 1499 405 quam
1529 346 1732 402 nescivit,
1772 357 1774 362 “

344 414 522 459 abluere
544 416 700 474 potuit.
717 417 760 461 Si
779 426 924 462 autem
948 433 1038 461 non
1060 426 1124 461 est
1147 417 1340 472 ablutus,
1350 417 1504 476 jubete
1521 425 1572 460 ut
1586 415 1735 461 ablua-

346 494 432 530 tur.
457 488 553 532 Non
571 487 736 547 jubetis
765 507 774 533 :
799 504 901 548 ergo
925 488 1100 533 ablutus
1122 497 1200 532 est.
1233 488 1393 543 Dicite,
1418 486 1570 532 unde?
1599 487 1736 532 Dicite
1778 535 1779 538 ,

348 556 501 600 saltem
522 573 622 612 vos,
659 559 780 619 quod
818 558 891 603 ille
925 575 1014 604 non
1054 559 1178 603 dixit.
1218 558 1384 603 Eadem
1418 559 1582 618 quippe
1602 557 1737 603 verba
1775 556 1777 560 ’

345 642 568 687 propono,
594 629 755 688 quibus
777 629 1038 689 respondere
1058 645 1148 675 non
1169 630 1328 689 potuit.
1360 647 1380 671 «
1405 631 1518 674 Ecce
1538 637 1624 674 stat
1646 643 1736 688 per·

343 697 457 742 fidus
480 699 776 758 baptizaturus
795 721 805 757 3
830 710 874 745 at
895 700 969 744 ille
991 701 1067 761 qui
1089 700 1376 760 baptizandus
1395 709 1480 754 est,
1505 698 1737 759 perfidiam

342 769 434 827 ejus
456 768 628 829 ignorat
667 790 675 815 :
712 771 818 831 quid
860 786 960 815 eum
1004 781 1287 830 accepturum
1320 785 1410 815 esse
1433 769 1732 824 arbitramini,

342 848 491 884 utrum
525 841 679 896 fidem,
712 858 767 886 an
795 844 992 887 reatum?
1017 843 1249 888 Sufficiunt
1276 843 1365 886 huc
1399 857 1539 902 usque
1570 855 1735 901 propo-

342 913 430 954 sita·
450 929 459 956 ε
481 912 760 972 respondete,
788 924 863 958 aut
880 916 1063 974 quaerite
1083 914 1316 973 diligenter
1332 913 1441 973 quid
1463 911 1537 957 ille
1555 927 1736 972 respon-

342 980 469 1025 derit.
492 985 727 1028 Invenietis
749 986 879 1029 etiam
893 987 1092 1030 convicta
1108 986 1315 1030 convicia.
1334 984 1496 1043 Culpat
1510 985 1627 1027 enim
1645 998 1733 1039 me,
1780 973 1787 1015 '3

341 1054 462 1111 quasi
486 1052 688 1098 deridens
710 1074 718 1098 :
753 1075 772 1097 «
797 1055 925 1109 Quod
949 1056 1040 1101 veri
1061 1055 1215 1100 similia
1243 1070 1485 1114 proponam
1503 1088 1514 1109 ,
1540 1054 1618 1114 qui
1646 1069 1738 1098 non
1783 1068 1789 1102 ’.

341 1121 513 1166 videam
538 1124 777 1169 veritatem.
804 1143 824 1167 »
847 1127 1059 1185 Repetitis
1082 1126 1211 1170 etiam
1234 1125 1378 1187 verbis
1401 1125 1507 1170 meis
1541 1124 1737 1170 et'dimi-
1788 1175 1789 1179 η

341 1193 458 1238 diata
475 1196 690 1240 sententia
714 1216 722 1240 :
755 1216 775 1239 «
796 1197 933 1253 Dicis,
958 1198 1103 1258 inquit
1119 1234 1130 1253 ,
1155 1200 1271 1242 Ecce
1294 1206 1379 1242 stat
1407 1195 1599 1256 perfidus
1622 1197 1736 1256 bap—

342 1263 574 1321 tizaturus,
599 1276 641 1310 at
664 1266 736 1311 ille
758 1268 835 1327 qui
858 1268 1144 1327 baptizandus
1168 1278 1233 1313 est
1248 1267 1477 1327 perfidiam
1499 1269 1591 1328 ejus
1614 1267 1735 1326 igno·
1789 1308 1792 1315 .

340 1344 420 1379 rat.
447 1354 466 1377 η
494 1336 659 1381 Deinde
690 1338 915 1398 subjungit
937 1358 945 1384 :
976 1358 996 1381 «
1021 1339 1128 1392 Quis
1160 1349 1225 1384 est
1260 1340 1362 1395 iste,
1388 1348 1464 1384 aut
1486 1337 1606 1382 unde
1628 1353 1734 1398 pro-

340 1405 564 1464 prosiluit?
590 1426 609 1449 »
636 1410 768 1461 Quasi
791 1426 903 1454 unus
925 1411 979 1454 sit
999 1420 1075 1455 aut
1097 1411 1209 1466 duo,
1238 1420 1281 1455 et
1306 1426 1397 1455 non
1420 1409 1579 1455 talibus
1608 1418 1735 1455 utro-

338 1476 473 1536 bique
495 1478 729 1537 plena·sint
762 1483 922 1526 omnia.
949 1481 1065 1535 Quid
1099 1498 1150 1526 ex
1175 1498 1244 1526 ine
1265 1482 1424 1542 quaerit
1446 1481 1646 1542 quisnam
1677 1481 1733 1526 sit

338 1549 438 1604 istc,
481 1561 556 1595 aut
592 1552 710 1595 unde
745 1553 960 1612 prosiliat,
987 1570 1036 1599 ac
1058 1570 1147 1599 non
1170 1555 1314 1614 potius
1338 1553 1660 1614 circumspicit,
1686 1562 1730 1598 et

338 1620 458 1665 videt
477 1638 590 1667 raras
613 1639 702 1668 esse
719 1624 915 1670 ecclesias
932 1661 942 1680 ‚
970 1626 1038 1670 vel
1066 1626 1109 1669 in
1135 1626 1342 1681 urbibus,
1374 1626 1444 1671 vel
1464 1627 1506 1670 in
1530 1625 1727 1681 ruribus,

338 1708 437 1752 quae
469 1709 556 1738 non
592 1695 784 1739 habeant
807 1696 851 1739 in
875 1697 1129 1741 criminibus
1159 1696 1373 1752 detectos,
1400 1706 1444 1742 et
1472 1714 1496 1742 a
1526 1697 1733 1742 clericatu

335 1761 524 1818 dejectos
562 1765 778 1821 homines,
831 1783 932 1811 cum
972 1767 1186 1822 laterent,
1230 1769 1461 1829 bonosque
1499 1783 1544 1813 se
1586 1766 1729 1812 videri
1797 1790 1799 1822 i

337 1833 498 1878 vellent
529 1850 629 1879 cum
669 1837 769 1880 mali
807 1849 974 1894 essent,
1020 1848 1062 1883 et
1104 1849 1241 1885 castos
1273 1839 1417 1899 putari
1447 1855 1547 1884 cum
1583 1846 1730 1884 essent

337 1904 537 1948 adulteri.
564 1909 729 1966 Nempe
752 1909 841 1953 ficti
864 1919 1010 1954 crant:
1036 1926 1194 1970 nempe
1219 1911 1401 1971 Spiritus
1423 1919 1600 1955 sanctus
1627 1924 1725 1964 eOS,

337 1975 448 2020 sicut
477 1979 687 2037 scriptum
709 1989 794 2035 est,
836 1979 1031 2040 fugiebat
1052 1984 1080 2026 ¹.
1126 1984 1192 2026 Ex
1226 1982 1412 2026 istorum
1447 1996 1548 2040 ergo
1578 1981 1726 2026 adhuc

1787 1320 1793 1354 i

1788 1416 1795 1539 ὲ

1788 1566 1797 1637 l

1791 1640 1799 1725 ἑ

1791 1738 1799 1782 ε

1795 1842 1803 1973 Ξ

334 2043 600 2093 latitantium
638 2051 766 2095 turba
801 2052 1000 2110 prosiluit
1034 2052 1109 2097 ille
1152 2053 1346 2113 perfidus
1390 2068 1523 2113 quem
1559 2067 1724 2113 propo·
1791 2110 1795 2121 .

336 2118 401 2160 sui
424 2136 432 2161 :
454 2119 561 2177 quid
590 2135 640 2163 ex
671 2137 740 2166 me
765 2124 924 2182 quoerit
946 2124 1065 2169 unde
1086 2125 1358 2183 prosiluerit,
1384 2124 1593 2170 claudens
1614 2139 1726 2170 ocu-

334 2185 398 2231 los
431 2189 633 2235 adversus
656 2201 821 2237 tantam
843 2195 1040 2249 turbam,
1075 2196 1192 2240 unde
1225 2196 1259 2240 si
1280 2196 1358 2240 soli
1386 2195 1723 2240 considerentur
1785 2194 1789 2198 ’

336 2260 412 2319 qui
433 2261 633 2307 convinci
655 2263 872 2325 dejicique
894 2275 1158 2325 potuerunt,
1183 2268 1348 2312 sonitus
1376 2282 1531 2312 eorum
1560 2266 1723 2311 sufficit
1782 2289 1789 2292 >

336 2346 478 2376 caecls.

392 2406 621 2450 XXXVII.
662 2407 777 2460 Quid
799 2408 918 2467 quod
935 2410 1063 2453 etiam
1077 2411 1169 2470 ipse
1187 2410 1331 2470 posuit
1346 2409 1392 2454 in
1415 2408 1594 2470 epistola
1612 2425 1691 2454 sua
1712 2427 1722 2454 :

339 2492 358 2514 «
394 2475 753 2527 Quodvultdeum
791 2479 846 2524 de
882 2480 1056 2526 duobus
1094 2481 1317 2527 adulteriis
1340 2481 1457 2542 apud
1495 2496 1570 2527 vos
1612 2496 1724 2526 con-

389 2563 396 2579 ¹
416 2562 491 2602 Sap.
511 2572 537 2601 i,
563 2563 593 2594 5.
