1825 3264
356 222 437 263 124
787 233 819 258 s.
857 229 1086 258 aucus‘ruu
1120 230 1299 257 EPlseol’l

352 297 620 358 allegationis
643 305 761 356 gesta
784 304 998 353 testantur
1012 330 1023 352 ‚
1049 311 1147 355 pars
1170 295 1326 340 Donati
1346 293 1645 339 universaliter
1661 309 1739 339 usa

351 380 434 415 est:
451 369 590 413 multo
602 368 745 413 minus
759 383 836 413 nos
856 367 1072 412 criminari
1091 383 1114 412 a
1132 367 1255 411 vobis
1277 366 1505 420 debemuS‚
1528 373 1740 426 tanquam

349 457 570 502 speremus
590 441 637 485 in
654 440 832 485 homine
852 450 895 486 et
916 440 962 484 in
984 440 1179 500 principe
1194 474 1204 494 ,
1225 440 1259 483 si
1281 438 1389 498 quid
1407 453 1430 482 a
1447 438 1738 483 Constantino

349 512 419 558 vel
442 530 465 557 a
497 513 660 557 caeteris
697 511 937 556 christianis
971 510 1304 570 imperatoribus
1327 543 1338 565 ,
1377 508 1498 553 nulla
1531 508 1739 568 sacrilega

348 583 598 643 adulatione
635 583 866 643 petivimus
892 601 901 628 ε
927 591 1002 626 aut
1037 583 1069 625 si
1101 580 1207 641 quid
1242 580 1325 640 ipsi
1358 595 1448 625 non
1483 579 1740 639 petentibus

350 654 492 709 nobis,
513 668 726 698 memores
741 652 918 698 rationis
935 667 1067 713 quam
1085 651 1271 697 Domino
1287 649 1499 695 reddituri
1520 658 1639 705 sunt,
1656 649 1740 694 sub

350 726 474 785 cujus
502 724 643 769 verbis
676 733 871 769 tremunt
893 739 993 768 cuni
1026 722 1211 767 audiunt
1238 737 1336 782 quae
1359 721 1449 781 ipse
1470 735 1741 766 commemo·

350 795 467 848 rasti,
487 814 504 835 «
528 797 585 839 Et
607 810 725 839 nunc
748 810 868 853 reges
886 793 1133 852 intelligite,
1149 803 1262 837 cte.»
1289 801 1333 837 et
1355 792 1436 836 alia
1455 790 1610 847 multa,
1626 790 1741 836 ultro

349 881 429 926 pro
452 865 657 911 Ecclesiae
684 865 911 911 catholicae
928 866 1095 910 unitate
1115 866 1406 909 constituunt.
1435 862 1521 908 Sed
1549 871 1670 907 taceo
1686 862 1742 906 de

350 937 638 982 Constantino
666 956 675 982 z
711 937 932 982 Christum
962 945 1005 980 et
1033 934 1257 979 sulianum
1288 934 1411 979 vobis
1444 933 1740 993 opponimu53

350 1023 503 1068 parum
522 1008 645 1060 dico,
673 1011 809 1053 Deum
833 1017 876 1052 et
895 1008 1117 1052 hominem
1134 1041 1145 1061 ‚
1171 1007 1331 1051 Filium
1352 1006 1429 1050 Dei
1445 1013 1489 1049 et
1506 1004 1645 1048 filium
1666 1019 1742 1062 ge-

349 1079 521 1122 hennae.
546 1078 811 1123 Salvatorem
831 1079 1075 1123 animarum
1091 1086 1335 1121 nostrarum
1350 1085 1393 1120 et
1414 1073 1744 1119 interfectorem

349 1150 504 1194 animae
526 1165 630 1194 suae.
657 1151 746 1194 Cur
767 1149 813 1193 in
836 1149 1019 1194 basilicis
1041 1147 1311 1208 possidendis
1345 1145 1507 1191 Juliani
1539 1146 1743 1204 Rescrip-

351 1229 445 1264 tum
480 1221 631 1264 tenetis
645 1255 656 1276 ‚
694 1229 738 1264 et
771 1220 824 1264 ‘in
857 1220 1060 1264 Ecclesiae
1094 1234 1199 1278 pace
1234 1216 1539 1277 amplectanda
1582 1215 1745 1261 Christi

350 1291 640 1350 Evangelium
658 1306 747 1335 non
770 1291 925 1335 tenetis
947 1289 1228 1335 ?Clamamus
1250 1298 1294 1333 et
1315 1304 1393 1333 nos
1419 1307 1429 1334 ;
1456 1289 1565 1340 Quae
1589 1301 1745 1346 perpe-

351 1377 442 1405 ram
474 1370 592 1420 gesta
623 1371 752 1416 sunt,
777 1363 822 1405 in
846 1361 1075 1420 antiquum
1099 1369 1260 1405 statum
1283 1368 1442 1404 cuncta
1465 1366 1738 1402 revocentur.

351 1432 583 1491 Antiquius
610 1441 673 1476 est
690 1430 979 1491 Evangelium
1002 1431 1179 1485 Christi,
1203 1445 1334 1491 quam
1362 1430 1638 1488 Rescriptum
1660 1430 1743 1472 Ju-

351 1502 454 1546 liani
475 1521 484 1546 :
510 1503 731 1562 antiquior
755 1511 820 1546 est
836 1503 980 1546 unitas
1001 1502 1179 1556 Christi,
1200 1516 1332 1561 quam
1355 1515 1453 1559 pars
1467 1498 1646 1544 Donati:
1668 1514 1745 1542 an·

352 1573 558 1633 tiquiores
580 1583 683 1618 sunt
715 1573 920 1618 Ecclesiae
955 1587 1103 1632 preces
1134 1572 1189 1617 ad
1219 1573 1454 1616 Dominum
1477 1585 1556 1630 pro
1579 1570 1746 1614 unitate

352 1644 527 1698 Christi,
548 1660 680 1704 quam
699 1643 926 1702 Rogatiani
943 1653 985 1688 et
999 1643 1143 1687 Pontii
1165 1652 1210 1687 et
1228 1641 1419 1688 Cassiani
1441 1640 1496 1685 ad
1519 1643 1541 1684 J
1549 1639 1745 1684 ulianum

351 1730 430 1774 pro
453 1724 572 1773 parte
589 1717 758 1759 Donati.
785 1718 853 1759 An
877 1729 1102 1774 perperam
1126 1714 1304 1771 geritur,
1331 1728 1431 1757 cum
1448 1727 1568 1771 reges
1591 1710 1744 1770 prohi-

353 1784 459 1828 bent
481 1784 735 1829 divisionem
755 1820 766 1839 ,
791 1794 833 1829 et
855 1800 942 1829 non
971 1799 1195 1844 perperam
1230 1784 1410 1842 geritur,
1433 1797 1536 1827 cum
1553 1781 1746 1841 episcopi

351 1855 555 1900 dividunt
573 1858 786 1900 unitatem
808 1859 825 1899 ἱ)
848 1859 1079 1915 Pei-peram
1095 1855 1274 1914 geritur,
1302 1870 1403 1898 cum
1426 1855 1481 1898 ad
1499 1852 1746 1897 defenden-

352 1926 452 1969 dam
471 1925 724 1981 Ecclesiam,
744 1927 902 1972 Christi
927 1926 1175 1971 testimonio
1197 1939 1318 1984 reges
1340 1924 1536 1969 serviunt
1558 1944 1570 1981 3
1590 1932 1634 1967 et
1656 1937 1747 1967 non

354 2011 578 2056 perperam
602 1998 766 2056 geritur
781 2032 792 2052 ‚
818 2012 917 2042 cum
948 1996 1003 2041 ad
1028 1996 1274 2055 negandam
1298 1994 1534 2040 Ecclesiam
1551 2028 1562 2050 ,
1587 1992 1747 2038 Christi

356 2067 601 2111 testimonio
625 2068 814 2127 episcopi
841 2067 1150 2112 contradicunt
1173 2069 1191 2111 P
1219 2067 1507 2111 Obsecramus
1532 2079 1636 2124 ergo
1653 2099 1664 2118 ,
1697 2072 1748 2108 ut

356 2152 445 2180 non
467 2147 617 2182 contra
641 2137 947 2197 Evangelium,
960 2138 1034 2182 sed
1047 2137 1288 2192 secundum
1307 2135 1597 2194 Evangelium
1615 2134 1747 2178 etiam

356 2208 486 2251 verba
509 2208 640 2267 ipsius
662 2209 842 2264 Juliani,
870 2209 939 2253 cui
963 2210 1022 2254 sic
1041 2208 1330 2268 supplicastis,
1356 2206 1606 2261 audiantur,
1632 2214 1675 2250 et
1697 2220 1748 2250 ea

355 2293 455 2338 quae
476 2293 703 2338 perperam
729 2288 845 2338 gesta
884 2287 1014 2334 sunt,
1050 2279 1095 2323 in
1129 2278 1360 2339 antiquum
1389 2286 1551 2321 statum
1587 2283 1747 2320 cuncta

357 2358 631 2393 revocentur.

416 2421 630 2464 CCXXV.
667 2423 927 2464 Patruinus
943 2418 1075 2463 dixit:
1101 2421 1229 2473 «Vos,
1254 2433 1345 2472 vos,
1374 2418 1534 2472 miseri,
1555 2415 1744 2476 appello,

360 2489 437 2548 qui
460 2491 810 2547 persecutionum
834 2499 954 2534 metu
980 2490 1221 2549 perterriti,
1247 2488 1352 2533 dum
1388 2497 1548 2532 vestras
1579 2486 1748 2530 divitias

351 2573 450 2601 ⁴non
470 2559 632 2603 animas
646 2560 854 2619 quaeritis,
878 2575 968 2605 non
987 2569 1074 2605 tarn
1096 2559 1226 2604 sidem
1254 2558 1464 2618 perfidam
1487 2556 1744 2619 traditorum
