1825 3264
328 288 492 318 com-M
524 286 728 316 nrm-:us
759 287 993 326 nmmum,
1029 290 1111 316 Lm.
1148 290 1195 321 υ.
1310 298 1323 308 -
1399 272 1453 311 27

75 355 118 401 si
138 354 256 399 enim
276 351 532 398 incredibile
553 361 616 397 est
636 352 860 410 magistros
880 352 1289 397 Circumcellionum
1307 351 1455 396 solitas

73 434 232 470 mortes
255 423 427 468 sibimet
449 421 644 467 intulisse
661 457 672 476 ,
696 431 862 482 quanto
892 421 1187 466 incredibilius
1223 431 1456 481 potestates

73 497 291 540 Romanas
308 493 478 537 insolita
496 491 707 552 supplicia
726 492 881 551 jubere
900 492 1113 550 potuisse?
1135 494 1284 550 Itaque
1302 491 1357 534 de
1374 492 1456 535 hac

74 580 119 610 re
134 599 145 620 ,
170 579 302 625 quam
322 564 448 608 nimis
470 562 727 607 invidiosam
751 562 926 620 putatis,
945 562 978 605 si
1000 577 1152 606 verum
1170 570 1233 604 est
1255 561 1376 620 quod
1397 561 1458 605 di·

72 636 184 689 citis,
201 635 307 696 quid
323 635 406 679 hoe
418 635 605 693 pertinet
621 634 674 676 ad
692 633 966 677 Dominicum
980 632 1171 676 triticum
1193 650 1202 676 ι
1223 631 1345 675 Palea
1360 647 1458 690 quae

73 707 188 752 fotas
207 705 395 760 volavit,
431 704 597 764 paleam
627 720 726 764 quae
748 704 864 747 intus
901 703 1103 747 remansit
1135 711 1309 746 accuset
1336 721 1345 746 :
1371 717 1459 745 non

71 777 187 822 enim
219 784 308 820 tota
331 776 514 835 poterit,
550 775 628 818 nisi
655 773 896 819 ventilabro
915 773 1070 816 ultimo
1086 772 1288 831 separari.
1316 772 1356 816 Si
1381 787 1460 815 au-

73 856 160 892 tem
185 844 340 890 falsum
368 855 453 897 est,
483 844 589 905 quid
615 845 771 888 mirum
799 845 832 888 si
861 844 978 903 palea
1002 853 1212 903 tanquam
1245 842 1329 886 levi
1353 843 1461 886 ssatu

73 917 346 962 dissensionis
358 916 520 970 ablata,
539 915 668 959 etiam
686 914 959 959 Dominicum
980 913 1173 958 triticum
1187 912 1302 956 falsis
1323 912 1462 956 crimi-

74 986 325 1031 nationibus
348 986 608 1030 insectatur?
629 988 905 1043 Quapropter
925 984 980 1027 de
996 983 1199 1028 omnibus
1222 982 1383 1026 talibus
1402 982 1464 1026 in-

75 1056 252 1101 vidiosis
284 1055 538 1100 criminibus
562 1055 646 1099 hoc
677 1054 796 1098 vobis
834 1052 1102 1097 frumentum
1135 1053 1318 1106 Christi,
1344 1050 1464 1112 quod

64 1140 155 1186 ,per
175 1141 326 1184 agrum
341 1160 352 1179 ‚
377 1125 421 1168 id
444 1134 523 1179 est,
548 1139 625 1183 per
642 1133 783 1168 totum
808 1125 1024 1167 mundum
1047 1138 1146 1167 cum
1163 1123 1332 1166 zizaniis
1349 1137 1464 1166 cres-

75 1212 173 1242 cere
189 1198 358 1256 jussum
387 1205 465 1249 est,
493 1195 627 1238 libera
648 1204 691 1238 et
713 1209 860 1238 secura
894 1209 1000 1237 voce
1021 1193 1256 1252 respondet
1278 1211 1286 1236 z
1313 1193 1354 1236 Si
1373 1207 1460 1236 non

75 1268 268 1328 probatis
290 1265 410 1325 quod
423 1264 581 1319 dicitis,
600 1264 655 1308 ad
671 1265 889 1307 neminem
910 1264 1098 1322 pertinet
1118 1282 1127 1307 z
1149 1264 1183 1306 si
1202 1271 1347 1306 autem
1368 1277 1462 1320 pro·

45 1355 61 1362 ·
77 1337 204 1390 batis,
225 1336 279 1380 ad
295 1351 364 1380 me
381 1351 469 1380 non
493 1335 696 1393 pertinet.
718 1337 782 1377 Ex
797 1349 885 1393 quo
904 1333 969 1387 fir,
1000 1342 1045 1376 ut
1062 1333 1329 1392 quicumque
1350 1347 1394 1374 se
1409 1332 1463 1374 ab

76 1407 153 1452 ista
174 1407 340 1450 unitate
350 1405 561 1450 frumenti
577 1413 753 1463 propter
768 1403 1048 1456 zizaniorum,
1058 1400 1128 1445 vel
1140 1401 1272 1460 paleae
1285 1401 1465 1444 crimina

76 1477 302 1536 separavit,
329 1486 506 1536 propter
522 1476 664 1534 ipsum
691 1473 965 1517 dissensionis
980 1481 1022 1515 et
1044 1471 1283 1518 schismatis
1302 1470 1464 1514 malum

82 1563 162 1592 nec
181 1548 236 1592 ab
253 1548 345 1606 ipso
362 1547 541 1591 crimine
560 1543 783 1590 homicidii
797 1559 842 1588 se
862 1544 996 1602 possit
1018 1541 1270 1594 defendere,
1293 1540 1464 1584 dicente

81 1618 302 1675 Scriptura
324 1636 333 1661 ε
354 1635 370 1655 «
392 1617 476 1669 Qui
501 1615 594 1660 odit
610 1614 787 1659 fratrem
811 1628 955 1666 suum,
972 1611 1190 1655 homicida
1205 1612 1309 1654 est¹.
1339 1628 1359 1651 n

136 1689 314 1732 XLVlI.
339 1690 600 1731 Pnnmmus
619 1684 727 1728 dixit
749 1703 757 1728 :
783 1686 953 1741 «Ergo,
972 1691 1020 1725 ut
1040 1681 1239 1735 diximus,
1260 1681 1467 1724 Dominus

78 1757 275 1803 Christus
305 1757 507 1801 clamavit
528 1755 583 1799 ad
612 1753 823 1810 Paulum3
852 1772 871 1794 «
900 1752 1050 1806 Saule,
1076 1751 1231 1805 Saule,
1262 1751 1370 1810 quid
1397 1765 1467 1793 me

82 1846 104 1871 n
138 1828 432 1888 persequeris?
455 1830 623 1871 Durum
658 1835 719 1870 est
751 1825 828 1869 tibi
856 1824 1058 1868 adversus
1088 1822 1314 1866 stimulum
1343 1820 1468 1865 calci-

83 1918 104 1941 »
140 1902 293 1943 trare2.
324 1917 344 1939 »
366 1898 481 1942 Dixit
503 1907 648 1942 autem
674 1895 831 1940 Paulus
853 1915 861 1939 :
889 1894 994 1947 Quis
1017 1909 1076 1948 es,
1099 1893 1306 1937 Domine?
1330 1892 1468 1950 Eique

82 1983 334 2029 responsum
349 1978 413 2012 est
436 1987 444 2012 :
467 1986 486 2009 «
509 1971 603 2026 Ego
617 1966 814 2011 Christus
830 1967 1092 2016 Nazarenus,
1111 1979 1242 2022 quem
1266 1972 1311 2005 tu
1331 1975 1469 2019 perse-

85 2058 106 2082 »
141 2042 342 2100 queris.»
369 2042 426 2083 Et
459 2038 532 2082 ille
566 2048 755 2082 tremens
790 2053 838 2080 ac
860 2046 1037 2094 stupens
1059 2036 1187 2078 dixit.-
1217 2053 1233 2073 «
1262 2034 1465 2087 Domine,

86 2129 108 2153 »
142 2110 250 2170 quid
269 2125 337 2154 me
352 2110 416 2154 vis
439 2109 616 2153 facere?
639 2127 658 2149 »
688 2111 742 2151 Et
767 2108 975 2151 Dominus
1003 2106 1056 2150 ad
1084 2105 1232 2159 illum,
1260 2124 1279 2146 «
1315 2106 1465 2161 Surge,

87 2198 108 2222 n
144 2189 186 2224 et
203 2180 316 2223 intra
333 2179 379 2223 in
401 2179 637 2231 civitatem,
664 2187 706 2221 et
727 2177 896 2221 dicetur
909 2177 987 2220 tibi
1002 2176 1108 2236 quid
1130 2185 1170 2218 te
1187 2183 1384 2233 oporteat
1402 2172 1467 2216 fa-

89 2268 110 2293 »
144 2265 255 2294 cere.
277 2269 295 2291 »
313 2252 370 2293 Et
386 2248 664 2306 interpositis,
686 2267 705 2289 «
730 2247 920 2292 Surrexit
938 2255 1081 2289 autem
1098 2245 1251 2289 Saulus
1268 2245 1323 2288 de
1339 2253 1465 2297 terra,

89 2338 110 2362 »ι
148 2319 392 2378 apertisque
420 2317 556 2362 oculis
585 2318 671 2361 suis
700 2317 808 2360 nihil
832 2316 1020 2360 videbat.
1048 2333 1067 2355 »
1096 2316 1133 2358 Ο
1157 2315 1286 2357 ultrix
1311 2313 1469 2356 luroris

86 2391 276 2443 sancitas,
306 2389 532 2433 oculorum
570 2387 865 2447 persequentis
897 2386 1046 2430 lumen
1079 2384 1339 2439 obnubilas,
1377 2383 1469 2425 solo

86 2460 300 2520 baptismo
318 2458 554 2502 recessura!
580 2458 812 2501 Videamus
826 2471 929 2514 ergo
947 2456 991 2498 in
1008 2455 1180 2498 civitate
1197 2451 1303 2512 quid
1321 2452 1466 2510 gessit.

89 2529 277 2580 Introiit,
302 2528 461 2588 inquit,
480 2527 666 2571 Ananias
695 2525 751 2570 ad
774 2525 968 2571 Saulum.
994 2527 1047 2568 Et
1069 2539 1170 2567 cum
1198 2522 1472 2581 imposuisset

137 2616 147 2636 ¹
168 2615 259 2646 Joan.
277 2623 329 2654 iu,
354 2612 403 2643 153.
419 2628 459 2635 -
475 2618 487 2633 ²
510 2613 576 2643 Act.
599 2621 641 2651 ix,
669 2610 699 2651 4.
