1825 3264
484 279 535 305 m:
569 278 755 305 mvl-rmus
787 277 1001 304 ECCLESYAE.
1350 267 1433 305 233

56 342 268 388 »salvatio
291 351 435 386 autem
459 357 551 386 mea
566 341 676 386 sieut
692 341 942 401 luxjustitia
968 357 1076 397 mea,
1095 342 1273 388 salvatio
1291 352 1435 387 autem

55 428 177 458 »mes
193 413 304 457 sicut
319 411 462 456 facula
478 403 723 466 'ardebit‚et
745 411 958 456 videbunt
982 427 1131 457 omnes
1150 423 1296 472 gentes
1305 413 1436 473 justi-

54 503 74 526 »
87 485 189 528 tiam
210 492 343 539 tuam,
358 493 402 528 et
415 498 532 542 reges
547 484 753 528 honorem
773 492 898 527 tuum
919 504 930 542 3
954 483 1179 528 etvocabit
1203 493 1243 528 te
1262 485 1438 528 nomine

53 564 162 599 »tuo
180 569 309 610 novo,
321 554 441 614 quod
459 554 667 599 Dominus
679 551 996 613 vocavitillu'dg
1011 563 1054 599 et
1069 555 1152 598 eris
1169 569 1328 599 corona
1344 554 1438 614 pul·

54 625 345 670 »chritudinis
381 626 427 669 in
466 633 701 683 conspectu
735 624 904 669 Domini
929 659 940 679 ,
965 633 1010 668 et
1031 623 1229 668 diadema
1252 626 1371 682 regni
1393 625 1439 668 in

54 711 218 740 »manu
235 696 312 740 Dei
334 695 398 739 tui
415 715 426 752 3
441 704 484 739 et
496 697 585 755 jam
601 694 917 740 nonvocaberis
937 693 1159 748 derelicta,
1173 703 1216 739 et
1239 703 1350 739 terra
1365 704 1439 739 tua

53 785 74 807 »
86 782 175 811 non
192 767 418 811 vocabitur
445 766 628 811 deserta.
658 768 723 810 Tu
744 767 860 810 enim
873 765 1095 811 vocaberis
1110 764 1312 810 voluntas
1325 780 1436 821 mea,

53 847 129 882 »et
146 847 257 882 terra
280 846 352 881 tua
371 837 488 882 orbis
510 847 720 881 terrarum
744 840 774 880 ,¹
790 856 809 878 »
832 836 947 891 Quid
965 836 1050 881 dici
1073 835 1343 880 manifestius
1360 835 1440 880 ad-

49 909 136 953 huc
159 907 422 967 exigendum
439 910 529 953 est?
550 911 662 953 Ecce
690 923 740 951 ex
762 923 852 952 uno
879 908 1094 967 Propheta
1118 922 1248 967 quam
1272 906 1410 950 multa
1427 941 1438 962 ‚

49 994 181 1038 quam
204 978 314 1023 clara
334 998 343 1024 :
365 988 408 1023 et
427 989 574 1023 tamen
589 979 800 1022 resistitur
815 986 858 1021 et
875 976 1208 1031 contradicitur,
1234 992 1323 1021 non
1345 977 1441 1020 cui-

50 1064 183 1108 quam
206 1049 394 1104 homini,
422 1049 496 1093 sed
520 1049 698 1108 Spiritui
722 1049 820 1103 Dei,
841 1057 883 1092 et
901 1048 1231 1093 evidentissimae
1252 1048 1438 1092 veritati.

50 1122 107 1164 Et
131 1128 274 1163 tamen
306 1119 361 1163 ab
399 1119 457 1163 eis
489 1119 565 1178 qui
596 1119 772 1163 nomine
793 1119 1025 1163 christiano
1054 1117 1227 1177 gloriari
1259 1117 1438 1172 volunt,

51 1190 197 1248 gloriae
219 1191 378 1234 Christi
401 1190 532 1249 ipsius
554 1190 788 1243 invidetur,
811 1205 866 1233 ne
889 1190 982 1244 ista,
1008 1204 1107 1249 quae
1128 1198 1251 1233 tanto
1271 1197 1370 1232 ante
1388 1188 1442 1232 de

50 1259 127 1304 illo
150 1260 442 1318 praenuntiata
466 1268 594 1314 sunt,
620 1259 854 1304 credantur
878 1258 1076 1318 impleri,
1112 1274 1210 1303 cum
1233 1260 1321 1318 jam
1353 1273 1442 1302 non

51 1331 419 1390 praenuntiantur,
436 1330 512 1374 sed
524 1328 829 1383 ostenduntur,
848 1329 1067 1382 videntur,
1085 1338 1305 1372 tenentur.
1326 1331 1444 1372 Jam-

51 1416 154 1446 vero
172 1402 206 1446 si
227 1401 282 1445 de
305 1401 506 1445 omnibus
526 1400 750 1459 Prophetis
771 1399 976 1444 Ecclesiae
995 1400 1286 1460 praesignatae,
1312 1413 1443 1459 quam

50 1472 161 1516 sicut
192 1471 377 1530 legimus
396 1505 407 1525 ‚
448 1471 664 1514 cernimus
691 1505 701 1524 ,
732 1469 978 1514 testimonia
1015 1468 1217 1527 colligere
1252 1469 1298 1513 in
1331 1469 1444 1513 hanc

52 1557 186 1586 unam
200 1542 426 1601 epistolam
440 1541 568 1585 velim
586 1562 596 1598 3
616 1555 767 1584 vereor
778 1556 832 1584 ne
844 1541 935 1600 ipse
948 1539 1296 1599 videarjudicare
1309 1554 1446 1598 pauca

52 1627 142 1656 esse
158 1647 169 1665 ‚
195 1627 295 1672 quae
317 1621 403 1656 tam
427 1611 564 1656 multa
586 1621 689 1656 sunt
709 1647 719 1666 ,
743 1621 793 1655 ut
819 1627 870 1655 ex
898 1612 980 1655 isto
1002 1610 1093 1655 solo
1122 1613 1229 1654 Isara
1249 1611 1282 1654 si
1300 1610 1446 1654 omnia

51 1697 313 1741 congregare
350 1681 505 1726 vellem
535 1716 546 1736 ,
599 1681 778 1726 modum
830 1681 965 1726 debiti
1010 1681 1218 1725 sermonis
1265 1679 1449 1724 excede-

51 1766 158 1796 rem.

108 1823 207 1866 XX.
233 1824 329 1866 Jam
353 1837 456 1881 ergo
486 1837 623 1881 pauca
644 1820 699 1865 de
724 1820 902 1865 Psalmis
925 1819 1176 1875 audiamus,
1203 1829 1324 1864 tanto
1347 1829 1447 1864 ante

51 1901 222 1936 cantata
238 1927 249 1947 ,
278 1902 321 1936 et
344 1894 566 1952 nuncjam
590 1892 797 1951 compleri
816 1907 915 1936 cum
944 1907 1104 1951 magno
1122 1891 1279 1950 gaudio
1296 1892 1446 1935 videa-

51 1977 163 2006 mus.
179 1964 235 2006 Et
254 1962 371 2021 prius
390 1961 501 2006 illud
520 1963 659 2019 ipsum
681 1963 799 2021 quod
826 1961 1060 2006 Petilianus
1084 1963 1128 2005 in
1151 1961 1344 2020 Epistola
1371 1976 1447 2004 sua

32 2047 141 2091 ·quo
162 2047 237 2075 ore
258 2034 451 2090 posuerit
476 2032 668 2085 nescio²‚
695 2033 877 2076 audiant
895 2031 1165 2090 etjudicent.
1196 2050 1215 2072 «
1239 2031 1447 2074 Dominus

56 2101 194 2145 »dixit
220 2100 275 2145 ad
297 2117 381 2156 me,
398 2101 534 2145 Filius
556 2116 676 2144 meus
696 2110 803 2144 estu
825 2120 832 2144 :
862 2115 941 2158 ego
967 2099 1095 2144 hodie
1118 2101 1249 2159 genui
1272 2103 1448 2144 te.Pos-

56 2189 75 2212 »
90 2171 180 2215 tula
202 2187 225 2215 a
245 2187 329 2226 me,
343 2180 386 2215 et
404 2171 521 2215 dabo
544 2171 623 2214 tibi
647 2180 796 2229 gentes
815 2170 1112 2214 haereditatem
1135 2179 1272 2224 tuam,
1288 2179 1331 2213 et
1353 2185 1449 2228 pos-

55 2241 318 2285 »sessionem
353 2250 474 2284 tuam
506 2241 613 2284 fines
647 2249 772 2284 terrae
790 2243 822 2284 ³.
853 2259 873 2280 n
901 2240 1006 2292 Quis
1043 2240 1158 2283 enim
1178 2239 1448 2284 Christianus

53 2326 250 2370 unquam
271 2309 487 2355 dubitavit
516 2311 600 2355 hoc
633 2309 687 2354 de
721 2310 894 2354 Christo
931 2325 1020 2353 esse
1056 2310 1312 2369 praedictum
1335 2344 1345 2363 ‚
1373 2318 1449 2352 aut

54 2383 167 2426 hanc
199 2382 497 2426 haereditatem
528 2381 645 2425 aliud
675 2397 805 2440 quam
830 2381 1063 2425 Ecclesiam
1087 2395 1176 2424 esse
1202 2378 1448 2423 intellexit?

55 2454 113 2497 Et
133 2452 235 2511 quia
258 2452 395 2496 bonos
418 2460 461 2494 et
483 2450 619 2494 malos
643 2451 755 2494 intra
778 2451 926 2494 eadem
952 2451 1055 2493 retia
1079 2458 1446 2494 sacramentorum

56 2532 149 2568 erat
170 2511 370 2566 liabitura
399 2542 407 2566 2
439 2540 458 2562 «
485 2525 624 2580 Reges
647 2537 741 2576 cos,
768 2522 932 2580 inquit,
958 2522 1002 2564 in
1025 2522 1143 2580 virga
1166 2520 1324 2575 ferrea,
1348 2530 1446 2565 tan-

109 2631 115 2645 ¹
141 2623 213 2657 lsai.
232 2634 307 2665 ιιιι,
330 2634 356 2656 ι.
374 2640 414 2647 -
434 2630 444 2644 ⁷
469 2621 686 2665 Fortejquare
699 2623 851 2665 posuerit.
866 2620 928 2647 ——3
947 2622 1027 2655 Psal.
1046 2633 1080 2664 n,
1102 2634 1134 2665 7.
