1825 3264
337 290 500 320 comum
533 290 734 320 numus
766 293 1004 332 Perimam,
1041 297 1123 322 Lm.
1161 296 1210 321 11.
1416 285 1470 322 99

87 356 393 402 noluitinferri
416 366 617 413 mortem,
633 357 708 402 sed
725 357 911 418 relinqui
934 360 1179 404 carnificem
1201 359 1355 404 vitam:
1376 359 1475 404 vide

86 443 142 472 ne
162 427 274 472 forte
291 428 374 472 hoc
393 429 464 483 sit,
490 428 611 488 quod
626 443 725 472 cum
738 428 849 487 regis
860 443 934 472 cor
947 428 992 472 in
1007 444 1140 473 manu
1163 429 1239 474 Dei
1261 430 1330 484 sit,
1352 429 1470 474 unde

86 496 244 542 multas
278 497 334 542 ad
369 513 445 543 vos
475 497 816 543 commonendos
843 506 886 543 et
913 499 1206 558 corripiendos
1234 500 1350 559 leges
1382 500 1474 559 ipse

85 567 337 623 constituit,
359 566 482 612 nulla
512 577 658 613 tamen
679 567 748 613 lex
776 569 893 627 regia
930 583 1005 614 vos
1028 569 1154 629 jussit
1186 570 1325 614 occidi
1346 590 1357 627 3
1381 568 1473 615 for-

85 647 194 683 tasse
215 648 462 698 propterea,
479 648 529 684 ut
549 639 816 700 quicumque
835 648 1027 685 vestrum
1046 640 1092 684 in
1112 640 1320 699 pertinaci
1339 640 1471 684 sacri-

83 707 169 768 legi
190 707 346 754 furoris
367 725 468 755 aura
487 710 738 770 persistunt,
761 712 871 756 Cain
889 709 1117 770 parricidae
1135 708 1365 769 supplicio,
1383 710 1472 754 vita

81 780 281 824 carnifice
307 782 571 825 crucientur.
599 782 800 840 Legimus
823 782 940 826 enim
965 780 1126 826 multos
1149 796 1172 825 a
1194 780 1361 825 famulo
1392 780 1470 823 Dei

85 852 236 908 Moyse
250 850 548 896 misericorder
559 851 829 896 interfectos:
845 867 948 896 nam
964 852 1010 896 in
1024 867 1075 897 eo
1090 851 1211 912 quod
1227 866 1305 910 pro
1317 865 1470 895 eorum

86 918 254 965 nefario
270 921 491 980 sacrilegio
513 922 573 966 sic
595 930 659 966 est
677 922 912 967 Dominum
933 921 1205 982 deprecatus,
1224 930 1274 966 ut
1285 920 1470 965 diceret:

91 1009 112 1034 «
147 992 329 1036 Domine
348 993 382 1036 si
403 992 584 1037 dimittis
603 991 686 1037 illis
708 1002 951 1052 peccatum,
984 993 1157 1037 dimitte
1178 1013 1190 1051 3
1220 992 1287 1037 sin
1309 1000 1470 1046 autem,

89 1079 111 1103 »
146 1060 244 1106 dele
277 1077 346 1106 me
373 1062 428 1106 de
456 1063 570 1108 libro
602 1072 678 1107 tuo
702 1064 713 1089 ¹
749 1084 760 1121 3
788 1081 808 1105 »
834 1063 1067 1108 ineffabilis
1094 1064 1185 1124 ejus
1212 1063 1398 1107 charitas
1431 1069 1476 1105 et

89 1132 381 1178 misericordia
402 1133 501 1178 satis
523 1143 715 1194 apparet.
742 1134 970 1194 Numquid
992 1150 1096 1194 ergo
1118 1135 1266 1180 subito
1288 1132 1476 1179 crudelis

88 1203 269 1248 effectus
290 1212 369 1259 est,
388 1219 491 1248 cum
511 1203 567 1249 de
589 1213 737 1250 monte
759 1204 1025 1249 descendens
1052 1213 1119 1250 tot
1140 1204 1276 1248 millia
1302 1203 1477 1264 juberet

89 1273 227 1319 occidi
248 1276 266 1318 Ξ)
287 1275 568 1320 Considerate
591 1276 739 1336 itaque
762 1291 816 1320 ne
836 1275 949 1320 forte
973 1277 1135 1335 majore
1149 1274 1372 1320 iracundia
1398 1273 1474 1318 Dei

88 1359 165 1404 per
195 1353 261 1389 tot
288 1344 406 1404 leges
439 1345 643 1390 adversus
665 1361 740 1391 vos
763 1345 871 1389 latas
893 1361 918 1389 a
937 1344 1062 1389 nullo
1087 1348 1354 1404 Imperatore
1370 1344 1478 1403 jussi

89 1412 257 1460 fueritis
281 1413 436 1460 occidi.
467 1418 536 1460 An
573 1414 635 1460 illi
673 1414 905 1460 fratricidae
940 1430 1031 1460 non
1058 1429 1135 1459 vos
1163 1414 1481 1473 comparandos

91 1486 288 1545 putatis?
309 1486 470 1531 Audite
487 1487 724 1531 Dominum
746 1501 820 1546 per
839 1486 1102 1545 Prophetam
1117 1483 1361 1530 dicentem:
1378 1484 1481 1529 «Ab

96 1574 116 1598 »
150 1566 250 1601 ortu
276 1556 376 1602 solis
402 1572 541 1618 usque
573 1557 628 1602 ad
659 1572 859 1602 occasum
898 1557 1187 1616 glorificatum
1221 1565 1285 1601 est
1318 1571 1481 1601 nomen

95 1645 116 1669 »
150 1643 298 1673 meum
319 1628 365 1672 in
386 1629 652 1684 nationibus,
675 1637 718 1673 et
748 1628 794 1672 in
816 1628 935 1672 omni
956 1628 1053 1672 loco
1078 1628 1303 1672 incensum
1322 1625 1478 1671 admo-

95 1716 115 1739 »
152 1698 321 1742 vebitur
351 1699 516 1743 nomini
546 1713 644 1744 meo
676 1707 720 1743 et
754 1699 892 1743 hostia
922 1713 1053 1758 pura⁸¹
1076 1700 1285 1755 Magnum
1317 1711 1480 1741 nomen

96 1785 116 1809 ι»
152 1783 298 1812 mcum
320 1768 365 1813 in
391 1769 665 1824 nationibus,
706 1769 811 1814 dicit
843 1769 1055 1813 Dominus
1083 1768 1360 1827 omnipotens
1384 1770 1417 1810 ².
1457 1783 1479 1806 »

93 1838 207 1883 Huic
222 1839 416 1884 fraterno
430 1840 636 1885 sacrificio
653 1855 783 1899 super
799 1838 920 1898 quod
941 1839 1113 1899 respicit
1137 1842 1267 1892 Deus,
1287 1835 1482 1881 invidere

93 1924 169 1955 vos
190 1925 267 1970 per
287 1909 526 1955 calumnias
540 1919 700 1955 vestras
730 1910 955 1955 ostenditis
981 1928 992 1956 ε
1017 1918 1060 1954 et
1076 1910 1110 1954 si
1131 1908 1310 1969 quando
1328 1906 1482 1952 audie-

94 1980 200 2036 ritis,
225 1997 249 2026 a
275 1981 375 2026 solis
401 1991 501 2027 ortu
521 1997 660 2042 usque
685 1981 740 2026 ad
767 1996 971 2026 occasum
1003 1979 1174 2025 laudari
1207 1994 1369 2024 nomen
1393 1981 1482 2022 Do-

95 2051 201 2095 mini
220 2051 235 2077 3
261 2052 410 2111 3quod
431 2061 495 2096 est
515 2053 666 2096 vivum
693 2051 973 2104 sacrificium,
1009 2049 1064 2093 de
1092 2065 1181 2109 quo
1200 2048 1367 2092 dictum
1389 2055 1481 2091 est:

100 2139 121 2163 «
155 2120 337 2166 Immola
360 2125 449 2166 Deo
470 2122 728 2166 sacrificium
749 2121 888 2165 laudis
907 2121 922 2145 ⁴
951 2139 959 2165 :
986 2138 1006 2161 »
1029 2119 1090 2164 ita
1112 2118 1314 2164 concidet
1335 2115 1484 2162 vultus

96 2199 250 2246 vester,
276 2201 325 2236 ut
338 2191 452 2236 illius
475 2191 721 2236 homicidae.
742 2190 827 2237 Sed
842 2191 945 2251 quia
965 2190 1217 2234 universum
1239 2189 1388 2233 orbem
1411 2188 1482 2231 in-

96 2261 295 2307 terimere
327 2278 416 2308 non
450 2263 651 2322 potestis,
696 2262 798 2307 odio
827 2262 920 2320 ipso
949 2261 1009 2305 rei
1045 2259 1282 2314 tenemini,
1313 2258 1486 2303 dicente

97 2334 265 2377 Joanne
288 2352 297 2379 :
332 2352 352 2375 «
375 2335 461 2387 Qui
483 2333 577 2378 odit
599 2334 777 2378 fratrem
808 2347 937 2377 suum
952 2367 963 2387 ,
988 2330 1208 2376 homicida
1231 2339 1294 2374 est
1318 2332 1348 2373 ⁵.
1376 2347 1393 2369 υ
1430 2331 1487 2372 Et

99 2403 266 2448 utinam
290 2405 497 2449 innocens
511 2405 644 2449 frater
660 2406 705 2449 in
726 2414 971 2449 vestrorum
989 2403 1134 2463 potius
1156 2398 1487 2447 Circumcellio-

152 2546 159 2560 ¹
182 2539 280 2572 Exod.
300 2550 400 2581 xxm,
420 2541 473 2571 31.
491 2557 527 2563 -
551 2547 561 2562 ¹
583 2541 704 2573 Matach
737 2552 760 2579 1,
785 2552 884 2572 11.—
904 2539 915 2562 ³
933 2538 1010 2572 Psai.
1030 2549 1101 2578 exn,
1124 2537 1153 2569 3.
1173 2554 1205 2560 -
1223 2536 1239 2561 4
1258 2537 1303 2568 ld.
1322 2546 1408 2574 nit,
1434 2534 1482 2574 14.

106 2594 170 2619 -5
201 2608 210 2628 ι
234 2597 325 2628 Joan.
349 2607 394 2635 ιν,
420 2596 469 2627 ιὸ.

1264 2669 1302 2706 7.
