1825 3264
306 295 389 334 472
742 302 772 327 S.
810 301 1037 329 AUGUSTIM
1071 300 1248 328 Erlscom

303 373 349 414 in
372 368 576 426 sacrilego
598 368 825 410 schismate
848 367 1085 424 baptizatos
1105 380 1195 409 non
1217 365 1502 422 rebaptizati5‚
1527 379 1683 422 pecca·

304 449 398 484 turn
414 452 490 482 vos
507 437 712 495 objecisse
726 433 845 494 quod
867 436 917 478 fit
937 435 981 477 in
1007 434 1212 492 Spiritum
1234 441 1450 486 sanctum,
1470 432 1541 477 cui
1557 434 1684 477 sacri-

299 509 465 566 legium
506 505 745 550 schismatis
782 505 983 563 objicitis,
1020 504 1131 547 sicut
1163 504 1208 546 in
1241 503 1483 560 Bagaiensis
1511 503 1684 547 concilii

300 576 513 621 sententia
545 575 836 619 declamatum
869 583 946 617 est.
991 573 1109 617 Sicut
1144 573 1259 616 enim
1291 587 1366 616 vos
1395 571 1494 616 ideo
1523 573 1684 631 putatis

303 646 379 690 illo
395 644 675 688 irremissibili
693 653 813 688 reatu
832 659 1028 702 peccasse
1042 644 1087 687 in
1105 643 1311 701 Spiritum
1327 651 1524 686 sanctum
1541 677 1553 698 ,
1575 657 1685 702 quos

304 715 511 759 accusatis
552 713 716 757 divinas
763 714 1003 771 Scripturas
1049 712 1288 756 exurendas
1338 712 1684 770 persecutoribus

302 784 549 837 tradidisse,
588 782 708 842 quod
741 782 912 826 easdem
948 783 1189 840 Scripturas
1226 781 1386 840 Spiritu
1423 791 1572 826 sancto
1601 782 1685 826 acti

302 854 438 897 locuti
460 862 561 896 sunt
583 852 779 896 homines
810 852 886 895 Dei
909 854 920 876 ¹
949 870 957 895 :
983 852 1042 894 ita
1062 851 1191 895 etiarn
1217 865 1295 894 nos
1317 866 1407 894 non
1425 851 1565 895 solum
1586 866 1685 896 ves-

302 924 376 967 tris
398 923 543 981 potius
561 922 836 965 traditoribus
851 936 960 980 quos
979 930 1095 979 gesta
1113 921 1394 975 convincunt,
1416 922 1500 965 hoc
1521 922 1685 965 crimen

301 1007 522 1051 possemus
556 992 741 1050 objicere
761 1025 773 1045 ,
807 990 881 1033 sed
913 999 956 1033 et
988 990 1207 1034 Feliciano
1227 1025 1238 1044 ‚
1279 999 1328 1034 ut
1353 990 1467 1045 dixi,
1498 992 1581 1036 hoc
1608 1006 1685 1036 vos

301 1061 506 1119 objecisse
535 1061 581 1102 in
606 1060 785 1103 crimine
806 1058 1002 1117 sacrilegi
1024 1060 1261 1104 schismatis
1280 1059 1560 1119 doceremus,
1583 1062 1686 1122 quia

300 1130 345 1172 in
366 1129 528 1187 Spiritu
549 1138 696 1172 saneto
719 1138 913 1172 servatur
937 1130 1078 1172 unitas
1101 1129 1343 1174 dilectionis
1360 1165 1372 1186 ,
1395 1139 1438 1174 et
1458 1131 1590 1190 pacis,
1615 1131 1684 1175 di-

298 1208 424 1243 cente
446 1198 653 1256 Apostolo
673 1217 680 1242 :
706 1217 726 1239 «
755 1201 1022 1243 Sustinentes
1045 1199 1229 1243 invicem
1252 1200 1297 1242 in
1321 1199 1570 1256 dilectione,
1590 1211 1685 1246 stu-

301 1286 321 1309 »
355 1267 505 1311 dentes
535 1283 703 1311 servare
735 1269 945 1311 unitatem
975 1269 1150 1327 spiritus
1182 1270 1226 1312 in
1256 1269 1430 1314 vinculo
1461 1271 1577 1329 pacis
1599 1273 1630 1314 ².
1661 1289 1681 1313 »

300 1341 441 1390 Quam
476 1337 672 1395 profecto
699 1338 848 1395 violat,
873 1338 948 1398 qui
971 1339 1153 1382 schisma
1176 1341 1424 1383 committit.
1459 1339 1543 1384 Sed
1568 1341 1685 1385 hunc

300 1416 469 1450 reatum
496 1405 741 1450 insolubilis
773 1408 1010 1466 aeternique
1044 1409 1223 1466 peccati,
1261 1408 1381 1468 quod
1407 1409 1453 1451 in
1477 1409 1683 1468 Spiritum

299 1486 496 1519 sanctum
516 1477 819 1530 committitur,
842 1492 920 1520 nec
938 1477 1059 1520 vobis
1074 1477 1319 1536 objicimus,
1342 1493 1452 1537 quos
1469 1489 1686 1524 correctos

299 1560 399 1588 cum
419 1545 559 1587 vivitis
580 1546 715 1588 sanari
740 1561 862 1603 posse
888 1561 975 1589 non
998 1547 1296 1604 desperamus,
1320 1562 1399 1591 nec
1422 1550 1587 1603 vestris,
1609 1550 1685 1609 qui

298 1624 467 1658 sanctos
486 1615 655 1658 codices
674 1615 928 1659 cremandos
951 1616 1123 1673 ignibus
1148 1616 1436 1670 tradiderunt,
1461 1617 1541 1662 nisi
1563 1619 1684 1678 quod

297 1684 492 1741 usquein
513 1684 643 1738 finem
661 1685 760 1726 vitae
780 1686 909 1742 hujus
932 1686 986 1727 ab
1007 1686 1171 1728 unitate
1192 1685 1412 1745 disjuncti,
1435 1703 1510 1732 cor
1529 1689 1684 1747 impoe—

299 1752 438 1794 nitens
467 1751 730 1794 habuerunt.
767 1755 853 1796 Nec
880 1753 1098 1797 Feliciano
1130 1763 1173 1797 et
1204 1758 1460 1800 Praetextato
1491 1758 1574 1802 hoc
1607 1773 1682 1803 vos

302 1820 506 1876 objecisse
535 1820 784 1875 ostenditis,
820 1836 920 1864 cum
952 1823 1111 1881 quibus
1138 1833 1284 1881 postea
1312 1827 1677 1883 communicastis,

300 1888 444 1946 quiin
477 1897 627 1932 catena
658 1888 869 1947 sacrilegii
901 1905 1002 1933 cum
1035 1891 1295 1936 Maximiano
1327 1894 1381 1937 ad
1417 1897 1683 1941 consortium

299 1957 490 1999 criminis
508 1957 632 2000 tracti
649 1992 659 2011 ,
683 1957 863 2015 plenarii
881 1959 1052 2003 concilii
1071 1961 1201 2004 vestri
1221 1977 1295 2005 ore
1315 1963 1506 2008 veridico
1526 1965 1684 2024 legun-

302 2035 374 2069 tur
391 2040 479 2068 esse
499 2027 692 2070 damnati
712 2061 723 2081 ,
744 2036 787 2071 et
804 2038 900 2086 post
922 2028 1035 2072 diem
1056 2028 1295 2086 dilationis,
1321 2047 1409 2077 non
1431 2035 1607 2093 quidem
1629 2037 1684 2080 il-

302 2094 355 2137 lis
367 2095 453 2152 jam
471 2094 702 2150 damnati8‚
720 2096 795 2139 sed
813 2096 904 2140 aliis
923 2107 1130 2158 tanquam
1152 2101 1457 2148 innocentibus
1474 2119 1682 2165 proroga—

307 2172 425 2216 tum,
454 2164 697 2222 probantur
720 2180 809 2209 esse
830 2169 1033 2226 suscepti.

357 2234 436 2276 XI.
456 2235 585 2285 Quod
607 2244 753 2278 autem
775 2251 863 2280 non
881 2238 960 2281 tibi
977 2238 1117 2297 placet
1139 2239 1348 2285 derivatio
1365 2243 1567 2296 nominis,
1586 2253 1638 2288 ut
1657 2260 1682 2290 a

301 2303 470 2346 Donato
495 2306 728 2348 Donatistae
747 2306 1037 2365 appellentur,
1058 2318 1102 2353 et
1120 2324 1266 2354 censes
1288 2310 1434 2355 latinae
1453 2312 1600 2370 regula
1615 2313 1672 2358 lo-

295 2372 481 2418 cutionis
497 2376 639 2433 potius
656 2376 962 2422 declinandum
977 2399 987 2435 3
1009 2395 1098 2423 non
1113 2396 1318 2439 aspernor
1337 2381 1680 2428 admonitionem

293 2452 411 2486 tuam
441 2463 448 2488 :
475 2456 772 2491 verumtamen
803 2465 950 2508 quaere
985 2452 1284 2508 grammaticos
1319 2453 1487 2511 judices
1506 2488 1517 2509 ‚
1560 2455 1678 2513 apud

292 2529 400 2569 quos
416 2530 516 2557 cum
536 2518 942 2564 Maximianensibus
965 2519 1019 2564 de
1041 2521 1121 2565 hac
1144 2530 1235 2565 arte
1257 2523 1463 2580 confligas
1478 2558 1488 2577 ,
1515 2539 1675 2584 eosque

343 2602 349 2615 ¹
375 2604 392 2626 ‘2
415 2598 494 2627 P⁴·11·.
522 2609 543 2630 ι,
565 2607 619 2630 521.
635 2616 674 2624 —
692 2607 702 2621 ²
726 2601 955 2642 Eplies.1v‚2.
