1825 3264
358 212 439 249 152
791 220 824 246 s.
861 217 1092 247 Atatsss'rnu
1126 218 1306 247 zmscom

353 301 480 330 mana
501 283 751 343 vaniloquia
788 281 1056 342 proferentes
1073 317 1083 337 ‚
1122 282 1178 326 ab
1202 281 1388 326 inimicis
1411 280 1558 340 gloriae
1579 280 1739 326 Christi

352 355 507 400 acerba
529 353 765 413 opprobria
785 353 1063 397 sustinemus.
1091 353 1243 397 Dicant
1272 351 1392 412 quod
1415 350 1599 405 volunt,
1631 349 1737 395 dum

350 426 422 470 ille
440 439 518 469 nos
539 425 808 480 exhortetur,
833 423 981 468 dicens
999 443 1007 468 ε
1033 442 1053 465 «
1073 424 1191 467 Beati
1208 423 1284 482 qui
1302 421 1646 481 persecutionem
1661 436 1738 480 pa·
1803 421 1806 448 ²

353 515 373 538 »
401 496 570 540 tiuntur
598 503 779 554 propter
813 495 1027 554 justitiam
1046 529 1057 549 ‚
1095 493 1197 554 quia
1233 493 1426 552 ipsorum
1461 501 1526 536 est
1556 506 1738 549 regnum

351 584 372 607 »
399 565 627 610 coelorum.
666 565 786 608 Beati
809 565 950 619 eritis,
992 579 1092 608 cum
1127 578 1203 607 vos
1231 561 1448 622 persecuti
1474 560 1667 616 fuerint,
1696 570 1741 606 et
1804 577 1807 592 ·

350 656 369 678 »
395 635 698 680 maledixerint
718 634 840 680 vobis
854 669 865 690 ,
892 643 934 679 et
955 635 1145 679 dixerint
1165 649 1295 679 omne
1317 632 1484 677 malum
1508 631 1740 676 adversum
1804 642 1808 667 ὲ

349 723 370 748 »
396 721 489 761 vos,
514 706 774 749 mentientes
794 713 970 764 propter
985 707 1096 749 me1.
1120 722 1139 746 »
1160 702 1290 758 Quod
1305 704 1364 747 ait
1380 702 1591 762 superius,
1608 717 1741 761 prop-

347 786 413 821 ter
429 777 643 837 justitiam
666 777 776 821 :hoc
798 776 1022 836 repetivit3
1039 776 1160 836 quod
1183 776 1242 820 ait
1263 784 1427 834 postea,
1450 782 1629 833 propter
1646 787 1740 818 me:
1806 783 1809 805 '¹

347 848 450 908 quia
474 847 615 893 factus
637 857 699 892 est
722 848 848 892 nobis
870 847 1080 906 sapientia
1105 856 1147 891 et
1164 846 1347 906 justitia,
1374 854 1416 889 et
1438 844 1742 899 sanctificatio,
1806 863 1809 882 π

349 929 392 962 et
415 917 658 978 redemptio
675 937 683 962 z
703 928 753 962 ut
767 917 1141 977 quemadmodum
1160 917 1370 976 scriptum
1390 925 1454 960 est
1471 934 1480 960 ε
1499 934 1520 957 «
1540 915 1625 968 Qui
1646 913 1740 973 glo-

352 1006 371 1028 »
398 989 548 1044 riaturl.
569 989 614 1032 in
638 990 823 1032 Domino
840 988 1092 1046 glorietur&
1123 1006 1142 1029 »
1163 988 1249 1039 Qui
1271 1001 1371 1031 cum
1395 985 1511 1038 dicat
1539 1004 1548 1029 ε
1580 1003 1596 1023 «
1624 985 1744 1028 Gau·
1808 1013 1810 1027 J

350 1077 370 1100 »
398 1057 498 1102 dete
519 1068 562 1102 et
594 1059 783 1102 exultate
802 1093 811 1111 ‚
838 1072 1000 1101 merces
1023 1057 1139 1101 enim
1163 1066 1303 1100 vestra
1336 1056 1475 1099 multa
1505 1063 1569 1098 est
1586 1054 1633 1098 in
1649 1069 1744 1098 coe-

351 1146 370 1168 »
396 1127 448 1171 lis
465 1129 479 1154 ³
502 1147 509 1172 :
541 1146 560 1169 »
583 1128 616 1171 si
639 1127 759 1187 quod
782 1127 949 1171 dictum
971 1136 1050 1181 est,
1075 1137 1250 1185 propter
1269 1125 1483 1186 justitiam
1505 1133 1549 1168 et
1567 1133 1745 1184 propter

349 1212 435 1251 me,
467 1198 513 1241 in
539 1198 654 1241 bona
681 1197 942 1241 conscientia
967 1205 1096 1240 teneo
1116 1231 1126 1251 ,
1164 1196 1362 1256 quisquis
1382 1194 1533 1240 volens
1556 1194 1747 1239 detrahit

350 1267 478 1311 famae
501 1284 625 1323 meae,
664 1267 817 1311 nolens
841 1266 963 1311 addit
986 1266 1174 1311 mercedi
1203 1281 1327 1311 meae.
1363 1268 1516 1324 Neque
1541 1266 1657 1310 enim
1677 1279 1748 1309 me

348 1338 421 1381 ille
443 1353 522 1382 suo
540 1338 676 1382 verbo
697 1338 1005 1381 tantummodo
1027 1336 1219 1392 edocuit,
1241 1347 1282 1381 et
1305 1352 1395 1381 non
1417 1336 1547 1380 etiam
1571 1351 1648 1380 suo
1669 1336 1745 1379 fir-

350 1408 483 1451 mavit
515 1406 727 1466 exemplo.
758 1409 947 1466 Sequere
971 1417 1220 1452 sanctarum
1245 1408 1565 1467 Scripturarum
1593 1406 1741 1461 fidem,

354 1476 546 1521 invenies
579 1477 801 1522 Christum
838 1478 1116 1522 resurrexisse
1145 1494 1167 1521 a
1191 1479 1400 1533 mortuis,
1440 1477 1679 1522 ascendisse
1702 1477 1749 1520 in

353 1546 535 1601 eoelum,
556 1546 706 1590 sedere
729 1547 783 1590 ad
805 1546 1025 1591 dexteram
1047 1548 1198 1591 Patris.
1217 1550 1406 1607 Sequere
1428 1546 1748 1591 criminationes

354 1617 632 1661 inimicorum
647 1652 657 1672 ‚
687 1618 776 1677 jam
800 1618 976 1677 putabis
1005 1633 1104 1662 eum
1139 1618 1193 1662 de
1216 1618 1418 1678 sepulcro
1442 1617 1636 1662 furatum
1659 1631 1750 1661 esse

355 1703 377 1730 a
400 1686 646 1746 Discipulis.
669 1687 786 1740 Quid
810 1703 910 1745 ergo
934 1703 1034 1743 nos,
1060 1698 1278 1748 quantum
1300 1690 1391 1748 ipse
1413 1688 1564 1742 donat,
1590 1688 1749 1732 defen-

354 1757 506 1801 dentes
529 1756 710 1801 domum
735 1759 841 1817 ejus,
868 1758 923 1801 ab
945 1758 1130 1802 inimicis
1162 1760 1255 1818 ejus
1278 1758 1397 1803 aliud
1419 1773 1590 1818 sperare
1611 1757 1749 1802 debe-

354 1831 479 1872 mus?
505 1849 524 1870 «
553 1829 595 1874 Si
617 1829 972 1888 patremfamilias
994 1829 1239 1873 Beelzebub
1261 1838 1556 1887 vocaverunt3
1581 1837 1747 1888 quanto

358 1916 377 1938 »
403 1899 538 1957 magis
561 1898 818 1944 domesticos
841 1901 988 1959 ejus⁴P
1005 1918 1023 1940 »
1046 1900 1088 1944 Si
1109 1914 1213 1959 ergo
1236 1899 1471 1944 toleramus
1496 1908 1539 1943 et
1562 1913 1746 1957 conreg·
1811 1946 1815 1957 ι

355 1969 571 2014 nabimus.
602 1971 643 2015 Si
668 1980 814 2014 autem
837 1986 928 2015 non
952 1986 1101 2015 aurem
1129 1970 1265 2015 solam
1309 1972 1497 2031 percutit
1524 1970 1750 2015 iracundia
1812 1962 1815 1967 ¹

355 2041 623 2085 criminantis
643 2077 655 2096 ,
679 2057 831 2086 verum
867 2042 997 2086 etiam
1035 2042 1347 2087 conscientiam
1379 2043 1553 2086 mordet
1594 2042 1747 2086 veritas

355 2109 559 2164 criminis,
580 2111 689 2170 quid
706 2112 809 2155 mihi
829 2111 1023 2169 prodest,
1037 2112 1071 2155 si
1088 2127 1157 2155 me
1174 2112 1391 2156 continuis
1408 2111 1615 2156 laudibus
1630 2120 1748 2156 totus

356 2178 546 2221 mundus
575 2178 771 2222 attollat?
794 2183 859 2224 Ita
882 2196 961 2225 nec
989 2180 1145 2224 malam
1169 2181 1480 2225 conscientiam
1503 2191 1624 2225 sanat
1647 2181 1746 2225 lau-

355 2248 497 2291 dantis
517 2248 783 2306 praeconium
800 2284 810 2302 ,
837 2264 916 2293 nec
939 2250 1098 2294 bonam
1124 2249 1327 2294 vulnerat
1352 2251 1636 2295 conviciantis
1663 2266 1744 2310 op-

355 2318 598 2376 probrium.
621 2322 709 2364 Nec
730 2320 788 2362 sic
811 2329 957 2363 tamen
980 2320 1194 2378 decipitur
1215 2335 1310 2379 spes
1323 2330 1464 2365 vestra
1483 2337 1582 2380 quae
1603 2321 1648 2364 in
1664 2324 1746 2366 Do-

355 2390 475 2432 mino
499 2398 578 2443 est,
605 2391 733 2433 etiam
752 2390 784 2433 si
803 2389 915 2434 forte
936 2391 982 2434 in
1005 2390 1178 2435 occulto
1202 2391 1308 2435 tales
1327 2393 1474 2446 simus,
1495 2391 1645 2452 quales
1666 2407 1745 2437 nos

357 2460 500 2516 putari
531 2461 652 2518 cupit
683 2461 881 2505 inimicus
909 2480 916 2506 :
943 2462 1046 2521 quia
1070 2477 1159 2506 non
1188 2477 1283 2507 eam
1312 2463 1513 2522 posuistis
1535 2464 1580 2507 in
1602 2462 1741 2518 nobis,

406 2547 414 2562 ¹
443 2541 555 2574 Matth.
572 2553 603 2578 v,
625 2553 672 2574 ιο.
689 2560 729 2567 -—
747 2551 759 2566 ²
786 2555 797 2577 1
816 2547 888 2578 Cor.
905 2556 927 2583 ι,
950 2545 1001 2578 31.
1019 2544 1085 2571 -3
1105 2546 1224 2579 Matth.
1248 2558 1283 2585 v,
1306 2554 1354 2579 12.
1374 2545 1442 2575 -4
1459 2546 1503 2578 ld.
1524 2556 1557 2586 x,
1577 2546 1628 2579 25.
