1825 3264
266 275 428 306 CONTRA
460 276 722 305 c-mzscomum
757 275 1045 319 DONATISTAm,
1082 282 1161 308 Lm.
1200 280 1245 308 Π.
1372 268 1449 307 341

133 345 229 387 vlt.
255 345 395 396 Quam
418 342 599 397 vellem,
623 343 655 386 si
678 357 868 402 possem,
892 359 991 388 cum
1014 345 1202 405 aliquem
1221 345 1455 405 deceptum

73 428 124 457 ex
143 414 297 458 nostris
324 414 541 467 fidelibus,
562 413 691 458 vestri
716 412 912 458 nefandis
934 415 1273 460 interimendum
1292 415 1460 460 insidiis

73 484 307 542 excipiunt,
333 498 433 527 cum
451 484 567 542 apud
583 498 660 528 nos
674 484 763 543 jam
780 482 1066 543 baptizatum,
1084 501 1162 530 nec
1185 486 1367 545 coepisse
1386 485 1456 529 di-

73 563 182 598 cunt
195 568 285 598 essc
301 554 611 608 Christianum,
632 569 733 598 cum
750 563 958 614 tanquam
978 571 1198 615 paganum
1211 556 1456 611 exsufflant,

78 637 178 668 cum
196 624 560 668 catechumenum
586 622 782 679 faciunt,
806 633 855 668 ut
875 634 1122 684 praeparent
1143 625 1303 669 deinde
1325 627 1461 670 retin-

76 693 331 752 guendum,
366 695 433 739 vel
462 695 604 754 potius
640 695 1009 754 extinguendum,
1048 706 1224 755 repente
1256 695 1459 740 alicunde

75 764 259 807 existere
273 799 283 818 ‚
311 779 409 808 cum
428 765 508 808 hac
530 764 709 823 epistola
727 774 816 818 tua,
838 775 882 810 et
901 767 1019 810 hunc
1043 767 1183 825 ipsum
1199 768 1291 825 ejus
1315 765 1459 810 locum

70 835 116 878 in
134 835 286 879 mediis
308 850 457 880 eorum
477 835 650 879 ausibus
668 835 888 880 recitando
904 837 1121 894 porrigere
1138 846 1181 880 et
1202 836 1457 889 exclamare,

70 905 186 958 Quid
212 906 376 950 facitis?
405 909 539 960 Ecce,
566 906 734 961 audite,
765 906 925 961 videte,
951 907 1104 966 legite,
1129 922 1217 950 una
1246 915 1309 950 est
1332 906 1459 950 nobis

72 976 286 1036 vobisque
316 976 480 1034 religio,
513 976 662 1021 eadem
697 986 984 1032 sacramenta,
1021 978 1129 1021 nihil
1152 978 1197 1021 in
1225 977 1458 1022 christiana

71 1047 373 1090 observatione
399 1045 617 1090 diversum
645 1066 654 1090 ;
680 1047 726 1090 in
754 1048 878 1107 cujus
913 1048 1086 1092 nomine
1117 1049 1195 1091 iste
1218 1047 1461 1107 baptizatus

72 1117 125 1160 sit
145 1117 264 1174 prius
285 1117 551 1174 interrogate
567 1151 577 1171 ,
604 1125 646 1161 et
668 1126 774 1161 tunc
798 1117 830 1160 si
851 1117 984 1162 alium
1004 1117 1227 1161 meliorem
1251 1117 1296 1160 in
1318 1125 1461 1160 vestro

71 1186 286 1244 baptismo
305 1186 562 1240 nominatis,
598 1186 713 1229 date.
744 1190 866 1231 Tunc
890 1187 952 1231 illi
977 1187 1179 1242 fortasse,
1205 1187 1237 1231 si
1260 1202 1349 1230 non
1372 1188 1463 1245 ipsa

70 1270 215 1298 rerum
266 1248 480 1299 evidentia
523 1256 905 1300 contremiscerent
926 1292 936 1311 ,
978 1258 1190 1302 continuo
1229 1255 1461 1301 consilium

68 1341 219 1380 suum,
254 1341 461 1385 magnum
497 1325 698 1370 videlicet
727 1336 858 1386 atque
893 1338 1095 1381 acutum,
1134 1328 1381 1386 proferrent
1415 1336 1458 1370 et

69 1396 289 1451 dicerent,
321 1397 428 1449 Quis
458 1397 537 1441 iste
574 1412 597 1440 e
630 1397 756 1441 nobis
792 1407 872 1452 est,
913 1400 1036 1457 cujus
1065 1397 1290 1456 epistolam
1327 1398 1462 1455 geris?

68 1470 224 1511 Lai'cus
246 1477 392 1512 noster
415 1476 478 1511 est
505 1487 514 1512 z
540 1468 666 1511 nobis
688 1468 898 1522 vinceret,
921 1469 1109 1512 vincitur
1126 1469 1222 1511 sibi.
1251 1470 1362 1511 Tum
1382 1481 1461 1525 ego

67 1539 100 1581 si
123 1537 312 1582 adessem
329 1574 339 1592 ‚
373 1553 604 1582 conversus
629 1538 683 1581 ad
707 1548 749 1582 te
772 1538 983 1593 dicerem,
1017 1541 1081 1581 Tu
1103 1537 1255 1582 saltem
1280 1538 1460 1582 obsecro

67 1607 136 1651 dic
160 1608 285 1651 nobis
308 1608 414 1667 quid
430 1608 498 1651 isti
524 1607 716 1651 faciunt?
739 1611 851 1652 Ecce
874 1607 990 1667 apud
1008 1624 1085 1652 nos
1107 1608 1372 1667 baptizatum
1395 1623 1457 1651 re-

71 1678 286 1736 baptizare
304 1679 557 1737 disponunt.
580 1680 707 1722 Certe
729 1693 830 1736 ergo
855 1698 874 1720 ι(
901 1679 1025 1723 nobis
1040 1688 1081 1723 et
1104 1679 1226 1723 vobis
1243 1694 1329 1722 una
1354 1677 1455 1721 reli-

68 1750 158 1807 gio,
190 1749 340 1793 eadem
365 1758 655 1802 sacramenta,
682 1749 790 1793 nihil
824 1750 867 1793 in
890 1751 1122 1794 christiana
1153 1750 1456 1794 observatione

65 1820 302 1864 diversum.
331 1839 351 1861 »
378 1824 444 1864 An
468 1820 769 1879 responderes,
797 1819 880 1865 Sed
902 1821 1061 1865 Christi
1094 1821 1335 1879 baptismus
1364 1835 1453 1864 non

65 1899 127 1935 est
162 1891 336 1949 religio,
373 1906 462 1934 non
500 1900 563 1934 est
595 1899 941 1944 sacramentum,
979 1906 1067 1934 non
1102 1901 1165 1934 est
1212 1890 1453 1934 observatio

64 1961 326 2004 christiana?
349 1961 564 2004 Averterit
587 1963 700 2003 Deus
725 1961 836 2003 hanc
857 1975 880 2002 a
903 1968 978 2003 tua
1004 1969 1148 2003 mente
1165 1960 1446 2003 dementiam.

64 2029 181 2083 Quid
204 2030 334 2086 igitur
356 2030 461 2073 mihi
486 2029 765 2087 responderes
789 2030 959 2086 urgenti
982 2044 1030 2073 ac
1054 2029 1230 2083 dicenti,
1257 2031 1350 2072 Una
1373 2044 1452 2072 no-

67 2100 129 2143 bis
147 2100 357 2159 vobisque
373 2099 525 2157 religio
537 2109 623 2156 est,
643 2100 803 2158 quibus
818 2108 964 2143 autem
985 2100 1220 2158 baptismus
1236 2115 1348 2142 unus
1363 2114 1452 2142 non

65 2181 129 2215 est
147 2186 232 2214 uua
254 2171 405 2229 religio
429 2190 436 2214 :
463 2185 566 2229 ergo
585 2171 710 2214 nobis
732 2171 944 2230 vobisque
966 2186 1078 2215 unus
1106 2179 1170 2214 est
1193 2170 1447 2229 baptismus.

65 2244 226 2287 Eadem
268 2242 392 2286 nobis
429 2251 471 2286 et
505 2242 629 2286 vobis
661 2251 762 2286 sunt
784 2252 1049 2287 sacramenta
1081 2262 1088 2286 :
1115 2243 1275 2302 quibus
1304 2250 1450 2285 autem

64 2315 303 2374 baptismus
324 2313 441 2357 idem
474 2329 564 2357 non
602 2322 682 2367 est,
708 2328 798 2357 non
826 2322 927 2357 sunt
960 2312 1110 2357 eadem
1147 2320 1410 2356 sacramenta
1438 2329 1446 2354 ε

65 2400 166 2442 ergo
188 2383 303 2428 idem
328 2384 454 2427 nobis
477 2392 519 2426 et
539 2384 663 2427 vobis
684 2393 745 2426 cst
769 2384 1021 2442 baptismus.
1047 2382 1162 2427 Nihil
1184 2391 1246 2425 est
1261 2380 1385 2424 nobis
1407 2388 1450 2423 et

65 2455 189 2499 vobis
224 2455 267 2496 in
306 2453 538 2497 christiana
576 2453 878 2496 observatione
908 2453 1125 2495 diversum
1155 2451 1345 2510 :quibus
1368 2464 1448 2493 au-

66 2534 156 2569 tem
180 2524 374 2568 diversus
391 2532 456 2567 est
475 2523 732 2581 baptismus,
756 2537 845 2567 non
867 2523 1019 2581 utique
1040 2521 1147 2566 nihil
1168 2531 1231 2565 est
1253 2522 1298 2564 in
1318 2521 1451 2564 chris-

69 2597 183 2640 tiana
201 2595 502 2643 observatione
517 2593 732 2638 diversum
764 2613 771 2637 :
800 2607 887 2637 non
908 2608 1010 2650 ergo
1032 2592 1155 2637 nobis
1177 2601 1218 2636 ct
1240 2590 1363 2635 vobis
1380 2589 1449 2633 di-
