1825 3264
281 250 441 280 commi
475 252 737 281 cunseomu-xi
774 253 1057 291 Domitianam,
1094 255 1175 280 Lm.
1216 255 1272 280 n.
1400 246 1482 283 :109

100 315 384 374 potestatibus
399 332 474 361 vos
487 332 564 376 pro
581 326 701 376 parte
713 317 867 362 Donati
881 318 1046 377 perpeti
1062 317 1320 376 gloriamini,
1332 333 1483 377 quam·

98 385 217 430 visin
239 385 314 431 illo
340 387 470 431 trium
489 387 702 432 librorum
725 403 853 447 opere
883 388 982 431 satis
1007 387 1086 431 tibi
1108 387 1373 447 abundeque
1394 403 1481 433 res·

96 456 328 516 ponderim
347 492 358 512 ,
385 474 528 518 neque
556 474 674 504 nunc
698 458 778 502 tibi
802 458 986 516 taceb03
1014 458 1134 518 quod
1163 473 1213 502 ex
1241 459 1321 503 hae
1354 474 1482 504 eausa

95 526 499 573 Maximianensium
531 529 720 573 breviter
753 528 1001 588 responderi
1030 537 1152 588 potes
1183 548 1191 573 2
1228 544 1328 573 nam
1361 530 1482 589 quasi

94 606 323 656 propterea
335 614 410 644 vos
425 599 634 658 imperitis
653 607 784 658 atque
797 598 1150 658 imprudentibus
1168 598 1338 658 populis
1362 614 1482 644 com-

93 668 322 714 mendatis.
349 671 416 716 Sic
441 671 554 715 enim
573 686 617 715 se
639 670 925 715 Maximianus
942 670 1048 729 ipse,
1075 670 1135 714 sic
1153 671 1242 730 ejus
1263 670 1382 725 socii,
1406 671 1482 730 qui

92 755 172 785 nec
187 741 562 800 persecutionibus
575 751 819 787 vestrorum
835 751 885 786 ut
897 741 951 786 ad
963 757 1112 786 eorum
1126 741 1480 786 communionem

93 810 310 866 redirent,
335 812 488 856 cedere
512 821 771 871 potuerunt,
797 813 917 857 vanis
940 813 1237 872 imperitisque
1254 827 1479 856 commen-

92 881 212 927 dant.
240 881 325 927 Sed
347 883 423 942 qui
443 883 587 927 sobrie
609 884 829 940 cogitant,
853 897 1005 926 eorum
1023 884 1099 941 qui
1117 881 1308 942 aliquam
1321 882 1481 927 moles-

93 953 193 998 tiam
218 954 462 1012 patiuntur,
490 969 579 999 uon
593 969 746 1013 poenas
763 953 1026 998 considerari
1046 962 1261 1014 oportere,
1281 953 1356 997 sed
1377 969 1482 998 cau-

91 1038 155 1068 sas
179 1045 192 1081 ·,
225 1024 477 1083 intelligunt
504 1040 576 1069 eos
599 1040 678 1083 pro
703 1025 882 1068 crimine
907 1024 1101 1082 sacrilegi
1133 1024 1372 1068 schismatis
1389 1058 1400 1078 ‚
1435 1024 1480 1068 in

91 1110 179 1154 quo
202 1111 226 1139 a
246 1095 369 1139 vobis
391 1096 544 1140 merito
562 1096 767 1155 justeque
796 1095 991 1139 damnati
1013 1103 1114 1139 sunt
1134 1129 1145 1149 ,
1169 1094 1480 1140 commotiones

90 1165 217 1209 etiam
236 1166 501 1225 judiciorum
536 1165 809 1210 saecularium
832 1165 986 1208 merito
1003 1166 1209 1224 justeque
1237 1179 1474 1223 perpessos.

89 1236 240 1295 Neque
262 1237 378 1279 enim
401 1235 512 1279 illud
532 1250 842 1289 commemoro,
868 1234 988 1294 quod
1021 1235 1065 1278 in
1086 1243 1161 1278 tua
1179 1233 1373 1293 Epistola
1396 1249 1478 1294 po-

90 1305 211 1350 suisti
231 1340 241 1360 ,
267 1325 286 1348 «
311 1306 432 1365 quod
456 1304 704 1351 Maximiani
728 1320 817 1349 non
842 1304 1061 1348 basilicam
1081 1339 1091 1359 ,
1116 1303 1191 1348 sed
1205 1304 1474 1364 speluncam,

89 1390 178 1420 non
198 1377 400 1435 Optatus,
422 1375 496 1420 sed
516 1374 703 1435 populus
721 1376 888 1419 evertit.
906 1393 925 1415 »
943 1377 1201 1433 Quanquam
1223 1376 1350 1418 etiam
1369 1374 1473 1429 illic,

90 1445 169 1490 etsi
191 1446 407 1491 incertum
433 1455 497 1490 est
516 1454 677 1490 vestros
701 1445 854 1489 fecisse
869 1480 880 1499 ,
905 1454 1072 1489 certum
1097 1454 1160 1488 est
1184 1453 1329 1488 tamen
1352 1443 1478 1488 illum

89 1531 262 1576 passum
280 1517 412 1561 fuisse
430 1517 776 1577 persecutionem
799 1538 810 1573 3
828 1530 906 1560 nec
926 1525 1071 1560 tamen
1087 1517 1255 1575 justum
1276 1530 1380 1570 esse,
1402 1514 1478 1558 sed

88 1586 287 1646 impium.
323 1587 449 1632 Unde
471 1589 559 1647 jam
589 1587 753 1645 cogeris
791 1586 987 1631 confiteri
1014 1620 1024 1640 ,
1060 1601 1149 1629 non
1177 1584 1336 1629 debere
1370 1583 1478 1645 quid

89 1658 276 1718 quisque
298 1659 503 1718 patiatur,
528 1658 603 1702 sed
626 1673 760 1717 quare
790 1657 980 1717 patiatur
995 1655 1179 1700 attendi.

149 1731 262 1772 LVI.
299 1728 384 1772 Sed
416 1729 519 1772 mihi
551 1744 702 1788 parum
740 1737 830 1782 est,
864 1728 946 1771 hoc
988 1726 1238 1771 Maximiani
1280 1725 1477 1785 exemplo

87 1798 260 1842 interim
290 1798 605 1853 demonstrare,
632 1814 721 1843 non
746 1798 957 1842 continuo
971 1799 1139 1857 justum
1157 1811 1247 1839 esse
1265 1830 1275 1850 ,
1298 1796 1374 1854 qui
1396 1795 1479 1840 ob-

89 1877 210 1913 tento
229 1877 359 1928 atque
376 1868 639 1912 adumbrato
657 1868 815 1913 Christi
838 1868 1014 1911 nomine
1034 1867 1194 1925 patitur
1215 1865 1477 1924 persecutio-

88 1953 211 1993 nem,
238 1938 417 1998 quando
435 1947 479 1982 et
500 1938 786 1982 Maximianus
804 1936 1035 1996 sacrilegus
1059 1952 1204 1996 passus
1227 1944 1312 1992 est,
1338 1935 1417 1979 nisi
1434 1944 1477 1979 te

90 2024 241 2068 cogam
264 2009 418 2064 fateri,
448 2010 567 2069 quod
585 2018 627 2052 et
657 2007 842 2065 religiosi
864 2006 1112 2064 sacrilegos,
1139 2016 1181 2050 et
1199 2006 1304 2066 justi
1324 2006 1479 2065 impios

89 2089 411 2139 persequuntur
431 2114 441 2133 ,
465 2094 555 2124 non
577 2094 678 2122 sane
715 2078 901 2122 nocendi
923 2078 1067 2122 studio
1087 2111 1098 2131 ,
1130 2078 1206 2120 sed
1229 2076 1479 2121 necessitate

90 2152 234 2211 potius
276 2150 550 2196 consulendi.
590 2152 677 2196 Nec
714 2149 768 2193 de
798 2151 951 2192 Vetere
991 2151 1265 2192 Testamento
1304 2148 1478 2207 profero

90 2222 287 2282 exempla
316 2242 325 2266 ι
358 2222 553 2283 quamvis
576 2231 618 2265 te
646 2222 775 2265 etiam
807 2220 1067 2280 propheticis
1101 2218 1305 2278 exemplis
1333 2219 1480 2263 doceri

88 2293 200 2338 velle
222 2293 377 2338 dixisti.
406 2293 485 2338 Illa
506 2328 517 2347 ‚
546 2293 725 2352 inquam
742 2326 752 2346 ,
785 2291 912 2335 nimis
937 2292 1116 2350 antiqua
1149 2305 1238 2335 non
1271 2288 1445 2349 profero
1466 2308 1475 2334 ι

88 2362 272 2408 fuerunt
294 2365 410 2408 enim
430 2363 606 2408 alterius
627 2362 956 2421 dispensationis
973 2370 1016 2405 et
1040 2361 1369 2420 temporis.Jam
1383 2369 1479 2419 post

92 2433 327 2478 revelatam
352 2444 394 2478 et
415 2442 664 2492 opportuno
688 2442 885 2490 tempore
910 2431 1258 2475 commendatam
1282 2445 1478 2474 mansue-

94 2504 292 2550 tudinem
309 2541 319 2561 ,
340 2506 530 2565 episcopi
551 2506 680 2549 vestri
699 2539 710 2556 ,
734 2504 854 2562 quod
877 2503 1053 2562 quidem
1078 2518 1154 2547 nos
1177 2518 1266 2548 non
1295 2502 1480 2546 dicimus

87 2577 273 2636 Justum,
299 2576 374 2621 sed
394 2575 592 2636 quandiu
615 2575 673 2619 ibi
697 2590 756 2628 es,
782 2584 825 2618 et
847 2573 976 2618 talem
996 2589 1168 2618 causam
1191 2573 1405 2627 defendis,
1433 2582 1478 2617 tu
