1825 3264
285 267 448 297 CONTRA
479 270 746 299 cuseomum
780 272 1067 310 οοιηΑΤιεΤΑΜ,
1104 274 1185 299 Lis.
1223 274 1288 298 111.
1405 260 1488 299 439

102 336 147 381 in
167 333 437 395 quibuslibet
459 336 661 394 gentibus
678 336 936 381 constitutos
953 371 964 391 ,
984 337 1061 396 qui
1083 336 1153 381 vel
1175 336 1291 381 illam
1320 336 1488 382 dissen-

101 406 266 450 sionem
289 406 495 450 Afrorum
517 406 689 465 penitus
711 406 960 451 nescierunt
979 442 990 462 ,
1009 407 1077 451 vel
1100 407 1144 450 in
1171 423 1219 451 ea
1238 406 1457 466 judicibus
1473 442 1485 463 ,

101 475 214 520 sicut
239 475 298 520 eis
321 475 462 520 visum
488 485 578 531 est,
603 491 683 521 suo
703 476 896 535 periculo
923 477 1330 536 pronuntiantibus,
1355 493 1488 538 quam

100 546 224 591 victis
241 547 566 592 accusatoribus
582 546 758 592 credere
775 546 1041 603 maluerunt,
1062 547 1282 593 Caeciliani
1301 549 1489 593 crimini·

101 616 182 662 bus
205 616 274 662 vel
293 618 424 673 fictis,
449 617 520 662 vel
545 627 661 663 certe
694 633 782 663 non
806 618 998 678 probatis
1013 653 1023 673 ,
1055 617 1321 677 perfundere
1350 619 1489 663 auda-

99 689 268 734 cissima
290 690 569 749 improbitate
603 691 748 735 conati
785 699 915 745 sunt,
952 700 994 735 et
1025 706 1175 735 omnes
1207 706 1365 750 negare
1400 706 1490 735 esse

101 759 390 806 Christianos:
414 761 542 806 missa
571 770 635 805 est
659 761 780 806 vobis
804 760 978 805 tandem
1004 761 1240 821 aliquando
1262 761 1490 807 Maximia-

99 831 301 876 nensium
337 846 498 886 causa,
536 832 581 875 in
610 847 697 891 qua
726 831 806 890 ipsi
834 834 1122 886 damnarent,
1157 832 1237 891 ipsi
1265 833 1490 877 damnatos

99 911 460 961 persequerentur
479 937 490 957 ‚
517 903 595 961 ipsi
618 911 864 961 persecutos
890 903 934 946 in
958 904 1109 948 eodem
1138 904 1302 947 honore
1325 904 1491 962 recipc-

98 981 212 1026 rent,
234 972 312 1031 ipsi
334 972 598 1031 baptismum
614 973 919 1018 damnatorum
936 983 1210 1032 acceptarent
1230 995 1241 1030 3
1258 983 1307 1017 ut
1329 974 1488 1033 quiin-

97 1052 302 1087 nocentes
326 1045 416 1088 ausi
435 1054 766 1098 suntaecusare,
783 1044 1036 1088 innocentes
1059 1053 1319 1102 cogerentur
1341 1045 1488 1088 absol-

98 1127 228 1170 vere3
257 1129 346 1159 non
370 1130 480 1174 quos
497 1115 750 1159 innocentes
770 1129 860 1159 esse
884 1113 1174 1169 crediderant,
1205 1115 1279 1158 sed
1303 1134 1322 1157 «
1345 1130 1455 1174 quos
1474 1150 1484 1169 ,

98 1193 146 1228 ut
164 1185 339 1240 dicunt,
360 1186 437 1229 Dei
460 1186 730 1244 praesidentis
755 1185 951 1240 arbitrio,
973 1185 1163 1230 veridico
1179 1185 1358 1244 plenarii
1379 1202 1485 1230 con-

96 1254 183 1299 cilii
205 1256 272 1299 sui
285 1271 360 1300 ore
381 1257 710 1300 damnaverant.
727 1257 857 1309 »Quis
880 1257 1083 1316 cuiquam
1098 1258 1204 1300 dixit
1222 1256 1482 1317 aliquando:

96 1325 310 1377 Quoniam
335 1324 474 1385 judici
512 1326 753 1371 absolventi
783 1327 928 1384 potius
957 1342 1088 1386 quam
1118 1328 1224 1370 mihi
1264 1328 1484 1372 accusanti

93 1394 332 1451 credidisti,
353 1411 450 1439 reus
466 1411 510 1441 es
532 1411 633 1440 cum
656 1396 757 1455 ipsis
780 1412 889 1456 quos
913 1398 1126 1441 accusavi.
1155 1399 1210 1440 Et
1231 1397 1314 1441 hoc
1338 1406 1484 1441 tamen

95 1465 191 1510 orbi
209 1466 445 1511 christiano
467 1466 651 1511 dicitur:
673 1466 794 1526 quod
816 1467 849 1510 si
872 1468 948 1510 uni
966 1467 1131 1511 homini
1146 1466 1380 1521 diceretur,
1396 1483 1484 1512 non

95 1535 194 1580 dico
222 1537 571 1596 iniquissimum,
598 1537 674 1582 sed
703 1537 1022 1582 insanissimum
1058 1538 1295 1582 videretur.
1327 1539 1365 1582 Ο
1397 1553 1484 1581 rem

94 1607 350 1652 mirabiliter
383 1608 607 1666 indignam
633 1609 642 1653 l
670 1611 942 1653 Accusarunt
968 1608 1096 1653 Afros
1125 1609 1305 1652 crimine
1338 1609 1482 1652 tradi-

94 1677 221 1722 tionis
245 1713 257 1733 ,
297 1688 517 1724 accusatos
558 1680 833 1724 transmarini
865 1679 1033 1739 judices
1077 1679 1361 1723 absolverunt
1387 1713 1398 1734 ,
1437 1688 1481 1722 et

93 1748 321 1794 tradi-tores
349 1749 568 1795 factisunt
590 1750 741 1810 populi
774 1751 996 1809 gentium,
1026 1751 1129 1810 quia
1153 1749 1375 1809 judicibus
1398 1750 1479 1794 ab-

91 1818 361 1865 solventibus
383 1821 530 1880 potius
553 1836 684 1881 quam
709 1821 1030 1866 accusatoribus
1045 1820 1379 1864 criminantibus
1393 1835 1482 1863 cre-

92 1889 317 1935 diderunt.

152 1961 309 2004 thx.
342 1961 497 2005 Merito
521 1961 599 2005 tibi
625 1970 717 2015 est,
747 1976 844 2020 pars
868 1962 1052 2016 Donati,
1075 1960 1479 2006 Maximianensium

91 2045 219 2074 causa
241 2032 484 2089 propinata.
508 2031 615 2075 Bibe
637 2030 815 2076 calicem
834 2031 888 2076 de
907 2046 1038 2075 manu
1060 2032 1231 2076 Domini
1250 2031 1480 2090 corripien-

91 2101 143 2144 tis
171 2109 213 2144 et
237 2099 527 2146 admonentis.
556 2101 599 2147 Si
624 2101 825 2160 intelligis
850 2111 892 2146 et
914 2102 1164 2161 acquiescis,
1189 2099 1478 2146 misericordia

91 2179 154 2216 est
195 2171 274 2216 ista
313 2172 601 2227 emendantis,
643 2187 697 2216 ne
740 2171 904 2217 incidas
934 2173 978 2216 in
1000 2172 1213 2231 judicium
1238 2172 1474 2231 punientis.

94 2241 192 2285 Tibi
208 2242 391 2297 dicitur,
416 2243 610 2302 Superba
633 2252 676 2287 ct
696 2242 805 2286 dura
827 2243 993 2287 cervice
1014 2278 1024 2297 ,
1050 2242 1327 2288 reconciliare
1349 2243 1480 2286 chris-

91 2311 218 2356 tianis
247 2327 563 2372 usquequaque
587 2313 760 2372 populis
783 2329 807 2357 a
830 2323 873 2358 te
894 2314 1043 2373 inique
1065 2314 1273 2358 accusatis
1292 2347 1302 2367 ,
1328 2312 1478 2356 saltem

85 2382 173 2441 jam
212 2383 294 2426 tuis
323 2383 597 2428 reconciliata
626 2383 856 2427 damnatis.
887 2384 1002 2436 Quid
1032 2383 1234 2427 rescindis
1267 2383 1478 2442 baptisma

89 2453 250 2498 Christi
272 2454 318 2498 in
345 2453 426 2498 illis
449 2454 517 2499 vel
540 2469 593 2498 ex
616 2454 697 2499 illis
720 2454 945 2509 Ecclesiis,
973 2471 1079 2515 quas
1099 2455 1295 2515 Apostoli
1317 2454 1477 2498 funda·

89 2532 247 2567 verunt
269 2525 287 2567 Ρ
328 2526 425 2568 Jam
470 2524 680 2584 baptisma
725 2525 945 2586 recepisti,
991 2526 1109 2586 quod
1154 2527 1213 2570 tui
1257 2525 1474 2579 damnati,

92 2601 327 2653 antequam
347 2592 425 2637 tibi
446 2593 845 2651 reconciliarentur,
868 2593 1098 2641 dederunt.
1126 2595 1241 2649 Quid
1262 2594 1316 2640 de
1333 2609 1476 2654 persc-
