1825 3264
281 262 443 290 CONTRA
475 260 676 290 mTTEnAs
708 261 940 301 Paruum,
976 266 1057 292 Lm.
1094 267 1158 292 111.
1335 257 1419 294 209

0 353 1 383 3
39 335 189 372 contra
215 341 285 370 me
318 335 458 386 partes
495 328 723 372 Gestorum
744 361 755 382 ,
780 343 880 387 quae
913 328 967 372 ad
1002 345 1173 375 causam
1203 333 1421 390 pertinent

0 395 1 400 ’
39 396 417 442 commemoranda
438 396 797 457 sinserendasque
811 398 993 442 curavit.
1021 401 1349 458 Verumtamen,
1374 412 1425 447 ut

33 466 121 526 jam
139 465 282 511 dicere
295 481 528 526 coeperam,
548 467 580 510 si
598 476 641 512 et
661 483 684 511 a
701 467 823 511 nobis
837 476 880 512 et
896 483 918 511 a
934 468 1058 513 vobis
1078 469 1175 514 talia
1193 470 1422 530 proferun-

39 544 125 592 tur,
141 553 240 597 quae
263 553 402 598 usque
417 537 471 581 ad
489 538 608 583 hunc
628 538 744 582 diem
759 538 945 583 omnino
963 540 1177 585 nescimus
1195 561 1202 586 :
1223 542 1420 600 profecto

38 617 114 653 aut
134 617 318 668 utraque
339 623 440 653 vera
461 617 578 664 sunt,
603 618 679 653 aut
696 618 882 669 utraque
904 607 1034 668 falsa3
1059 620 1134 656 aut
1155 622 1302 657 nostra
1323 629 1423 658 vera

38 688 82 722 et
101 688 238 723 vestra
261 679 366 724 falsa
391 701 402 737 3
423 688 498 724 aut
519 688 664 724 nostra
687 679 793 724 falsa
816 689 859 725 et
879 690 1018 725 vestra
1042 697 1139 726 vera
1162 702 1170 726 ;
1196 682 1293 741 plus
1316 683 1423 743 quid

39 747 225 804 dicatur,
246 765 336 794 non
352 750 584 795 invenitur.
606 753 663 795 At
680 751 724 794 in
739 751 940 795 omnibus
956 752 1022 796 his
1044 761 1234 812 quatuor
1250 763 1424 798 senten-

38 820 106 865 tiis
127 822 282 866 veritas
295 837 373 881 pro
387 822 695 866 communione
713 821 950 867 Catholicae
967 831 1044 867 est.
1059 824 1170 876 Quia
1190 824 1222 868 si
1240 834 1425 885 utraque

38 905 140 936 vera
173 900 298 947 sunt,
340 901 517 951 propter
553 892 774 947 homines,
811 892 958 952 quales
992 902 1035 938 et
1065 909 1140 938 vos
1171 895 1422 949 habebatiS,

37 962 390 1006 communionem
408 961 524 1007 orbis
536 971 749 1006 terrarum
764 961 960 1007 deserere
975 963 1153 1008 minime
1175 964 1421 1009 debebatis.

41 1032 85 1078 Si
107 1041 292 1092 utraque
316 1031 421 1077 falsa
437 1041 539 1077 sunt
557 1067 567 1087 ,
592 1041 769 1091 propter
801 1032 919 1077 nulla
952 1033 1132 1078 crimina
1151 1034 1421 1090 traditionis,

39 1102 283 1147 cavendum
303 1111 394 1146 erat
430 1102 594 1163 crimen
616 1102 928 1147 atrocissimum
950 1101 1186 1148 divisionis.
1216 1105 1258 1149 Si
1281 1114 1428 1149 nostra

39 1187 141 1218 vera
162 1183 206 1218 et
226 1186 366 1219 vestra
389 1173 492 1218 salsa
515 1182 632 1228 sunt,
654 1173 756 1218 olim
779 1174 885 1233 quid
909 1173 1105 1219 diceretis
1126 1190 1215 1219 non
1239 1176 1423 1219 habetis.

43 1244 84 1289 Si
108 1253 248 1289 vestra
283 1259 382 1288 vera
414 1255 457 1289 et
496 1253 640 1288 nostra
678 1243 783 1288 falsa
806 1253 936 1298 sunt,
962 1243 1053 1287 falli
1078 1246 1297 1303 potuimus
1326 1261 1428 1290 curn

41 1315 148 1359 orbe
170 1324 381 1359 terrarum
397 1314 451 1357 de
473 1314 700 1358 hominum
723 1314 968 1372 iniquitate,
994 1330 1083 1358 non
1105 1316 1206 1358 fidei
1230 1316 1424 1360 veritate.

41 1387 138 1431 Non
164 1385 278 1430 enim
297 1384 451 1429 debuit
474 1383 696 1428 attendere
718 1398 865 1427 semen
886 1384 1074 1428 Abrahae
1096 1385 1141 1428 in
1163 1387 1281 1430 omni
1303 1396 1430 1444 gente

42 1453 251 1500 diffusum
272 1490 283 1511 ,
309 1453 417 1515 quid
451 1469 525 1498 vos
554 1468 678 1498 nosse
709 1453 908 1497 diceretis
928 1488 938 1508 ,
974 1454 1049 1498 sed
1082 1455 1189 1514 quid
1208 1456 1431 1515 judicibus

43 1526 280 1586 probaretis
307 1544 316 1571 :
338 1524 464 1570 Unde
494 1524 652 1569 scimus
670 1524 777 1584 quid
800 1524 982 1582 egerint,
1006 1540 1114 1584 quos
1138 1527 1267 1570 vestri
1291 1529 1429 1586 majo-

43 1611 110 1641 res
131 1604 459 1649 accusaverunt,
484 1595 649 1639 etiamsi
674 1610 773 1638 vera
796 1595 855 1637 eis
882 1594 1220 1654 objiciebantur,
1243 1612 1342 1641 cum
1361 1596 1430 1640 vel

43 1667 341 1726 cognitoribus
357 1681 496 1710 causae
508 1665 576 1710 vel
591 1675 708 1709 certe
724 1665 926 1709 Ecclesiae
941 1666 1104 1724 ubique
1123 1667 1316 1722 diffusae,
1331 1681 1431 1726 quae

43 1752 132 1781 non
155 1736 236 1780 nisi
269 1736 544 1795 cognitorum
567 1735 800 1778 sententias
829 1733 1018 1778 debebat
1052 1735 1306 1792 attendere,
1342 1752 1432 1781 non

43 1807 116 1852 illa
138 1823 239 1852 vera
256 1842 266 1862 ‚
292 1807 366 1851 sed
388 1805 492 1851 falsa
512 1807 808 1865 putarentur?
834 1807 930 1849 Non
961 1804 1059 1849 ideo
1082 1809 1195 1850 Deus
1223 1807 1430 1862 absolvit,

45 1876 262 1938 quidquid
280 1878 506 1922 hominum
521 1875 691 1920 sceleris
713 1885 763 1920 ut
780 1876 977 1920 homines
990 1892 1114 1921 nosse
1134 1893 1222 1922 non
1238 1879 1402 1937 possint
1422 1897 1430 1921 ;

46 1948 265 1991 neminem
284 1957 430 1991 tamen
453 1955 568 1991 recte
582 1946 770 2006 judicari
794 1956 903 2005 puto
922 1956 1167 2002 nocentem,
1189 1949 1265 2006 qui
1288 1949 1434 1992 homi-

46 2033 146 2062 nem
179 2033 268 2062 non
298 2017 547 2062 convictum
579 2016 813 2060 crediderit
850 2017 1142 2061 innocentem.
1172 2019 1298 2062 Unde
1331 2033 1434 2077 ergo

46 2102 209 2132 nocens
231 2086 346 2131 orbis
370 2096 582 2130 terrarum
598 2120 608 2140 ,
634 2086 667 2129 si
689 2100 812 2130 nosse
835 2101 924 2130 non
947 2088 1105 2145 potuit,
1132 2088 1259 2131 etiam
1283 2103 1434 2131 verum

47 2157 227 2202 fortasse
241 2156 405 2200 crimen
419 2154 644 2200 Afrorum:
667 2167 709 2200 ct
722 2156 805 2200 hoc
820 2165 895 2200 aut
911 2156 1010 2201 ideo
1028 2172 1152 2202 nosse
1169 2173 1257 2202 non
1273 2158 1433 2217 potuit,

48 2228 151 2288 quia
173 2241 302 2271 nemo
321 2225 375 2270 ad
397 2240 496 2269 eum
519 2224 677 2269 detulit
703 2247 712 2282 3
739 2234 813 2269 aut
835 2224 933 2270 ideo
951 2226 1051 2286 quia
1071 2227 1115 2270 in
1135 2242 1202 2280 eo,
1224 2227 1344 2286 quod
1367 2227 1437 2270 de-

49 2295 187 2343 latum
216 2305 301 2351 est,
335 2295 630 2355 cognitoribus
653 2296 799 2354 potius
815 2296 1138 2355 judicantibus,
1160 2312 1291 2356 quam
1314 2296 1437 2340 victis

50 2368 428 2414 murmurantibus
463 2367 662 2411 credidit.
692 2367 804 2411 Hinc
836 2383 938 2425 ergo
960 2367 1206 2411 laudandus
1236 2377 1299 2411 est
1322 2367 1439 2411 Peti-

50 2438 210 2494 lianus,
250 2439 369 2500 quod
397 2439 481 2483 hoc
513 2453 615 2482 cum
653 2439 831 2483 omnino
864 2438 1191 2482 invictissimum
1227 2447 1437 2491 cerneret,

53 2509 224 2554 silentio
246 2509 533 2569 praetermisit.
561 2510 659 2553 Non
683 2507 811 2567 plane
834 2507 1082 2552 laudandus
1103 2542 1113 2562 ,
1139 2508 1259 2568 quod
1286 2518 1442 2553 caetera

54 2579 247 2637 similiter
267 2579 444 2634 invicta,
469 2593 568 2639 quae
586 2586 733 2623 tamen
756 2578 924 2637 putavit
939 2593 1060 2638 posse
1079 2577 1322 2634 obscurari,
1343 2593 1442 2623 ver-

242 2661 432 2691 cxxxrx.
1201 2649 1249 2690 lh
