1825 3264
326 251 409 292 438
767 262 800 290 s.
836 258 1067 289 aucun-uu
1100 261 1280 288 nmscom

326 327 529 388 pugnatis
551 325 832 386 apertissimae
852 325 1038 371 veritati.
1063 325 1211 370 Dicitis
1242 325 1372 369 etiam
1398 325 1708 372 transmarinos

319 397 487 458 judices
516 411 539 440 a
567 394 800 441 Caeciliano
826 410 916 440 esse
945 404 1198 455 corruptos,
1230 395 1374 455 ipsum
1399 397 1709 455 Imperatorem

324 467 470 512 nescio
486 482 573 527 qua
590 466 726 525 gratia
743 467 1043 525 depravatum.
1060 468 1124 510 Eo
1146 465 1309 525 quippe
1331 474 1395 509 est
1414 464 1711 524 impudentior

325 539 465 583 victus
481 547 720 592 accusator,
737 552 827 597 quo
844 537 893 581 fit
907 537 1036 580 etiarn
1046 536 1204 596 judicis
1218 535 1518 581 calumniator.
1531 538 1714 581 Verum-

326 618 474 654 tamen
492 609 605 652 inter
625 608 769 652 omnia
791 606 865 651 illa
881 617 1022 652 vestra
1042 606 1291 662 mendacia,
1317 606 1477 667 quibus
1501 615 1715 652 transma-

326 680 429 724 rinis
447 679 670 740 judicibus
679 676 1187 733 calumniamini‚saltem
1206 677 1288 721 hoc
1310 676 1574 732 obtinemus,
1594 677 1716 737 quod

329 751 458 810 primi
473 752 655 810 majores
668 749 799 795 vestri
813 748 867 792 ad
883 751 1194 807 Imperatorem
1217 763 1391 792 causam
1411 748 1535 792 istam
1552 747 1716 792 detule-

327 830 447 876 runt,
458 819 711 880 primiapud
722 818 1032 878 Imperatorem
1044 818 1326 863 Caecilianum
1338 827 1380 862 et
1391 819 1484 878 ejus
1498 818 1715 864 ordinato·

330 907 421 936 rem
439 900 766 945 accusaverunt,
778 890 908 950 primi
920 888 1038 949 apud
1051 892 1363 948 Imperatorem
1378 889 1662 933 Caecilianum
1674 898 1719 933 et

327 964 420 1023 ejus
432 963 568 1006 socios
582 960 795 1020 persecuti
810 970 911 1004 sunt
928 979 938 1004 ι
954 959 1074 1003 unde
1096 960 1222 1003 nobis
1233 994 1244 1014 ,
1262 960 1375 1003 sicut
1389 958 1512 1003 vobis
1526 958 1716 1015 videtur,
1790 1012 1792 1017 ι

329 1032 621 1091 gravissimam
644 1031 868 1075 concitatis
884 1029 1116 1084 iuvidiam,
1140 1029 1242 1089 quia
1263 1030 1364 1074 victi
1384 1029 1583 1088 patimini
1599 1030 1721 1089 quod
1789 1022 1794 1055 5

329 1104 513 1147 victores
535 1103 687 1161 utique
707 1102 929 1146 faceretis:
954 1099 1075 1144 velut
1092 1101 1124 1144 si
1149 1100 1371 1145 Danielem
1393 1100 1612 1145 criminari
1634 1100 1722 1145 vel·
1790 1106 1795 1114 ““

330 1174 423 1218 lent
442 1209 453 1229 ‚
478 1174 581 1234 quia
607 1174 682 1218 illo
703 1174 937 1218 innocente
958 1171 1143 1216 liberato
1167 1174 1198 1227 1,
1233 1173 1314 1231 ipsi
1350 1173 1404 1217 ab
1438 1173 1498 1216 eis
1519 1171 1722 1216 leonibus
1790 1171 1795 1214 ἶ

332 1245 579 1304 consumpti
603 1254 704 1289 sunt
724 1279 735 1299 ‚
769 1260 792 1287 a
815 1243 974 1303 quibus
1003 1257 1103 1287 eum
1129 1258 1206 1302 per
1234 1242 1497 1287 calumniam
1526 1243 1723 1288 consumi
1790 1244 1795 1301 J]

331 1315 582 1360 voluerunt.
618 1314 878 1359 Obtinemus
919 1314 1050 1357 etiam
1088 1319 1101 1368 (
1138 1312 1368 1373 quodlibet
1411 1312 1466 1357 de
1501 1313 1723 1373 judicibus

336 1387 542 1444 [praesens
562 1384 730 1445 judicio
752 1384 1040 1428 transmarino
1063 1383 1289 1428 absolutus
1310 1392 1371 1427 est
1388 1383 1646 1428 Caecilianus
1660 1385 1721 1440 ²3]

334 1456 566 1516 quodlibet
578 1456 634 1500 de
655 1456 764 1515 ipso,
790 1455 908 1514 apud
931 1470 1060 1514 quem
1085 1456 1268 1514 majores
1289 1455 1421 1499 vestri
1442 1453 1724 1499 Caecilianum
1816 1485 1817 1488 =

337 1535 673 1580 accusaverunt,
698 1526 820 1585 cujus
842 1534 1062 1585 postremo
1080 1524 1295 1585 judicium
1317 1525 1548 1585 episcopali
1569 1524 1725 1584 praela-

338 1606 432 1641 tum
450 1596 616 1656 judicio
631 1595 912 1654 delegerunt,
933 1596 1220 1641 Constantino
1235 1596 1495 1655 imperatore
1515 1605 1725 1655 tanquam
1793 1612 1796 1621 ·

337 1675 544 1724 corrupto
566 1667 717 1723 gratia,
741 1666 830 1710 sive
847 1666 1039 1710 sentiatis
1061 1667 1149 1711 sive
1166 1667 1390 1725 fingatis3)
1406 1681 1557 1711 omnes
1579 1676 1727 1711 tamen
1793 1717 1796 1723 ⁴

340 1737 416 1797 qui
438 1745 544 1780 tunc
566 1744 688 1780 erant
710 1735 778 1779 vel
800 1736 845 1779 in
864 1736 1118 1795 propinquis
1142 1735 1212 1779 vel
1233 1736 1277 1779 in
1300 1737 1475 1781 remotis
1493 1737 1617 1782 terris
1638 1746 1727 1781 tam
1794 1746 1795 1750 ’

341 1808 470 1864 longe
486 1807 661 1865 lateque
674 1806 823 1850 diffusi
845 1805 1046 1851 catholici
1063 1807 1318 1862 Christiani,
1334 1806 1388 1852 ad
1411 1822 1521 1867 quos
1538 1807 1653 1852 lama
1672 1806 1728 1851 de

343 1877 577 1922 Caeciliano
600 1887 643 1921 et
670 1876 846 1935 collegis
876 1878 967 1937 ejus
989 1877 1133 1936 potuit
1150 1877 1376 1936 pervenire
1392 1912 1402 1932 ,
1422 1893 1511 1922 non
1527 1877 1728 1922 debuisse
1794 1871 1796 1919 ἷ

343 1948 665 1992 accusatoribus
687 1948 810 1992 victis
827 1982 838 2002 ‚
863 1948 938 1992 sed
959 1947 1253 1993 ecclesiasticis
1270 1948 1492 2008 judicibus
1521 1948 1696 1993 credere
1716 1969 1726 1994 :
1794 1951 1796 1978 ἶ
1814 1969 1817 1972 ·

344 2020 423 2062 ubi
442 2020 558 2062 enim
571 2019 740 2078 judices
758 2034 908 2063 omnes
925 2034 1015 2064 esse
1030 2035 1119 2064 non
1141 2019 1555 2079 possumus,melius
1568 2020 1633 2063 his
1654 2020 1728 2080 qui

345 2104 432 2134 esse
454 2099 695 2148 potuerunt
716 2089 941 2149 judicibus
964 2089 1180 2134 credimus
1197 2125 1208 2145 ‚
1235 2105 1364 2150 quam
1399 2089 1618 2135 credendo
1643 2090 1730 2135 liti-
1794 2092 1796 2127 ἕ

345 2160 566 2218 gatoribus
590 2156 712 2204 victis
730 2194 741 2214 ,
763 2175 949 2219 quorum
975 2175 1064 2204 esse
1080 2160 1250 2219 judices
1275 2175 1365 2205 non
1393 2161 1615 2219 potuimus
1631 2195 1644 2215 ‚
1674 2159 1730 2205 de

347 2229 446 2287 ipsis
464 2229 660 2287 judicare
675 2228 898 2288 judicibus
916 2228 1169 2274 audeamus.

407 2301 610 2343 LXVIII.
652 2298 840 2343 Proinde
870 2300 1079 2359 quoniam
1108 2299 1204 2353 illi,
1234 2299 1394 2360 quibus
1427 2299 1729 2345 accusantibus

348 2383 535 2427 praesens
556 2370 779 2415 absolutus
794 2379 857 2414 est
871 2370 1149 2426 Caecilianus,
1166 2386 1255 2415 non
1269 2370 1411 2415 solum
1435 2386 1507 2416 eos
1529 2386 1552 2415 a
1569 2371 1730 2431 quibus

349 2438 574 2484 absolutus
602 2449 691 2495 est,
722 2441 1007 2485 verumetiam
1028 2456 1178 2486 omnes
1205 2442 1470 2487 Christianos
1495 2441 1730 2487 catholicos

394 2539 408 2558 ¹
426 2541 502 2570 Dan.
524 2551 566 2579 vi,
585 2539 641 2582 24.
655 2557 697 2565 —
709 2548 723 2565 ²
741 2541 847 2574 Forte
863 2541 1017 2584 glossema
1032 2553 1071 2576 ex
1089 2542 1230 2585 margine
1248 2542 1448 2586 profectum3
1468 2542 1519 2576 vel
1539 2542 1592 2576 hic
1609 2542 1727 2575 adden-

353 2592 426 2623 dum
446 2608 464 2623 «ι
484 2595 609 2637 quibus,
