1825 3264
312 278 474 311 con-rm
506 281 706 310 LITTERAS
740 279 972 320 rim-mam,
1007 283 1090 310 Lm.
1130 284 1194 310 ιιι.
1371 272 1453 310 201

78 359 121 395 et
143 359 288 395 tamen
304 349 347 393 vi
370 349 559 394 veritatis
576 362 820 407 oppressu8‚
841 356 885 391 et
901 349 1023 407 quasi
1039 364 1139 408 quae
1153 347 1328 394 dixisset
1348 349 1463 393 obli-

78 431 167 476 tus,
186 419 386 465 concedit
408 421 512 465 mihi
533 429 679 479 postea
704 418 962 473 Petilianus‚
987 429 1036 464 ut
1053 421 1249 465 Christus
1271 421 1324 465 sit
1342 421 1464 480 origo

77 501 120 537 et
136 492 258 536 radix
277 501 627 551 regeneratorum
657 500 700 535 et
721 499 852 549 caput
876 490 1102 544 Ecclesiae,
1124 506 1212 535 non
1234 491 1464 551 quisquam

76 563 209 608 homo
239 562 509 622 dispensator
550 562 828 621 ministerque
869 560 1153 621 baptismatis.
1198 564 1309 607 Cum
1348 565 1464 607 enim

77 633 268 688 dixisset,
299 634 400 694 quia
424 634 469 677 in
493 633 668 678 nomine
697 632 856 676 Christi
878 632 1159 691 baptizabant
1178 633 1396 692 Apostoli,
1423 642 1465 677 et

76 704 296 749 Christum
320 703 655 748 tundamentum
679 703 928 762 ponebant,
953 712 1002 746 ut
1034 702 1227 748 facerent
1254 704 1464 749 Christia-

75 789 170 830 nOS,
195 783 238 819 et
260 774 342 819 hoc
369 775 688 834 Scripturarum
710 782 955 818 sanctarum
978 774 1232 818 testimoniis
1252 784 1295 818 et
1317 789 1464 819 exem-

77 844 182 905 plis,
209 854 416 906 tanquam
442 861 520 890 nos
548 846 631 890 hoc
664 860 946 904 negaremus,
978 846 1182 904 probaret
1211 864 1219 890 ε
1251 864 1270 887 «
1294 845 1375 889 Ubi
1404 854 1467 889 est

76 932 209 972 nunc,
229 918 388 978 inquit,
414 917 487 962 illa
508 934 604 973 vox,
625 933 711 978 qua
727 917 907 961 minutis
929 926 971 961 et
991 917 1152 962 crebris
1170 917 1466 977 quaestiuncu-

75 988 126 1033 lis
147 990 381 1049 crepitans,
407 989 546 1034 multa
570 989 765 1034 involuta
786 989 841 1033 de
863 990 1035 1034 Christo
1062 999 1105 1034 et
1125 1005 1206 1049 pro
1233 990 1404 1034 Christo
1424 998 1467 1033 et

75 1061 120 1104 in
151 1061 321 1105 Christo
340 1096 350 1113 ,
375 1070 525 1105 contra
549 1063 784 1104 humanam
821 1061 1105 1104 temeritatem
1138 1069 1181 1104 et
1217 1059 1467 1118 superbiam

76 1131 284 1175 invidiose
296 1141 338 1176 et
352 1131 461 1176 elate
475 1132 645 1176 dixisti?
662 1134 773 1176 Ecce
787 1132 983 1176 Christus
998 1140 1061 1175 est
1078 1133 1199 1190 origo
1215 1130 1463 1186 Christiani,

75 1201 271 1247 Christus
291 1211 353 1247 est
376 1212 529 1262 caput,
555 1203 751 1248 Christus
774 1211 838 1246 est
854 1201 990 1246 radix.
1014 1220 1033 1243 »
1060 1202 1136 1246 His
1159 1216 1262 1260 ergo
1285 1201 1464 1256 auditis,

74 1271 183 1331 quid
212 1272 289 1316 nisi
314 1273 393 1331 ipsi
417 1273 589 1317 Christo
619 1273 776 1331 gratias
804 1287 927 1330 agam
947 1307 957 1326 ,
984 1272 1059 1331 qui
1083 1272 1224 1330 coe'git
1245 1272 1467 1315 hominem

75 1343 303 1386 confiteri?
327 1341 449 1387 Falsa
469 1358 570 1401 ergo
592 1351 694 1386 sunt
715 1341 811 1395 illa,
835 1357 934 1401 quae
959 1342 1004 1384 in
1027 1341 1232 1400 Epistolae
1253 1357 1343 1386 suae
1360 1341 1468 1385 dixit

76 1413 272 1468 exordio,
296 1429 395 1458 cum
417 1413 548 1457 vellet
565 1411 824 1472 persuadere
838 1413 1143 1457 conscientiam
1162 1421 1309 1457 sancte
1325 1413 1468 1457 dantis

76 1484 257 1538 attendi,
282 1500 381 1544 quae
398 1485 549 1529 abluat
571 1485 846 1544 accipientis,
871 1494 913 1528 et
935 1500 1034 1529 cum
1058 1484 1155 1545 quis
1179 1485 1316 1529 sciens
1335 1484 1465 1528 fidem

77 1569 100 1598 a
119 1554 287 1613 perfido
306 1555 552 1614 sumpserit,
574 1570 662 1599 non
676 1555 807 1598 fidem
822 1555 1062 1614 percipere,
1079 1553 1154 1598 sed
1170 1564 1352 1599 reatum.
1374 1555 1467 1598 Hoc

75 1625 191 1668 enim
210 1624 358 1669 volens
379 1624 757 1681 velutostendere,
783 1635 998 1686 quantum
1022 1627 1076 1670 sit
1091 1626 1135 1669 in
1158 1627 1338 1670 homine
1356 1626 1466 1685 bap-

75 1695 233 1739 tizante
250 1731 261 1750 ,
286 1705 496 1756 tanquam
531 1712 688 1755 magna
715 1695 979 1741 documenta
1007 1698 1249 1753 subjecerat
1279 1696 1426 1740 dicens
1454 1715 1462 1741 ε

79 1783 99 1807 «
122 1766 272 1810 Omnis
301 1767 417 1811 enim
441 1782 507 1812 res
535 1768 700 1826 origine
722 1776 766 1812 et
787 1767 931 1812 radice
956 1769 1177 1824 consistit,
1203 1777 1246 1811 et
1275 1768 1309 1811 si
1335 1776 1467 1827 caput

74 1851 164 1881 non
181 1837 313 1882 habet
335 1838 514 1899 aliquid,
540 1838 649 1883 nihil
672 1849 749 1883 est.
774 1857 793 1880 »
822 1843 973 1884 Postea
989 1855 1091 1884 vero
1107 1855 1206 1884 cum
1225 1838 1331 1883 dicit
1346 1837 1467 1898 quod

74 1915 118 1951 et
136 1923 214 1952 nos
232 1908 441 1954 dicimus:
468 1929 487 1950 «
504 1911 617 1954 Ecce
631 1910 827 1955 Christus
843 1920 905 1954 est
917 1911 1038 1969 origo
1056 1910 1304 1964 Christiani,
1325 1910 1468 1954 Chris-

74 1985 141 2022 tus
155 1988 218 2023 est
233 1989 381 2038 caput,
403 1980 601 2025 Christus
619 1990 682 2024 est
700 1980 820 2024 radix
843 2000 851 2024 :
879 1999 899 2021 η
925 1980 1043 2024 delet
1060 1979 1181 2040 quod
1203 1989 1328 2023 antea
1351 1981 1467 2023 dixe-

0 2076 2 2090 .
73 2057 138 2092 rat
157 2083 168 2103 ,
199 2068 218 2091 «
243 2051 345 2109 quia
368 2051 629 2095 conscientia
652 2060 798 2094 sancte
821 2050 964 2094 dantis
985 2060 1047 2095 est
1068 2051 1186 2108 origo
1211 2059 1254 2094 et
1277 2049 1396 2094 radix
1423 2058 1466 2093 et

0 2152 2 2161 ,
72 2129 205 2177 caput
223 2121 487 2179 accipientis.
516 2140 536 2163 »
564 2122 675 2166 Vicit
698 2137 800 2180 ergo
824 2123 998 2175 veritas,
1029 2132 1078 2166 ut
1100 2123 1232 2166 homo
1256 2122 1332 2181 qui
1359 2122 1466 2181 bap·

0 2182 4 2227 ζ’
73 2189 248 2233 tismum
272 2191 433 2235 Christi
460 2191 704 2245 desiderat,
739 2207 827 2236 non
857 2193 900 2236 in
923 2193 1100 2236 homine
1127 2193 1322 2236 ministro
1346 2206 1465 2251 spem

72 2268 226 2318 ponat,
251 2261 326 2304 sed
351 2260 403 2305 ad
422 2261 561 2321 ipsum
585 2262 805 2306 Christum
826 2271 1031 2323 tanquam
1055 2262 1108 2306 ad
1131 2263 1341 2322 originem
1366 2277 1465 2322 quae

72 2344 158 2374 non
183 2341 404 2386 mutatur,
432 2333 486 2376 ad
515 2333 703 2377 radicem
736 2350 834 2393 quae
860 2349 947 2378 non
980 2334 1204 2388 evellitur,
1249 2333 1302 2378 ad
1333 2342 1464 2392 caput

73 2400 188 2459 quod
209 2416 296 2445 non
321 2402 536 2459 dejicitur,
563 2418 739 2447 securus
761 2403 946 2447 accedat.

132 2473 264 2514 LXV.
291 2473 385 2514 Jam
409 2471 520 2515 illud
538 2472 635 2532 quis
658 2488 746 2516 non
764 2472 981 2527 advertat,
1008 2473 1064 2517 de
1081 2489 1166 2533 qua
1190 2473 1338 2517 inflata
1356 2488 1463 2517 vena

0 2551 4 2578 ι
75 2539 246 2594 veniat,
270 2541 390 2600 quod
413 2556 513 2585 cum
542 2542 736 2600 Apostoli
765 2543 1020 2587 sententiam
1050 2544 1171 2588 velut
1199 2553 1460 2603 exponeret,

44 2607 162 2686 hair:
193 2629 211 2653 «
237 2611 322 2664 Qui
340 2610 472 2657 dixit:
503 2631 521 2654 «
543 2615 636 2672 Ego
653 2612 861 2672 plantavi,
890 2613 1046 2673 Apollo
1065 2615 1233 2674 rigavit,
1253 2614 1327 2661 sed
1351 2618 1462 2660 Deus

44 2694 73 2713 *Aa
