1825 3264
306 291 468 321 comum
502 290 701 320 LITTERAS
734 293 971 331 PETILIANI,
1008 296 1084 320 Lm.
1125 294 1170 319 11.
1378 281 1434 318 69

111 360 310 405 CXVIII.
349 361 623 403 Aucusrrmus
642 358 889 418 respondit:
912 361 965 402 Et
983 360 1076 402 haec
1098 374 1185 403 non
1207 358 1326 403 vides
1347 373 1436 402 non

52 428 196 489 aliqua
218 443 308 472 esse
329 429 591 473 documenta
608 464 618 482 ,
652 427 727 472 sed
749 443 857 472 vana
881 428 1091 472 convicia.
1121 431 1212 472 Hoc
1235 429 1351 472 enim
1373 437 1436 471 est

51 499 160 544 illud
179 501 297 560 quod
314 499 443 559 paulo
464 509 563 544 anto
583 500 833 553 dixi‚Verba
854 500 977 558 Legis
995 499 1152 552 dicitis,
1174 500 1247 543 sed
1266 500 1310 543 in
1327 515 1437 559 quos

50 569 200 615 dicatis
222 586 311 616 non
331 571 549 615 attenditis
570 590 579 615 :
602 571 711 614 sicut
733 569 932 614 diabolus
950 569 1080 613 verba
1103 570 1225 626 Legis
1247 569 1434 623 dicebat,

50 641 124 686 sed
142 642 211 686 cui
225 642 386 687 diceret
399 657 487 686 non
503 642 778 701 agnoscebat.
799 641 875 685 Ille
893 657 938 685 ca
949 650 1026 700 put
1047 649 1242 684 nostrum
1267 655 1434 684 sursum

49 726 344 767 ascensurum,
362 713 566 757 deorsum
585 711 762 756 volebat
779 710 964 772 dejicere
981 731 992 768 3
1018 725 1093 755 vos
1112 719 1256 754 autem
1280 725 1437 768 corpus

48 781 239 842 ejusdem
260 782 414 842 capitis
430 818 440 835 ,
466 782 586 843 quod
606 798 682 842 per
704 792 840 828 totam
862 791 1021 827 terram
1043 781 1254 825 diffusum
1278 790 1356 836 est,
1383 781 1437 824 ad

48 854 244 913 exiguam
261 863 428 913 partem
448 854 579 898 vultis
597 853 807 913 redigere.
834 855 962 899 Certe
981 853 1071 912 ipse
1088 852 1222 911 paulo
1244 861 1344 896 ante
1367 851 1436 895 di-

47 924 146 967 xisti
173 943 182 969 :
204 926 324 970 «Nos
340 927 499 984 Legem
526 939 648 969 nosse
670 934 713 968 et
734 923 932 983 legaliter
949 923 1086 984 loqui,
1104 923 1178 967 sed
1201 923 1246 965 in
1269 922 1438 966 actibus

46 995 314 1040 erubescere.
345 1014 366 1037 »
398 995 510 1040 Dicis
531 994 711 1056 quidem
733 995 813 1040 ista
840 995 950 1038 nihil
971 995 1163 1054 probans
1190 1013 1199 1038 :
1232 993 1307 1038 sed
1339 1002 1381 1037 et
1404 993 1437 1036 si

47 1064 101 1109 de
131 1064 348 1125 aliquibus
381 1067 605 1126 probares,
629 1065 685 1110 de
714 1066 780 1110 his
809 1065 973 1110 caeteris
995 1081 1085 1110 non
1117 1064 1433 1124 praescriberes.

47 1138 357 1182 Verumtamen
375 1138 408 1181 si
426 1152 575 1181 omnes
593 1153 669 1196 per
686 1146 826 1181 totum
840 1137 991 1181 orbem
1009 1137 1115 1181 tales
1133 1145 1274 1180 essent
1289 1135 1438 1196 quales

44 1207 271 1251 vanissime
302 1208 540 1252 criminaris
555 1243 566 1262 ‚
604 1206 809 1252 cathedra
844 1207 924 1250 tibi
957 1205 1061 1266 quid
1091 1205 1196 1250 fecit
1231 1205 1437 1250 Ecclesiae

46 1280 253 1322 Romanae
269 1314 279 1333 ,
304 1279 348 1322 in
372 1295 458 1338 qua
480 1282 632 1322 Petrus
654 1277 787 1330 sedit,
805 1287 848 1321 et
870 1278 915 1320 in
937 1293 1024 1337 qua
1041 1276 1170 1321 hodie
1189 1277 1438 1320 Anastasius

42 1347 185 1394 sedet:
201 1347 270 1393 vel
286 1348 488 1393 Ecclesiae
509 1348 902 1405 Jerosolymitanae,
919 1347 963 1390 in
980 1363 1067 1406 qua
1090 1346 1280 1390 Jacobus
1308 1345 1434 1399 sedit,

42 1427 86 1463 et
103 1418 146 1462 in
160 1435 246 1480 qua
268 1418 398 1464 hodie
412 1422 600 1463 Joannes
620 1418 755 1472 sedet,
772 1417 932 1478 quibus
954 1433 1033 1462 nos
1047 1417 1090 1461 in
1114 1415 1324 1461 catholica
1337 1416 1438 1459 uni-

42 1498 129 1534 tate
150 1491 466 1545 connectimur,
487 1499 530 1535 et
552 1506 573 1534 a
603 1489 764 1550 quibus
786 1504 859 1534 vos
889 1488 1056 1533 nefario
1080 1486 1434 1546 furore-separas-

42 1560 123 1604 tis?
140 1563 283 1614 Quare
297 1561 488 1621 appellas
501 1560 751 1606 cathedram
766 1559 1024 1620 pestilentiae
1037 1557 1289 1602 cathedram
1301 1561 1438 1616 Apos-

42 1630 216 1682 tolicam
241 1634 259 1675 P
293 1632 336 1677 Si
369 1641 547 1691 propter
569 1631 765 1675 homines
789 1646 898 1690 quos
922 1638 1048 1689 putas
1075 1628 1217 1688 legem
1240 1628 1361 1688 loqui
1393 1637 1436 1672 et

41 1716 127 1746 non
148 1701 305 1757 facere,
323 1701 540 1762 numquid
556 1701 764 1745 Dominus
779 1703 901 1744 Jesus
915 1699 1111 1745 Christus
1123 1709 1302 1758 propter
1321 1699 1437 1742 Pha-

41 1771 201 1826 risaeos,
227 1771 282 1816 de
309 1772 471 1832 quibus
495 1773 553 1816 ait
579 1791 586 1815 2
615 1791 634 1813 «
661 1771 821 1815 Dicunt
843 1771 958 1814 enim
980 1779 1023 1813 et
1045 1785 1130 1814 non
1154 1767 1347 1813 faciunt¹
1373 1804 1383 1823 ,
1411 1788 1430 1809 η

43 1841 261 1886 cathedrae
282 1843 326 1885 in
357 1858 443 1902 qua
477 1841 687 1886 sedebant
720 1840 852 1884 ullam
893 1840 996 1884 fecit
1022 1840 1223 1899 injuriam
1247 1840 1437 1883 ?Nonne

45 1910 159 1956 illam
181 1911 433 1957 cathedram
456 1911 596 1970 Moysi
618 1911 958 1965 commendavit,
989 1920 1032 1955 et
1054 1910 1150 1954 illos
1173 1919 1342 1954 servato
1361 1925 1435 1953 ca·-

44 1982 209 2027 thedrae
228 1984 394 2028 honore
417 1982 639 2042 redarguit
660 1984 678 2024 ‘?
696 1982 768 2026 Ait
786 1982 899 2025 enim
930 2001 937 2025 :
961 2001 979 2021 «
1006 1980 1271 2025 Cathedram
1294 1981 1435 2036 Moysi

45 2070 64 2093 n
88 2051 242 2096 sedent
263 2073 275 2110 ς
299 2067 397 2112 quae
419 2053 571 2095 dicunt
592 2052 745 2105 facite,
766 2066 866 2111 quae
895 2059 1040 2094 autem
1070 2049 1262 2104 faciunt,
1292 2048 1435 2092 facere

45 2141 65 2164 »
86 2121 246 2180 nolite,
262 2122 416 2167 dicunt
433 2122 565 2176 enim,
581 2131 624 2165 et
643 2137 731 2166 non
751 2120 958 2164 faciunt.»
986 2121 1090 2164 Haec
1113 2119 1146 2163 si
1169 2119 1431 2176 cogitaretis,

43 2209 132 2238 non
155 2203 331 2253 propter
347 2193 545 2238 homines
566 2207 676 2252 quos
709 2191 928 2236 infamatis
943 2225 954 2245 ,
982 2189 1337 2249 blasphemaretis
1367 2205 1435 2234 ca-

46 2264 242 2310 thedram
270 2264 561 2324 Apostolicam
581 2299 591 2319 ‚
624 2264 695 2314 cui
715 2279 804 2307 non
831 2261 1177 2307 communicatis.
1208 2261 1292 2305 Sed
1326 2261 1431 2320 quid

45 2345 109 2379 est
137 2335 255 2380 aliud
277 2350 409 2395 quam
430 2335 593 2379 nescire
614 2334 721 2395 quid
743 2334 886 2378 dicere
903 2368 914 2386 ‚
946 2341 990 2377 et
1011 2341 1157 2376 tamen
1186 2345 1276 2375 non
1311 2345 1433 2390 posse

45 2406 125 2449 nisi
148 2405 408 2450 maledicere
429 2407 447 2447 ‘3

106 2477 266 2520 CXIX.
303 2479 564 2520 Pennus-ns
586 2474 693 2519 dixit
718 2494 726 2519 z
762 2493 781 2517 «
814 2475 856 2520 Si
873 2473 1078 2518 sacrificia
1101 2485 1176 2516 vos
1200 2470 1341 2514 facere
1356 2471 1432 2530 ju-

47 2547 214 2602 dicatis,
229 2546 283 2591 de
295 2547 418 2591 vobis
431 2548 592 2608 quippe
610 2546 847 2592 novissimis
866 2549 978 2589 Deus
996 2544 1086 2603 ipsc
1106 2544 1164 2588 sic
1178 2541 1303 2586 dicit:
1321 2561 1338 2582 «
1352 2544 1434 2585 Fa*-

105 2642 110 2655 ·
134 2633 246 2665 ΜιιηΙι,
267 2644 358 2673 xxm,
378 2642 396 2665 α
