1825 3264
339 283 421 321 358
769 290 803 319 s.
837 290 1069 321 Ausucum
1099 291 1281 320 nacon

338 373 436 404 rum
459 359 589 402 etiam
618 358 759 413 bona,
793 371 895 402 cum
921 356 1093 402 occulta
1127 366 1191 401 est
1221 356 1477 413 attenditur,
1500 367 1552 402 ut
1573 357 1724 403 abluat

338 428 618 488 accipientis?
652 431 743 473 Aut
768 429 803 472 si
834 429 926 488 ipsa
947 443 1048 473 cum
1071 427 1243 473 occulta
1264 437 1329 472 est
1349 443 1438 473 non
1462 430 1718 484 attenditur,

337 501 446 561 quid
477 509 584 544 tunc
616 499 830 558 accipiens
861 499 1024 559 jubetis
1059 497 1285 554 attendat,
1314 499 1434 543 unde
1459 500 1721 545 conscientia

336 572 428 631 ejus
445 569 683 614 abluatur?
704 570 1061 629 Expergiscimini
1079 567 1333 629 aliquando,
1353 584 1469 614 nunc
1485 569 1637 614 saltem
1654 571 1722 615 di-

337 642 438 697 cite,
479 639 690 685 Attendat
725 643 880 685 Deum.
919 638 1036 692 Quid
1069 639 1229 684 timetis
1260 654 1316 683 ne
1347 639 1654 696 humiliemini,
1688 642 1723 684 si

336 728 427 758 non
447 712 492 755 in
514 711 691 755 homine
707 745 722 766 ,
747 710 823 754 sed
843 711 887 754 in
906 709 1092 754 Domino
1113 709 1356 767 gloriemini
1374 711 1393 754 Ρ
1413 711 1490 754 Est
1509 744 1520 765 ,
1544 704 1691 771 inquis
1708 745 1719 766 ,

336 780 458 843 quod
472 782 646 825 timeam
665 799 674 825 :
691 781 726 824 si
743 780 858 824 enim
875 794 975 824 cum
994 779 1098 824 latet
1115 779 1256 824 dantis
1274 780 1552 835 conscientia,
1571 780 1723 825 dixero

337 862 388 897 ut
419 852 634 911 accipiens
667 850 865 895 attendat
896 854 1051 905 Deum,
1091 860 1134 894 et
1165 851 1220 894 ab
1250 849 1326 895 illo
1356 859 1463 895 tunc
1490 852 1581 911 ejus
1603 851 1723 896 ablui

335 922 645 968 conscientiam
668 920 890 966 confessus
911 921 1053 976 suero,
1076 920 1149 965 illa
1169 936 1238 965 me
1258 922 1475 965 horrenda
1491 923 1723 982 consequi-

338 1004 409 1038 tur
432 991 672 1036 absurditas
694 1026 704 1045 ,
731 993 918 1036 sanctius
940 991 1059 1035 ablui
1082 990 1279 1034 homines
1304 1006 1407 1034 cum
1438 991 1726 1051 baptizatores

335 1064 501 1108 habent
529 1062 721 1106 occultos
750 1062 888 1106 malos
907 1097 919 1117 ,
945 1077 1076 1121 quam
1100 1076 1201 1104 cum
1224 1060 1475 1106 manifestos
1498 1062 1635 1107 bonos
1652 1097 1665 1117 ‚
1690 1063 1725 1106 si

336 1136 471 1178 homo
494 1132 630 1176 abluit
650 1133 827 1192 quando
850 1132 992 1176 dantis
1015 1131 1279 1176 conscientia
1298 1132 1413 1176 bona
1433 1140 1496 1176 est
1518 1141 1562 1176 et
1582 1133 1720 1176 mani-

336 1204 462 1258 festa,
484 1207 598 1247 Deus
617 1213 763 1247 autem
782 1202 960 1263 quando
979 1202 1092 1247 mala
1114 1213 1158 1247 et
1178 1202 1363 1247 occulta.
1389 1203 1465 1247 Dic
1486 1217 1589 1261 ergo
1606 1204 1727 1263 quod

338 1274 545 1332 dicimu33
565 1274 669 1333 quia
684 1274 766 1317 hoc
781 1282 844 1316 est
858 1288 1027 1328 verum,
1050 1274 1132 1317 hoc
1149 1288 1318 1328 sanum,
1340 1274 1424 1317 hoc
1443 1273 1724 1327 catholicum,

338 1345 459 1406 quod
493 1345 690 1390 Christus
727 1346 913 1388 mundat
950 1345 1254 1403 accipientium
1288 1344 1571 1389 conscientias
1587 1379 1598 1399 ,
1639 1345 1728 1390 sive

338 1432 416 1477 per
437 1417 576 1460 bonos
590 1416 807 1460 ministros
823 1416 1027 1475 baptismi
1046 1416 1128 1471 sui,
1149 1416 1236 1460 sive
1252 1431 1328 1475 per
1346 1415 1499 1471 malos,
1519 1417 1728 1476 quoniam

339 1487 394 1531 de
426 1487 505 1531 illo
538 1488 746 1545 scriptum
779 1496 842 1530 est
873 1505 881 1531 :
910 1487 1143 1531 «Christus
1165 1486 1316 1531 dilexit
1337 1485 1590 1539 Ecclesiam,
1620 1495 1665 1530 et
1684 1500 1728 1530 se

341 1576 363 1600 ³>
388 1559 530 1617 ipsum
554 1557 731 1602 tradidit
752 1573 831 1616 pro
852 1572 902 1601 ea
920 1592 931 1612 ,
957 1567 1008 1602 ut
1029 1572 1124 1601 eam
1159 1558 1446 1602 sanctificaret
1465 1592 1478 1613 ‚
1509 1556 1728 1602 mundans

342 1646 364 1670 »
390 1643 484 1671 earn
506 1628 677 1672 lavacro
697 1643 822 1687 aquae
843 1628 888 1671 in
910 1628 1044 1672 verbo
1061 1630 1092 1671 ¹.
1116 1645 1136 1669 »
1674 1638 1679 1643 ·

398 1701 564 1743 XXVI.
602 1716 619 1738 «
660 1702 725 1742 Tu
742 1733 753 1753 ‚
796 1699 940 1757 inquis
955 1733 966 1753 ,
1000 1698 1215 1757 responde
1250 1698 1473 1758 quomodo
1509 1699 1730 1758 baptizent

341 1785 452 1830 quos
477 1769 699 1813 damnavit
730 1768 952 1814 Ecclesia?
975 1787 996 1810 »
1028 1772 1123 1814 Jam
1154 1784 1257 1828 ergo
1289 1770 1506 1815 receditur
1533 1786 1557 1814 a
1587 1770 1730 1814 verbis

342 1840 541 1885 Petiliani
563 1858 572 1884 :
593 1840 800 1899 quoniam
818 1840 894 1883 illo
912 1839 1105 1894 dicente,
1126 1858 1147 1882 «
1166 1840 1439 1885 Conscientia
1460 1849 1606 1884 sancte
1627 1839 1730 1884 dan-

343 1911 396 1955 tis
421 1910 662 1955 attenditur
693 1926 792 1970 quae
833 1910 983 1954 abluat
1009 1910 1272 1969 accipientis,
1293 1928 1314 1952 »
1339 1926 1439 1955 cum
1467 1925 1725 1971 quaererem,

343 1982 439 2041 quis
480 1980 630 2025 abluat
671 1981 920 2040 accipientis
963 1981 1273 2025 conscientiam
1291 2015 1302 2036 ‚
1342 1981 1521 2041 quando
1562 1979 1730 2040 polluta

343 2051 486 2096 dantis
507 2051 677 2096 occulta
693 2061 771 2106 est,
789 2067 879 2095 non
899 2051 1007 2095 mihi
1029 2051 1171 2111 potuit
1192 2051 1457 2111 responderi.
1486 2053 1591 2095 Tam
1614 2051 1730 2095 enim

343 2130 495 2166 contra
535 2122 759 2166 veritatem
801 2122 975 2177 dicitur,
1019 2121 1141 2182 quod
1177 2121 1284 2166 falsa
1321 2123 1414 2181 ejus
1449 2121 1564 2166 fama
1598 2122 1731 2182 possit

345 2192 523 2240 abluere
537 2226 548 2247 ‚
573 2208 706 2252 quam
726 2194 759 2236 si
781 2193 865 2237 hoc
887 2194 979 2252 ipsa
1001 2192 1115 2237 mala
1136 2193 1399 2237 conscientia
1420 2207 1544 2252 posse
1565 2192 1731 2236 dicere-

345 2272 432 2306 tur.
471 2263 513 2306 Si
545 2271 690 2306 autem
719 2263 876 2322 quaeris
899 2297 910 2317 ‚
941 2281 962 2305 «
985 2262 1209 2322 quomodo
1230 2263 1451 2321 baptizant
1472 2277 1582 2322 quos
1602 2262 1729 2306 dam-

345 2332 465 2377 navit
507 2331 732 2376 Ecclesia?
776 2350 796 2374 »
835 2333 1097 2393 Respondeo
1140 2334 1200 2378 sic
1235 2348 1306 2378 eos
1336 2333 1555 2393 baptizare
1570 2368 1582 2388 ‚
1615 2349 1730 2394 quo-

346 2402 476 2447 modo
498 2403 721 2463 baptizant
747 2419 856 2464 quos
889 2404 1111 2450 damnavit
1138 2408 1268 2457 Deus,
1301 2414 1534 2465 antequam
1561 2405 1616 2449 de
1645 2405 1730 2450 illis

346 2473 587 2532 quidquam
613 2473 830 2534 judicaret
860 2476 1068 2520 Ecclesia.
1100 2478 1186 2529 Qui
1213 2476 1327 2520 enim
1356 2485 1501 2520 mente
1531 2491 1729 2535 perversa

345 2542 518 2586 videtur
539 2545 655 2588 intus
676 2561 765 2590 esse
787 2561 887 2591 cum
908 2546 1011 2592 foris
1032 2548 1101 2602 sit,
1125 2546 1179 2591 ab
1200 2547 1293 2605 ipso
1314 2547 1486 2592 Chris'to
1500 2547 1590 2606 jam
1608 2546 1728 2607 judi-

396 2634 402 2648 ¹
430 2627 542 2664 Evhcs.
566 2640 597 2667 v,
618 2631 671 2661 25.
