1825 3264
350 214 432 253 354
781 223 813 250 s.
849 219 1080 251 Atat-snm
1113 221 1295 249 Errscorr

349 291 527 335 obsecro
555 296 598 331 te
612 322 624 343 ,
645 287 690 331 in
712 286 833 347 quod
853 286 1140 348 praecipitium
1161 285 1420 345 compulerit
1436 286 1637 330 homines
1655 301 1733 330 an·

348 361 486 418 gustia
506 374 597 403 non
615 357 864 403 inveniendi
883 374 969 418 qua
991 358 1169 402 exirent.
1192 358 1340 401 Ita-ne
1357 355 1500 401 dantis
1513 355 1734 401 maculosa

347 430 610 476 conscientia
630 429 939 474 conscientiam
960 436 1102 490 potest
1124 427 1370 487 accipientis
1391 426 1568 472 abluere
1581 462 1592 483 ,
1609 426 1642 472 si
1663 426 1736 471 ha-

347 502 448 546 beat
486 501 646 545 famam
680 500 841 550 bonam
857 536 868 556 ,
893 509 938 545 et
972 507 1143 545 tantum
1180 497 1236 543 ad
1273 497 1545 543 abluendum
1577 497 1737 558 poterit

347 581 563 633 quantum
585 571 700 618 bona
717 607 728 627 ‚
768 572 802 616 si
833 572 995 617 bonam
1023 572 1186 616 famam
1209 568 1400 614 fallendo
1431 569 1693 614 contraxerit
1719 569 1737 613 Ρ

346 643 547 689 Attendis
564 642 671 703 quid
687 642 872 698 dicatur,
888 652 931 687 et
941 643 1003 688 vis
1013 643 1104 703 jam
1122 650 1428 702 praetereamus
1438 641 1556 686 hunc
1571 640 1734 694 locum,

347 729 403 758 an
425 715 508 758 hoc
530 714 647 757 idem
670 712 814 757 adhuc
835 713 1017 758 versabo
1034 747 1045 768 ,
1070 721 1119 756 ut
1140 711 1389 769 diligentius
1411 711 1574 769 cogaris
1593 718 1738 755 atten-

346 785 486 828 dere?
509 781 742 827 Petilianus
758 782 865 827 dixit
891 802 899 828 :
929 801 949 824 «ι
973 781 1248 827 Conscientia
1269 789 1416 826 sancte
1433 779 1575 825 dantis
1597 788 1738 825 atten-

345 855 480 908 ditur,
497 868 597 912 quae
619 851 766 897 abluat
787 852 1052 912 accipientis.
1072 854 1199 911 »Ego
1221 852 1311 896 dixi
1329 870 1338 897 :
1362 871 1382 894 «
1408 850 1526 904 Quid
1542 851 1576 896 si
1598 850 1736 895 lateat

345 922 487 968 dantis
503 922 782 978 conscientia,
808 932 852 968 et
872 923 1052 967 tortasse
1073 921 1293 967 maculosa
1315 922 1384 977 sit,
1410 921 1633 981 quomodo
1653 935 1736 980 po-

341 995 442 1039 terit
470 993 717 1052 accipientis
740 993 918 1037 abluere
949 993 1258 1038 conscientiam
1281 993 1300 1035 i>
1324 1010 1344 1033 »
1375 993 1441 1035 Tu
1457 1027 1468 1046 ‚
1499 991 1570 1036 vel
1591 991 1739 1051 potius

343 1064 473 1109 vestri
498 1064 728 1117 dixerunt,
753 1064 771 1121 (
791 1077 892 1107 nam
918 1071 965 1107 tu
988 1063 1053 1107 vir
1085 1061 1183 1107 talis
1204 1060 1382 1121 quando
1407 1061 1466 1106 ita
1483 1060 1659 1106 dixisses
1681 1063 1702 1106 Ρ
1721 1063 1738 1120 )

346 1134 585 1188 «Quamvis
606 1133 766 1177 habeat
787 1133 1096 1178 conscientiam
1120 1132 1415 1190 maculosam3
1435 1132 1541 1176 mihi
1563 1141 1710 1177 tamen
1725 1167 1737 1188 ‚

341 1205 419 1265 qui
442 1205 498 1249 ab
515 1219 567 1249 eo
588 1204 785 1264 baptizor
801 1239 812 1259 ,
839 1204 942 1264 quia
964 1203 1071 1248 latet
1099 1212 1143 1248 et
1160 1204 1320 1259 nescio,
1345 1203 1506 1248 sufficit
1535 1202 1655 1264 quod
1683 1203 1739 1248 ab

342 1290 394 1320 eo
417 1275 581 1334 accipio
602 1309 612 1330 ,
638 1276 762 1334 cujus
785 1274 1082 1329 innocentem,
1107 1275 1209 1333 quia
1230 1274 1276 1318 in
1294 1273 1487 1319 Ecclesia
1509 1283 1589 1329 est,
1615 1289 1741 1319 cons-

341 1346 546 1390 cientiam
567 1354 690 1404 puto.
717 1347 826 1391 Nam
848 1344 965 1400 ideo,
990 1345 1152 1405 inquis,
1177 1345 1486 1390 conscientiam
1508 1345 1652 1390 dantis
1674 1352 1740 1390 at-

341 1418 492 1471 tendo,
514 1431 603 1460 non
622 1425 670 1460 ut
683 1415 803 1476 quod
817 1416 910 1460 fieri
928 1431 1018 1460 non
1039 1416 1263 1475 potest‚de
1276 1416 1512 1461 latentibus
1524 1415 1737 1476 judicem,

341 1486 415 1530 sed
439 1495 487 1530 ut
509 1487 541 1529 si
559 1486 667 1546 quid
684 1485 739 1530 de
760 1484 836 1530 illo
855 1487 900 1530 in
922 1485 1098 1545 publica
1119 1486 1384 1530 conscientia
1402 1496 1481 1541 est,
1507 1501 1597 1531 non
1619 1486 1741 1544 igno·

342 1572 448 1601 rem.
486 1561 665 1616 Propter
688 1557 771 1601 hoc
793 1557 910 1600 enim
935 1557 988 1601 ab
1012 1557 1312 1616 omnipotente
1335 1560 1424 1602 Deo
1447 1556 1616 1602 dictum
1637 1565 1701 1602 est
1727 1576 1736 1602 ε

347 1645 368 1668 (ι
385 1629 493 1680 Quae
515 1636 618 1674 nota
639 1636 757 1682 sunt,
779 1627 904 1672 vobis
925 1644 936 1678 ;
961 1642 1061 1687 quae
1082 1626 1272 1683 occulta,
1293 1627 1400 1672 mihi
1424 1630 1456 1672 2.
1481 1646 1500 1669 n
1523 1647 1544 1670 «
1564 1629 1741 1687 Semper

341 1696 472 1755 igitur
495 1696 673 1741 attendo
694 1697 1003 1741 conscientiam
1025 1697 1168 1742 dantis
1185 1733 1196 1752 ‚
1221 1707 1265 1742 et
1287 1698 1389 1759 quia
1405 1698 1542 1758 ipsam
1559 1713 1649 1744 non
1672 1698 1740 1743 vi-

344 1767 444 1822 deo,
465 1767 569 1827 quid
583 1767 638 1811 de
660 1784 710 1812 ea
732 1769 777 1812 in
800 1768 979 1828 publico
1001 1777 1156 1813 notum
1176 1777 1256 1824 est,
1278 1785 1445 1829 quaero.
1464 1771 1550 1815 Nec
1571 1768 1627 1814 ad
1648 1783 1740 1814 rem

345 1838 548 1897 pertinet,
563 1837 596 1881 si
612 1836 732 1882 aliud
742 1838 796 1882 sit
818 1838 864 1882 in
880 1847 1044 1883 secreta
1061 1839 1342 1896 conscientia,
1360 1838 1479 1884 aliud
1497 1840 1541 1884 in
1563 1839 1740 1899 publica

344 1907 475 1953 fama.
497 1909 666 1954 Sufficit
687 1909 802 1953 enim
825 1910 966 1965 scisse,
983 1910 1085 1970 quia
1101 1909 1291 1955 necdum
1309 1911 1401 1970 ejus
1426 1927 1448 1955 a
1468 1925 1557 1970 quo
1574 1910 1740 1970 accipio

345 1979 550 2025 damnata
568 1980 833 2025 conscientia
856 1988 966 2024 est.»

404 2052 547 2094 XXII.
575 2053 687 2095 Ecce
709 2051 798 2110 ipsa
820 2050 951 2095 verba
973 2059 1049 2095 tna
1071 2049 1224 2109 posui,
1258 2050 1416 2109 quibus
1438 2058 1482 2094 te
1504 2049 1650 2096 dicere
1670 2065 1739 2095 os-

351 2111 588 2176 tenderem,
606 2121 726 2180 quod
739 2121 844 2165 meis
856 2121 999 2166 verbis
1015 2121 1205 2165 breviter
1229 2129 1466 2180 aperteque
1488 2119 1738 2180 complexus

346 2205 441 2233 sum
459 2225 469 2244 ,
496 2191 617 2250 quod
645 2191 700 2234 ad
732 2191 815 2235 hoc
844 2191 1095 2235 attendatur
1127 2189 1345 2234 abluentis
1370 2191 1633 2235 conscientia
1651 2225 1662 2246 ,
1688 2199 1737 2235 ut

345 2277 444 2320 quae
457 2260 510 2305 dc
527 2261 599 2306 illa
616 2260 732 2306 fama
754 2263 807 2306 sit
825 2271 1124 2320 cognoscatur.
1139 2264 1235 2306 Non
1248 2276 1350 2320 ergo
1368 2262 1459 2321 ipsa
1478 2261 1734 2318 attenditur,

344 2331 477 2376 homo
499 2331 613 2376 bone
629 2366 640 2386 ,
666 2347 755 2376 non
777 2332 869 2392 ipsa
890 2331 1133 2376 attenditur
1154 2346 1253 2391 quae
1284 2331 1421 2376 videri
1445 2346 1533 2376 non
1555 2340 1699 2391 potest
1724 2351 1733 2377 z

343 2402 420 2445 scd
443 2402 556 2446 lama
590 2403 828 2446 attenditur
847 2437 858 2458 ,
883 2417 982 2462 quaa
1004 2402 1134 2447 etiam
1167 2400 1273 2446 falsa
1306 2416 1395 2446 csse
1424 2410 1592 2461 potest,
1615 2400 1736 2462 quod

344 2471 434 2529 ipsc
452 2472 669 2516 confiteris
685 2481 814 2534 atque
832 2473 1049 2519 concedis.
1066 2475 1177 2520 Nam
1193 2481 1236 2517 et
1249 2481 1297 2518 tu
1311 2471 1455 2518 vidisti
1468 2472 1733 2519 maculosam

394 2560 404 2577 ¹
422 2558 516 2587 Dent.
539 2566 626 2596 xxix,
647 2554 702 2587 26.
