1825 3264
338 234 390 270 12
768 240 801 270 s.
837 241 1067 271 Avensa-11³1
1100 244 1280 273 Enscom

333 309 549 370 nicipalia,
575 309 621 352 in
641 308 801 368 quibus
824 307 1019 369 legamus
1041 325 1113 355 eos
1143 311 1220 370 qui
1248 319 1400 355 contra
1429 310 1716 356 Caecilianum

332 382 519 426 alterum
533 381 784 441 episcopum
796 383 809 408 ²
825 381 1154 437 ordinaverunt,
1171 381 1452 442 potiusssfuisse
1467 383 1721 429 divinorum

332 453 546 498 Codicum
576 451 806 498 traditores
821 489 831 508 ‚
857 469 946 498 non
970 463 1116 499 tamen
1137 454 1419 510 insultamus,
1442 470 1532 500 non
1552 456 1723 500 invehi-

330 539 430 568 mur
449 524 493 567 in
515 539 591 568 vos
607 559 618 579 ‚
647 539 728 568 nec
756 534 1002 569 sanctarum
1032 526 1288 585 paginarum
1317 526 1480 571 cineres
1502 527 1548 570 in
1572 528 1724 571 vestris

331 594 531 640 manibus
561 594 831 654 plangimu8‚
870 611 950 641 nec
984 597 1362 642 Macchabaeorum
1399 606 1616 642 tormenta
1644 598 1724 642 fla·

335 667 500 724 grantia
519 666 744 726 sacrilegio
758 669 887 712 vestri
911 669 1074 713 timoris
1085 670 1364 728 opponimus,
1384 667 1576 714 dicentes
1592 689 1601 714 :
1618 671 1726 713 Ves-

334 748 398 782 tra
422 739 567 798 potius
601 739 794 783 membra
823 755 955 800 quam
987 741 1064 783 Dei
1086 740 1260 801 eloquia
1282 740 1456 800 ignibus
1477 740 1720 785 traderetis.

333 808 547 855 Nolumus
563 810 679 854 enim
703 825 793 854 esse
815 811 936 865 vani,
974 819 1024 855 ut
1052 810 1202 855 alienis
1231 812 1491 867 commissiS,
1522 827 1622 872 quae
1650 820 1726 856 aut

332 881 538 939 ignoratis
561 881 928 940 autimprobatiS‚
953 882 1077 927 vobis
1105 883 1278 927 inanem
1316 883 1545 942 strepitum
1574 882 1724 926 conci-

333 961 491 996 temus.
513 952 642 1006 Quod
663 962 808 997 autem
831 969 904 997 vos
927 969 949 997 a
983 954 1114 999 totius
1136 954 1253 998 orbis
1271 955 1581 999 communione
1597 968 1723 1012 sepa-

332 1032 445 1067 ratos
466 1024 664 1068 videmus
685 1026 701 1081 (
713 1024 833 1084 quod
851 1024 989 1068 scelus
1011 1034 1054 1068 et
1067 1026 1305 1069 maximum
1320 1060 1331 1080 ,
1358 1034 1400 1068 et
1422 1025 1721 1079 manifestum,

332 1103 375 1138 et
391 1095 588 1139 omnium
610 1104 798 1138 vestrum
835 1100 922 1149 est)
945 1096 979 1138 si
1004 1110 1261 1154 exaggerare
1293 1095 1440 1150 velim,
1461 1105 1634 1154 tempus
1655 1111 1724 1140 me

331 1167 458 1210 citius
481 1182 612 1227 quam
631 1168 764 1210 verba
788 1166 1005 1210 deficient.
1032 1169 1088 1211 Et
1105 1167 1188 1211 hoc
1212 1177 1260 1211 tu
1285 1167 1318 1211 si
1340 1166 1576 1211 defendere
1598 1166 1720 1222 velis,

331 1252 378 1280 ea
410 1252 453 1280 es
473 1238 723 1298 objecturus
746 1238 839 1282 orbi
868 1247 1103 1288 terrarum,
1132 1253 1231 1297 quae
1261 1238 1296 1281 si
1324 1237 1568 1297 objicienda
1601 1248 1719 1292 sunt,

330 1307 538 1352 admones
563 1307 680 1351 unde
709 1307 895 1367 amplius
920 1308 1153 1365 accuseris3
1180 1309 1213 1351 si
1231 1307 1474 1368 objicienda
1494 1323 1581 1352 non
1601 1317 1718 1363 sunt,

329 1394 418 1423 non
438 1378 698 1423 defenderis.
722 1381 778 1423 Ut
801 1379 908 1439 qnid
931 1394 1034 1437 ergo
1056 1379 1218 1423 inflaris
1242 1379 1446 1422 adversus
1471 1394 1540 1422 me
1556 1379 1610 1422 de
1632 1389 1722 1423 tra-

328 1450 508 1505 ditione,
527 1466 626 1510 quae
648 1465 728 1494 nec
745 1465 840 1494 mea
864 1459 945 1505 est,
967 1466 1048 1495 nec
1073 1459 1162 1504 tua,
1181 1451 1214 1494 si
1228 1460 1375 1495 manet
1395 1449 1506 1494 illud
1525 1459 1716 1509 pactum,

329 1531 377 1565 ut
404 1538 493 1565 non
513 1522 636 1566 nobis
661 1522 917 1582 objiciamus
940 1521 1079 1566 aliena
1098 1522 1157 1579 3si
1176 1532 1320 1566 autem
1343 1536 1433 1566 non
1456 1531 1619 1574 manet,
1645 1530 1721 1566 tua

327 1592 470 1651 potius
497 1602 559 1637 est
581 1607 713 1653 quam
740 1595 865 1636 mea?
893 1595 1156 1652 Quanquam
1185 1601 1227 1636 et
1256 1601 1461 1636 manente
1493 1590 1569 1636 illo
1592 1600 1720 1651 pacto

327 1665 511 1708 arbitror
532 1680 602 1708 me
619 1665 854 1723 justissime
876 1663 1042 1718 dicere,
1070 1674 1118 1708 ut
1140 1663 1212 1708 ille
1227 1664 1451 1727 judicetur
1465 1666 1607 1707 socius
1625 1663 1717 1723 ejus

326 1736 402 1796 qui
425 1735 602 1780 tradidit
619 1736 858 1790 Christum,
877 1736 952 1795 qui
975 1751 1076 1780 curn
1104 1745 1196 1779 toto
1230 1736 1336 1779 orbe
1354 1751 1444 1779 non
1471 1750 1515 1778 se
1538 1733 1718 1779 tradidit

326 1807 513 1851 Christo.
542 1827 560 1849 «
587 1809 726 1864 Ergo,
758 1807 901 1865 inquit
928 1806 1178 1866 Apostolus,
1203 1806 1389 1850 Abrahae
1421 1820 1569 1849 semen
1591 1805 1714 1860 estis,

332 1896 349 1917 »
385 1877 626 1922 secundum
655 1877 984 1936 promissionem
1002 1877 1236 1926 haerede32.
1276 1894 1294 1916 »
1322 1878 1377 1919 Et
1397 1876 1555 1919 iterum
1579 1874 1713 1919 dicit:

330 1966 349 1988 «
387 1947 590 1991 Haeredes
599 1947 775 2007 quidem
787 1948 879 2001 Dei,
896 1947 1142 1991 cohaeredes
1156 1956 1299 1990 autem
1315 1945 1474 1990 Christi
1488 1947 1519 1987 ³.
1537 1963 1558 1985 »
1577 1945 1714 1989 Idem-

326 2033 410 2077 que
429 2032 574 2060 semen
590 2018 778 2061 Abrahae
797 2016 851 2061 ad
874 2032 1024 2061 omnes
1043 2026 1192 2076 gentes
1213 2017 1430 2075 pertinere
1447 2014 1718 2059 demonstrat
1767 2067 1774 2081 1

326 2104 377 2131 ex
399 2089 490 2143 illo,
516 2089 634 2148 quod
661 2089 847 2132 Abrahae
866 2089 1033 2133 dictum
1057 2098 1120 2132 est
1143 2108 1151 2133 :
1181 2107 1200 2129 «
1223 2091 1276 2131 In
1298 2088 1459 2131 semine
1481 2095 1558 2130 tuo
1579 2087 1716 2130 bene-

329 2179 348 2201 »
385 2158 586 2203 dicentur
607 2162 950 2217 omnesgentes4.
971 2178 990 2199 »
1015 2162 1290 2218 Quapropter
1305 2166 1412 2216 puto
1430 2159 1599 2216 justum
1624 2171 1715 2200 esse

326 2229 446 2290 quod
468 2230 659 2290 postulo,
684 2238 734 2273 ut
757 2239 1063 2274 testamentum
1093 2230 1168 2273 Dei
1186 2264 1196 2281 ‚
1218 2229 1338 2288 quod
1353 2229 1442 2288 jam
1461 2226 1564 2272 olim
1587 2242 1715 2286 aper-

327 2313 419 2346 tum
444 2311 521 2357 est,
543 2302 814 2361 aliquantum
839 2302 1113 2345 advertamus
1129 2335 1140 2355 ,
1160 2309 1202 2344 et
1225 2315 1355 2360 quem
1380 2314 1470 2343 non
1492 2299 1713 2343 inveneri-

327 2389 423 2416 mus
437 2371 584 2416 traditi
597 2371 887 2426 cohaeredem,
908 2372 1049 2430 ipsum
1067 2371 1314 2432 judicemus
1330 2369 1547 2414 traditoris
1569 2369 1712 2412 haere-

327 2442 426 2487 dem
450 2464 461 2500 3
486 2441 558 2486 ille
575 2443 788 2502 pertineat
806 2442 860 2486 ad
886 2442 1046 2487 Christi
1070 2442 1344 2486 venditorem
1360 2475 1371 2494 ,
1392 2440 1469 2500 qui
1487 2439 1710 2485 Christum

331 2525 457 2574 negat
474 2517 588 2560 orbis
603 2526 858 2575 emptorem.
880 2518 985 2561 Nem
993 2530 1044 2575 pe
1059 2514 1237 2575 quando
1250 2530 1293 2558 se
1310 2523 1407 2573 post
1424 2511 1703 2556 resurrectio-

379 2609 387 2623 ¹
409 2602 670 2643 Majoi·inu1n.--
687 2609 699 2624 2
721 2601 789 2635 Gal.
811 2614 858 2642 ιιι,
879 2611 932 2643 29.
951 2619 991 2624 —
1007 2600 1019 2624 3
1045 2604 1134 2634 Rom.
1153 2611 1225 2642 vni,
1251 2611 1360 2641 17.—-
1375 2599 1390 2626 4
1409 2600 1488 2631 Gen.
1512 2608 1590 2638 xxii,
1608 2598 1657 2629 18.
