1825 3264
266 289 348 325 =320
701 296 734 321 s,
771 291 1000 321 incusum
1033 293 1214 321 EPISCOPI

261 363 464 417 fecerint,
491 370 535 406 et
562 360 660 405 ideo
682 368 849 404 nostros
878 358 1111 418 perdidisse
1133 359 1397 419 baptismum
1415 357 1643 416 judicave-

260 434 362 477 rint.
383 451 403 473 »
424 435 535 489 Lege
551 432 671 490 prius
685 428 915 488 diligenter
931 438 1082 474 contra
1099 428 1219 488 quod
1235 427 1406 485 scribis,
1431 435 1474 471 et
1487 435 1562 471 aut
1576 428 1644 471 in-

264 491 405 550 tellige
434 506 533 550 quae
556 489 780 535 dicuntur.
807 498 882 533 aut
914 489 1003 533 noli
1033 488 1153 548 quod
1179 486 1383 545 intelligis
1408 495 1575 531 vertere
1601 486 1646 530 in

259 562 394 606 aliud.
421 563 514 618 Ego
544 559 674 614 dixi1,
708 574 796 604 non
822 558 939 618 apud
965 568 1149 611 vestros,
1178 559 1253 602 sed
1284 555 1401 616 apud
1434 555 1646 601 Ecclesias

259 631 582 685 transmarinas,
599 629 758 690 quibus
778 629 1031 673 innocentes
1045 627 1106 672 illi
1129 628 1392 673 videbantur
1402 627 1478 686 qui
1498 641 1646 684 argue-

259 703 437 755 bantur,
463 717 486 744 a
507 700 657 745 vestris
679 715 751 744 eos
779 699 976 743 debuisse
999 699 1214 743 convinci.
1240 700 1349 743 Nam
1367 706 1410 742 et
1426 696 1648 741 Maximia-

259 765 411 816 nenses
433 774 682 816 convictum
706 770 1002 815 sibividentur
1020 769 1246 814 damnasse
1268 757 1550 818 Primianum‚
1572 766 1648 812 sed

258 859 348 887 non
368 842 485 901 apud
509 858 580 886 eos
597 841 854 902 quilongius
877 841 1018 900 positi,
1044 851 1086 885 et
1103 857 1127 885 a
1150 840 1285 899 gratia
1308 839 1376 883 vel
1397 839 1558 883 invidia
1581 853 1647 882 re-

258 915 462 957 motiores
476 912 562 956 tale
574 911 628 956 de
644 912 719 956 illo
737 921 910 971 possent
924 911 1036 956 ferre
1050 911 1280 971 judicium,
1301 909 1423 970 quod
1437 911 1648 954 universae

258 984 370 1042 parti
394 983 549 1027 Donati
578 981 703 1026 facile
736 982 1009 1041 probaretur.
1043 984 1168 1026 Nunc
1200 995 1304 1025 vero
1328 981 1650 1024 damnaverunt

257 1068 355 1096 eum
371 1062 565 1107 centum,
581 1061 623 1096 et
637 1051 821 1111 amplius
837 1066 967 1111 quam
990 1052 1191 1095 trecentis
1212 1049 1525 1095 absolvendum
1548 1050 1649 1094 reli-

258 1131 466 1183 querunt,
493 1121 610 1182 apud
631 1137 739 1181 quos
766 1121 847 1181 ipsi
872 1120 1114 1180 periculum
1134 1120 1424 1166 damnationis
1454 1121 1650 1165 incurre-

258 1202 370 1236 rent.
392 1193 464 1236 Eis
481 1193 644 1252 quippe
661 1200 748 1235 tam
772 1191 973 1251 pluribus
993 1207 1115 1237 suam
1131 1191 1650 1250 debueruntpersuadere

258 1263 533 1316 sententiam,
553 1271 602 1305 ut
618 1263 697 1320 ipsi
714 1276 814 1306 cum
832 1262 890 1306 eis
914 1263 1030 1307 intus
1051 1272 1213 1318 essent,
1241 1263 1481 1307 Primianus
1503 1271 1649 1306 autem

257 1332 376 1388 foris,
409 1334 441 1376 si
460 1332 697 1377 damnatus·
715 1333 1016 1392 poenitentiam
1041 1335 1284 1393 respuisset.
1319 1335 1360 1379 Si
1398 1342 1542 1378 autem
1565 1334 1648 1378 hoc
1671 1338 1677 1342 '

258 1414 347 1448 tam
369 1404 521 1464 majori
543 1418 727 1448 numero
741 1403 1029 1463 collegarum,
1060 1416 1102 1448 et
1129 1414 1192 1449 tot
1212 1420 1301 1449 suae
1331 1404 1650 1449 communionis

258 1473 458 1518 Ecclesiis
472 1489 549 1534 per
563 1483 697 1519 totam
708 1473 900 1519 Africam
911 1474 1078 1519 diffusis
1088 1476 1346 1535 persuadere
1355 1490 1443 1519 non
1457 1484 1647 1534 possent,

259 1555 334 1590 aut
348 1546 607 1589 sententiam
622 1561 743 1590 suam
767 1545 947 1590 consilio
969 1547 1138 1591 saniore
1162 1546 1476 1602 rescinderent,
1502 1546 1547 1590 in
1563 1561 1648 1605 qua

260 1615 351 1659 falli
363 1616 474 1660 sicut
487 1617 684 1659 homines
698 1615 752 1659 de
766 1617 942 1660 homine
956 1626 1211 1676 potuerunt,
1228 1626 1302 1661 aut
1316 1616 1350 1661 si
1360 1631 1458 1660 vera
1471 1617 1562 1676 ejus
1574 1616 1650 1660 cri-

261 1687 378 1729 mina
394 1687 484 1729 sine
503 1685 589 1729 ulla
612 1686 886 1730 dubitatione
908 1686 1167 1741 didicerant,
1189 1702 1287 1747 quae
1313 1697 1456 1731 tamen
1474 1701 1650 1746 persua-

264 1756 367 1800 dere
386 1764 506 1799 tanto
524 1754 724 1814 pluribus
742 1756 908 1800 caeteris
925 1772 1015 1800 non
1027 1756 1247 1812 valebant,
1267 1766 1498 1801 nocentem
1512 1757 1650 1801 scien-

264 1836 326 1870 tes
351 1826 583 1870 tolerarent
608 1826 865 1886 prudentius
885 1836 928 1870 et
954 1827 1208 1886 patientius,
1227 1843 1357 1887 quam
1381 1842 1424 1871 se
1446 1842 1468 1869 a
1496 1836 1559 1872 tot
1580 1829 1650 1871 in-

264 1897 524 1941 nocentibus
546 1899 621 1956 qui
638 1897 717 1940 ista
735 1897 964 1952 nescirent,
983 1897 1115 1957 impio
1132 1898 1362 1942 schismate
1385 1907 1647 1957 separarent.

266 1970 479 2012 Tenerent
501 1969 614 2012 enim
631 1966 750 2011 illam
768 1969 882 2012 beati
899 1969 1106 2028 Cypriani
1128 1968 1416 2028 plenissimam
1434 1969 1652 2013 charitatis

263 2039 520 2099 pietatisque
546 2039 828 2094 sententiam,
858 2054 943 2098 qua
963 2038 1068 2083 dicit
1088 2059 1095 2083 :
1118 2042 1262 2085 «Nam
1285 2040 1363 2084 etsi
1388 2039 1590 2084 videntur
1607 2039 1651 2084 in

264 2109 455 2154 Ecclesia
478 2125 565 2154 esse
583 2109 760 2165 zizania,
783 2125 871 2154 non
897 2119 1041 2154 tamen
1065 2110 1267 2169 impediri
1286 2110 1418 2155 debet
1439 2109 1545 2154 fides
1577 2119 1651 2155 aut

263 2181 448 2224 charitas
467 2191 635 2236 nostra,
658 2190 706 2225 ut
716 2182 926 2241 ¹quoniam
945 2182 1105 2225 zizania
1128 2196 1216 2225 esse
1240 2182 1285 2225 in
1306 2181 1495 2226 Ecclesia
1518 2181 1651 2226 cerni-

264 2266 376 2304 mus,
394 2251 474 2310 ipsi
492 2250 546 2294 de
560 2251 750 2295 Ecclesia
764 2251 1057 2295 reccdamus‘2.
1075 2251 1236 2304 »Quod
1251 2250 1428 2311 quidem
1445 2251 1528 2295 illis
1546 2260 1651 2295 tunc

264 2320 506 2379 prodesset,
531 2322 566 2365 si
594 2322 639 2366 in
661 2321 863 2366 Ecclesiae
885 2321 1110 2366 catholicae
1133 2321 1297 2380 gremio
1312 2321 1482 2381 purgati
1497 2336 1653 2381 purga-

264 2402 410 2435 menta
429 2391 678 2447 tolerarent,
699 2408 797 2452 quae
817 2402 916 2437 ante
939 2402 1109 2452 tempus
1131 2408 1330 2453 separare
1352 2408 1440 2437 non
1458 2402 1646 2451 possent.

269 2461 352 2505 Sed
367 2461 486 2521 quod
508 2478 579 2506 eos
602 2462 785 2507 dicimus
801 2464 845 2507 in
867 2463 948 2507 hac
971 2464 1124 2508 erroris
1136 2465 1265 2508 vestri
1278 2464 1497 2518 societate,
1517 2478 1650 2524 quam

264 2546 409 2574 veram
439 2532 675 2576 Ecclesiam
704 2548 791 2576 esse
821 2533 1116 2588 arbitramini,
1143 2533 1287 2577 facere
1315 2532 1535 2589 debuisse,
1567 2534 1650 2578 hoc

314 2620 320 2635 ¹
348 2614 421 2646 vide
438 2619 548 2648 contra
568 2616 708 2649 Petilian.
732 2616 787 2649 lib.
805 2629 828 2654 ι,
848 2627 919 2659 cap.
936 2625 967 2650 2.
983 2634 1023 2640 -
1039 2624 1050 2640 ²
1068 2619 1103 2650 In
1122 2618 1208 2658 Epist
1241 2617 1281 2650 ad
1295 2617 1480 2651 Maximum.
