1825 3264
320 241 402 276 312
755 246 786 271 s.
825 246 844 272 Α
853 248 1051 273 naus-run
1085 247 1263 273 EPISCOPI

321 331 342 354 »
368 322 409 356 ct
425 310 767 356 contradicentes
789 309 1061 368 redarguere.
1088 312 1198 354 Sunt
1215 310 1328 353 enirn
1347 309 1472 353 multi
1488 324 1576 353 non
1598 308 1699 352 sub-

324 403 341 424 »
369 383 462 435 diti,
480 380 718 439 vaniloqui,
735 389 776 424 et
790 382 945 424 mentis
958 381 1220 432 seductores,
1236 398 1254 420 »1
1277 380 1460 423 maxime
1472 379 1549 439 qui
1562 394 1613 422 ex
1623 379 1700 422 cir-

324 471 343 494 »
365 451 625 496 cumcisione
649 459 766 505 sunt,
788 466 896 510 quos
920 459 1090 509 oportet
1108 448 1286 493 refelli1‚
1315 452 1449 494 »Non
1472 463 1575 508 ergo
1589 448 1702 493 solos

320 522 396 581 qui
417 537 467 564 ex
490 520 814 565 circumcisione
836 529 958 574 sunt,
986 519 1060 563 sed
1074 535 1145 563 eos
1164 519 1352 563 maxime
1376 518 1481 563 tales
1499 533 1587 563 esse
1610 519 1669 562 ait
1689 537 1699 562 z

321 600 520 651 oportere
533 599 677 634 tamen
687 590 732 634 in
747 590 941 635 doctrina
956 605 1056 634 sana
1072 590 1272 648 redargui
1285 588 1512 648 refellique
1527 589 1582 633 ab
1596 589 1704 648 epis-

321 677 431 721 copo
452 661 707 721 vaniloquos
727 670 769 704 et
787 661 942 704 mentis
962 660 1224 714 seductores,
1248 660 1494 704 indubitata
1512 673 1705 718 praecep-

321 732 438 776 tione
457 732 656 775 firmavit.
680 729 803 774 Unde
816 731 898 774 hoc
910 730 1038 773 etiam
1052 730 1156 773 mihi
1165 731 1330 789 jussum
1349 744 1437 773 esse
1454 743 1666 786 cognosco
1693 747 1703 773 ε

321 803 404 847 hoc
428 817 507 861 pro
535 802 696 846 viribus
718 815 820 858 ago,
845 801 945 844 huic
974 801 1093 859 operi
1114 835 1124 854 ,
1147 809 1361 860 quantum
1380 801 1471 859 ipse
1488 800 1563 859 qui
1580 798 1708 858 jussit

322 873 520 931 adjuvat,
552 880 874 930 perseveranter
895 872 1058 915 insisto.
1085 872 1199 924 Quid
1224 872 1367 915 obstas
1383 905 1393 925 ,
1415 870 1521 930 quid
1539 870 1708 914 obstre-

321 942 385 1001 pis
401 976 411 996 ,
432 957 509 985 cur
528 941 731 999 prohibes
750 976 761 996 ,
782 956 859 985 cur
874 941 1180 1000 reprehendis?
1201 941 1379 984 Tibi-ne
1391 939 1568 984 obedire
1581 955 1710 999 opor-

322 1019 408 1063 tet,
434 1026 487 1053 an
510 1012 626 1054 Deo?

380 1083 506 1123 XIll.
532 1080 621 1123 Nisi
643 1079 754 1123 forte
775 1079 855 1122 ista
874 1094 972 1138 quae
996 1095 1018 1122 a
1040 1094 1107 1122 me
1125 1079 1180 1122 de
1203 1079 1435 1138 Scripturis
1457 1079 1613 1122 sanctis
1629 1079 1709 1122 do-

323 1160 527 1195 cumenta
551 1150 718 1208 prolata
740 1159 863 1204 sunt,
887 1151 947 1194 sic
969 1149 1219 1208 accipienda
1243 1150 1483 1204 arbitraris,
1518 1159 1567 1193 ut
1592 1149 1712 1208 quod

324 1229 483 1264 vestros
503 1218 701 1264 factitare
722 1219 928 1274 laudasti,
946 1220 991 1262 in
1010 1218 1188 1263 ecclesia
1208 1228 1379 1263 tantum
1407 1235 1508 1278 quae
1530 1220 1576 1262 in
1598 1222 1714 1277 Lege
1774 1244 1780 1248 -

323 1290 526 1333 mandata
549 1298 650 1332 sunt
681 1288 831 1348 populi
865 1288 1120 1333 doceantur.
1147 1289 1214 1332 Ibi
1236 1290 1349 1333 enim
1377 1288 1559 1333 forsitan
1588 1298 1715 1348 putas

325 1359 621 1417 corripiendos
647 1368 689 1403 et
711 1360 1033 1404 convincendos
1065 1375 1154 1404 esse
1185 1359 1351 1404 diversa
1374 1360 1632 1414 sentientes,
1666 1368 1716 1403 ut

324 1430 624 1489 unusquisque
653 1429 806 1474 doctor
831 1445 1009 1475 suorum
1043 1430 1351 1474 tantummodo
1380 1429 1645 1489 disputando
1671 1439 1716 1474 et

325 1499 605 1557 praedicando
628 1501 828 1544 emendet
850 1516 1039 1545 errorem
1067 1521 1077 1546 ι
1100 1500 1244 1560 siquid
1268 1510 1414 1545 autem
1433 1501 1520 1545 tale
1540 1516 1640 1545 cum
1655 1501 1714 1545 eis

327 1569 401 1627 qui
424 1568 528 1612 foris
556 1579 658 1612 sunt
683 1585 810 1627 agere
839 1571 1064 1625 institerit,
1092 1580 1197 1614 tunc
1220 1571 1454 1625 animosus,
1482 1579 1585 1615 tunc
1606 1585 1715 1614 con-

326 1640 536 1683 tentiosus
558 1640 627 1682 vel
650 1639 859 1697 litigiosus
891 1641 1119 1685 habendus
1150 1642 1231 1698 sit,
1256 1642 1358 1701 quia
1385 1660 1403 1683 «
1429 1651 1472 1685 et
1493 1643 1583 1701 ipse
1605 1644 1715 1685 Eze-

326 1708 462 1762 chiel,
494 1709 660 1767 inquis,
689 1719 732 1752 et
754 1710 825 1752 alii
849 1711 1077 1768 Prophetae
1109 1725 1210 1754 cum
1234 1712 1376 1755 verbis
1404 1712 1482 1756 Dei
1506 1711 1561 1756 ad
1588 1726 1716 1755 suurn

327 1779 540 1837 populum
560 1780 863 1834 mittebantur,
891 1798 912 1821 »
937 1781 1141 1824 Israelitae
1163 1781 1325 1825 scilicet
1348 1781 1402 1826 ad
1426 1781 1654 1826 Israelitas.

386 1851 507 1892 XIV.
544 1849 612 1893 Ad
636 1850 728 1894 haec
747 1866 924 1910 quoque
943 1851 1023 1894 tibi
1047 1850 1302 1910 respondeo.
1324 1855 1419 1895 Jam
1442 1852 1620 1911 quidem
1643 1868 1718 1896 su—

328 1934 405 1977 pra
425 1921 774 1973 commemoravi,
800 1921 1033 1964 Dominum
1050 1922 1192 1979 ipsum
1210 1924 1376 1975 Jesum,
1398 1922 1472 1981 qui
1491 1937 1535 1966 se
1552 1923 1720 1966 imitan-

331 1988 436 2030 dum
456 1987 681 2046 Discipulis
705 1989 909 2047 praebuit,
936 2005 1025 2033 non
1045 1990 1182 2034 solum
1205 1992 1389 2046 Judaeis,
1414 2006 1565 2035 verum
1591 1992 1720 2035 etiam

333 2057 581 2111 Pharisaeis‚
609 2067 652 2101 et
679 2058 951 2114 Sadducaeis,
984 2069 1027 2103 et
1051 2060 1352 2115 Samaritanis,
1379 2070 1420 2104 et
1444 2060 1524 2119 ipsi
1545 2060 1721 2105 diabolo

330 2126 514 2184 principi
528 2128 724 2170 omnium
737 2127 1004 2173 fallaciarum
1018 2139 1060 2173 et
1073 2145 1268 2174 errorum
1281 2145 1465 2174 asserere
1477 2131 1718 2185 veritatem,

332 2204 375 2238 et
392 2194 446 2239 de
465 2199 577 2254 Lege
590 2199 850 2256 respondere
860 2215 946 2243 non
967 2199 1266 2257 dedignatum.
1283 2200 1366 2244 Sed
1377 2216 1431 2244 ne
1441 2202 1522 2245 hoc
1538 2201 1721 2245 Domino

332 2265 517 2320 licuisse,
538 2269 669 2311 servis
687 2278 830 2312 autem
849 2271 939 2327 ejus
955 2269 1169 2314 existimes
1188 2286 1276 2315 non
1293 2271 1436 2326 licere,
1455 2272 1600 2331 accipe
1613 2271 1721 2331 quid

333 2334 378 2378 in
398 2337 580 2381 Actibus
605 2339 910 2396 Apostolorum
935 2339 1117 2397 legatur.
1151 2343 1175 2384 J
1181 2340 1330 2384 udaeus
1353 2350 1497 2385 autem
1521 2340 1717 2401 quidam,

333 2405 490 2462 Apollo
513 2408 706 2463 nomine,
734 2409 1049 2454 Alexandrinus
1073 2426 1250 2469 genere,
1275 2411 1450 2456 devenit
1472 2413 1689 2470 Ephesum
1706 2446 1718 2467 ,

335 2483 487 2530 potens
511 2477 556 2519 in
583 2479 812 2537 Scripturis
834 2499 843 2524 ε
865 2480 935 2525 hic
957 2481 1247 2526 catechizatus
1269 2490 1360 2526 erat
1381 2481 1493 2525 viam
1523 2481 1716 2536 Domini,

390 2562 397 2577 ¹
424 2559 486 2590 Tit.
506 2572 531 2600 ¹,
555 2573 587 2602 9.
