1825 3264
317 281 481 312 com-M
513 278 722 309 LITTERAS
753 279 986 320 Pit-rmum,
1022 283 1103 309 Lm.
1142 283 1188 308 u.
1368 269 1450 309 103

66 361 200 398 retur.
221 349 334 396 Dicit
356 349 472 394 enim
495 347 707 393 Dominus
727 347 924 392 Christus
953 365 961 391 :
991 366 1010 389 «
1039 349 1079 392 Si
1111 362 1294 407 granum
1320 347 1449 392 tritici

68 442 89 466 »
125 420 283 468 cadens
305 422 351 465 in
381 429 536 463 terram
566 419 726 463 bonam
749 432 839 462 non
865 417 1091 472 moriatur,
1122 418 1262 464 solum
1281 427 1448 463 manet:

71 513 90 536 ι
125 493 160 537 si
182 501 327 537 autem
354 490 582 545 moriatur,
606 488 796 534 multum
820 487 1013 533 fructum
1036 486 1140 532 facit
1156 492 1184 531 ².
1210 507 1230 531 »

131 564 347 609 CXCVII.
390 565 454 606 Au
464 578 671 606 cusa-mus
706 558 929 619 respondit
961 577 970 604 t
1011 558 1177 603 Vellem
1222 561 1328 604 scire
1360 560 1456 620 quis

67 633 209 695 primo
230 633 285 678 de
297 641 419 692 parte
431 641 570 676 vestra
588 645 632 675 se
651 629 1147 690 praecipitavei·it.Valde
1163 630 1326 689 quippe
1348 630 1459 673 illud

65 718 248 764 granum
268 701 410 746 fertile
426 700 528 757 fuit,
543 699 661 746 unde
676 709 795 745 tanta
812 699 928 760 leges
945 699 1316 760 praecipitatorum
1337 700 1460 744 cada-

63 788 216 821 verum
253 771 499 832 pullulavit.
525 776 636 817 Sane
665 786 766 816 cum
785 771 1020 816 verborum
1047 771 1223 815 Domini
1247 771 1460 815 memine-

10 902 13 906 ,
64 845 172 900 ritis,
188 844 288 904 quia
306 858 350 888 se
366 843 473 888 dixit
485 857 670 903 granum
688 843 965 898 moriturum,
987 850 1030 886 et
1049 841 1239 886 multum
1262 841 1454 887 fructum

9 964 12 974 ἰ
65 915 284 961 facturum
313 935 324 973 3
349 929 484 974 quare
513 913 595 973 ipsi
616 912 804 969 fructui,
829 912 950 973 quod
972 927 1050 972 per
1070 921 1214 957 totum
1242 911 1459 957 mundum

8 980 12 1037 Ῑζ
64 985 332 1032 veracissime
361 984 640 1044 provenerit,
674 984 913 1042 invidetis3
946 993 990 1027 et
1020 984 1059 1027 ei
1095 983 1356 1028 zizaniorum
1390 984 1461 1028 vel

9 1044 12 1068 ³
67 1056 201 1117 paleae
218 1055 415 1109 crimina,
433 1053 502 1099 vel
519 1069 620 1113 quae
634 1053 829 1110 audistis,
845 1053 912 1099 vel
926 1070 1026 1115 quae
1040 1053 1236 1109 finxistis,
1249 1054 1461 1114 objicitis?

8 1178 10 1183 Α
124 1129 366 1173 cxcvnl,
403 1129 664 1170 Panum-rs
705 1125 845 1170 dixit:
886 1144 907 1168 «
940 1125 1025 1171 Sed
1064 1141 1141 1170 vos
1171 1127 1312 1186 spinas
1330 1135 1463 1186 atque

8 1244 11 1254 J
66 1198 242 1253 zizania,
268 1212 357 1241 non
379 1196 543 1241 semina
566 1196 782 1255 spargitis,
809 1211 910 1240 cum
936 1196 1097 1255 quibus
1120 1211 1195 1240 vos
1223 1199 1270 1239 in
1292 1210 1462 1240 summo

7 1271 11 1331 J
59 1268 225 1329 judicio
254 1267 407 1312 deceat
428 1267 711 1312 concremari.
737 1269 836 1312 Non
861 1265 1192 1322 maledicimus,
1217 1267 1293 1311 sed
1325 1268 1463 1312 omnis

63 1341 233 1400 spinosa
250 1339 528 1393 conscientia,
555 1339 632 1382 Dei
656 1338 874 1382 sententia
893 1338 953 1381 sic
973 1346 1190 1382 tenetur.»

123 1412 320 1456 CXCIX.
348 1412 626 1454 Amtszrmts
659 1407 885 1469 respondit
915 1426 923 1452 :
964 1407 1122 1452 Saltem
1146 1421 1461 1452 commemora-

6 1491 11 1503 “·
63 1481 182 1528 tione
201 1480 463 1525 zizaniorum
485 1478 614 1524 simul
633 1479 714 1524 tibi
736 1489 778 1524 et
797 1479 987 1524 triticum
1009 1478 1458 1536 veniretinmentem3

4 1579 10 1606 ς
63 1552 165 1614 quia
186 1561 372 1613 utraque
394 1567 472 1612 per
487 1566 637 1610 agrum
651 1552 768 1611 jussa
788 1559 892 1594 sunt
908 1565 1099 1594 crescere
1116 1565 1256 1609 usque
1278 1550 1334 1594 ad
1353 1564 1463 1594 mes·

53 1639 153 1669 *sem
180 1643 190 1669 ι
222 1639 298 1669 vos
327 1634 474 1668 autem
497 1621 675 1668 oculum
698 1621 1020 1666 malevolentiae
1041 1622 1087 1665 in
1111 1621 1280 1665 zizaniis
1307 1622 1459 1665 acriter

64 1695 210 1753 figitis,
228 1704 271 1739 et
292 1703 443 1739 contra
466 1693 725 1738 sententiam
737 1692 897 1738 Christi
915 1707 965 1736 ea
987 1692 1076 1736 sola
1098 1707 1175 1751 per
1193 1692 1345 1736 orbem
1368 1700 1458 1736 ter-

63 1780 226 1820 rarum,
243 1773 421 1824 excepta
440 1763 602 1818 Africa,
623 1763 806 1808 crevisse
826 1762 1104 1807 contenditis.

121 1838 209 1882 CC.
250 1839 513 1880 Pmumnns
535 1835 645 1880 dixit
673 1855 682 1881 2
715 1854 735 1877 «
767 1835 851 1879 Ubi
885 1843 948 1878 est
978 1833 1098 1893 quod
1123 1833 1230 1877 dicit
1251 1831 1462 1878 Dominus

64 1906 263 1952 Christus
284 1925 293 1951 z
320 1907 363 1951 Si
387 1906 596 1966 scceperis
617 1905 802 1965 alepam,
824 1919 1019 1964 praepara
1040 1913 1083 1948 et
1102 1903 1283 1948 alteram
1304 1902 1457 1947 maxil-

3 1975 5 1979 ’
65 1975 151 2020 Iam
171 1979 183 2003 ¹
207 1979 225 2020 P
249 1976 331 2021 Ubi
354 1986 417 2021 est
445 1975 571 2033 illud,
596 1977 716 2036 quod
742 1984 869 2034 sputa
891 1975 937 2018 in
959 1974 1069 2018 facie
1092 1989 1241 2033 passus
1269 1982 1350 2028 est,
1382 1973 1458 2032 qui

64 2056 193 2106 sputo
215 2062 294 2091 suo
315 2047 581 2091 sanctissimo
603 2046 707 2090 caeci
729 2045 878 2090 oculos
891 2045 1126 2104 patefecit?
1150 2042 1233 2087 Ubi
1253 2052 1316 2086 est
1335 2042 1456 2101 quod

65 2117 172 2161 dicit
189 2116 408 2176 apostolus
437 2115 597 2160 Paulus
626 2135 634 2160 :
664 2134 685 2158 «
713 2116 756 2160 Si
777 2115 874 2175 quis
901 2129 978 2160 vos
995 2115 1040 2158 in
1062 2113 1216 2158 faciem
1241 2112 1407 2158 caedit?
1431 2131 1451 2154 »

6 2224 8 2231 ,
68 2188 151 2232 Ubi
173 2197 236 2232 est
257 2187 378 2248 quod
395 2189 553 2231 iterum
585 2186 691 2231 dicit
713 2205 722 2231 :
746 2205 767 2228 «
801 2189 852 2230 In
873 2185 1011 2245 plagis
1033 2199 1163 2244 supra
1186 2184 1386 2239 modum,
1411 2184 1457 2228 in

70 2275 91 2300 n
128 2259 342 2304 mortibus
371 2258 645 2318 frequenter,
685 2258 730 2301 in
761 2257 1007 2301 carceribus
1041 2255 1339 2300 abundantius
1363 2255 1409 2298 ³?
1433 2271 1454 2295 η

3 2381 9 2394 ,
69 2330 179 2382 Quae
213 2328 395 2389 pertulit
419 2336 651 2383 memorat,
687 2343 777 2373 non
814 2342 914 2387 quae
935 2325 1054 2370 fecit.
1093 2326 1333 2371 Suffecerat
1365 2323 1468 2367 fidei

3 2401 9 2434 ἓ
70 2398 316 2443 christianae
349 2415 371 2443 a
407 2398 573 2443 Judaeis
611 2398 704 2442 haec
738 2397 832 2441 fieri
859 2416 867 2442 :
903 2411 980 2441 cur
1011 2397 1106 2440 haec
1138 2395 1283 2438 miseri
1314 2407 1469 2452 perpe-

76 2469 198 2512 tratis
215 2470 234 2512 Ρ
253 2486 273 2509 »

132 2536 780 2597 CCLA1cim-mrsrespondit:
801 2540 942 2581 Ita-ne
957 2551 1060 2580 vero
1073 2550 1149 2580 vos
1161 2543 1334 2593 accepta
1347 2533 1467 2592 alapa

126 2630 131 2646 ¹
160 2625 248 2655 Joan.
271 2635 325 2662 χιι,
346 2623 399 2663 νά.
415 2640 453 2644 -
471 2629 482 2645 ²
502 2622 612 2654 ΜειΗΙι,
636 2633 666 2662 v,
689 2621 730 2663 3⁴.)
758 2638 798 2644 -
816 2619 827 2643 3
847 2630 862 2653 ‘2
884 2624 954 2653 Cor.
977 2632 1018 2661 w,
1039 2629 1092 2651 σο.
