1825 3264
370 216 422 252 78
805 221 837 248 s.
876 221 1105 250 nucusrm1
1137 221 1318 250 ssrrscom

366 289 564 350 superius
581 287 773 342 dixisses,
790 285 1018 332 damnatos
1036 301 1126 331 esse
1148 301 1171 331 a
1194 286 1381 332 Domino
1398 284 1475 346 qui
1497 283 1751 329 resolverint

369 373 508 403 unum
542 373 592 402 ex
628 356 841 401 mandatis
857 391 868 412 ,
887 356 1167 402 considerasti
1188 371 1320 417 quam
1344 354 1505 400 multos
1527 354 1721 398 habeatis
1739 388 1750 408 ,

371 445 459 474 non
473 444 630 483 unum,
649 428 725 472 sed
737 427 872 472 multa
890 428 1095 472 mandata
1110 426 1340 482 solventes,
1353 435 1395 471 et
1417 441 1472 470 ne
1493 425 1573 469 tibi
1592 423 1754 484 objice-

371 508 490 544 retur
506 534 518 554 ,
550 497 725 544 voluisti
764 513 840 558 per
877 499 1106 543 transitum
1131 496 1424 542 subinducere
1461 495 1755 540 differentiam

371 579 647 630 peccatorum
665 604 676 624 ,
702 567 822 612 aliud
843 584 933 613 esse
955 569 1121 614 solvere
1152 567 1329 627 aliquod
1352 566 1607 611 mandatum
1637 563 1756 610 unde

371 641 496 686 venia
514 639 651 684 facilis
667 640 802 699 possit
817 640 953 699 accipi
969 661 980 697 3
997 639 1113 683 aliud
1133 648 1277 684 autem
1298 653 1475 697 peccare
1485 638 1531 682 in
1548 637 1757 696 Spiritum

371 720 588 766 sanctum,
599 710 719 770 quod
734 725 823 754 non
839 711 1098 765 remittetur,
1111 726 1254 770 neque
1265 711 1310 754 in
1326 711 1409 754 hoc
1421 709 1597 763 saeculo,
1613 721 1758 767 neque

373 785 417 827 in
444 781 608 827 futuro.
637 782 810 826 Timens
832 782 979 842 itaque
1000 782 1198 841 contagia
1217 791 1494 842 peccatorum
1515 781 1600 824 hoc
1616 788 1758 823 tacere

373 855 566 908 noluisti,
592 864 634 898 et
657 869 803 898 rursus
822 854 976 897 timens
999 852 1342 912 profunditatem
1360 851 1614 913 quaestionis
1630 865 1758 895 exce-

371 926 549 970 dentem
562 927 672 969 vires
694 935 805 979 tuas,
829 925 912 968 hoc
934 925 1090 968 cursim
1110 925 1400 984 perstringere
1420 922 1612 977 voluisti,
1639 929 1760 965 tanta

374 995 733 1054 trepidatione,ut
742 994 1115 1055 quemadmodum
1123 994 1263 1039 solent
1274 993 1601 1054 perturbatione
1614 991 1761 1051 aliqua

374 1066 627 1110 festinantes
644 1081 842 1125 perverse
858 1081 902 1110 se
918 1067 1072 1109 vestire
1087 1075 1162 1109 aut
1183 1065 1389 1119 calceare,
1409 1063 1601 1109 nolueris
1619 1071 1762 1106 atten-

374 1136 476 1181 dere
492 1136 679 1196 velquid
695 1138 750 1180 ad
763 1136 884 1196 quod
901 1137 1129 1195 pertineat,
1148 1135 1217 1179 vel
1236 1136 1311 1179 ubi
1329 1143 1372 1179 et
1389 1133 1762 1195 quemadmodum

373 1209 581 1266 scripturn
610 1208 679 1251 sit.
706 1208 845 1260 Quale
867 1208 920 1251 sit
951 1216 1097 1251 autem
1122 1206 1232 1251 illud
1256 1216 1487 1266 peccatum
1517 1205 1640 1266 quod
1671 1219 1762 1249 non

375 1278 634 1330 dimittetur,
660 1292 801 1336 neque
823 1277 866 1320 in
890 1278 972 1321 hoc
994 1277 1169 1331 saeculo,
1203 1293 1346 1337 neque
1368 1277 1414 1320 in
1431 1277 1600 1332 futuro,
1626 1289 1762 1336 usque

375 1347 483 1391 adeo
497 1347 684 1401 nescitis,
700 1356 750 1390 ut
763 1362 864 1390 cum
877 1347 922 1390 in
935 1347 1028 1406 ipso
1051 1362 1125 1392 nos
1142 1363 1230 1392 esse
1249 1347 1449 1402 credatis,
1468 1347 1760 1391 remissionem

376 1426 523 1461 tamen
559 1418 649 1476 ejus
686 1432 763 1475 per
793 1426 983 1461 vestrum
1026 1417 1152 1462 nobis
1191 1418 1455 1477 baptismum
1482 1417 1759 1477 promittatis.
1776 1450 1795 1464 ,,

375 1487 504 1541 Quod
524 1490 642 1532 unde
663 1487 754 1532 fieri
772 1498 929 1547 potest,
945 1489 978 1533 si
995 1489 1080 1533 tale
1103 1498 1328 1548 peccatum
1347 1498 1425 1544 est,
1447 1498 1497 1533 ut
1513 1504 1604 1533 non
1619 1487 1763 1532 dimit-

374 1567 506 1613 tatur,
531 1574 674 1618 neque
691 1559 734 1602 in
755 1560 836 1604 hoc
859 1560 1036 1615 saeculo,
1063 1575 1206 1621 neque
1227 1560 1273 1604 in
1290 1561 1373 1604 hoc
1390 1559 1542 1604 futuro
1564 1561 1582 1603 Ξ)

435 1631 587 1674 CXLI.
626 1633 884 1675 PE-rurnws
898 1630 1028 1675 dixit:
1051 1651 1071 1672 «
1090 1631 1242 1675 Divina
1262 1646 1364 1676 vero
1382 1630 1586 1675 mandata
1602 1630 1764 1690 quibus

379 1700 507 1743 rebus
529 1699 745 1759 impletis?
766 1701 877 1745 Dicit
902 1701 1110 1745 Dominus
1127 1701 1325 1746 Christus
1344 1721 1353 1746 :
1376 1720 1393 1741 «
1412 1701 1531 1745 Beati
1548 1715 1762 1760 pauperes

383 1788 402 1810 »
437 1770 606 1829 spiritu,
632 1773 839 1830 quoniam
862 1773 1052 1831 ipsorum
1071 1782 1134 1817 est
1155 1788 1338 1832 regnum
1350 1772 1571 1817 'coelorum
1589 1774 1620 1815 ².
1649 1773 1766 1816 »Vos

381 1841 667 1900 persequendi
689 1841 848 1886 malitia
871 1841 1029 1887 furoris
1045 1843 1214 1888 divitias
1228 1843 1450 1887 exhalatis.
1477 1861 1496 1884 »

439 1912 615 1955 CLXII.
642 1915 918 1956 Aucusruws
939 1912 1162 1973 respondit
1195 1932 1203 1958 ε
1238 1913 1373 1958 Dicite
1402 1913 1481 1957 ista
1502 1913 1646 1972 potius
1667 1911 1764 1958 Cir-

379 1980 739 2026 cumcellionihus
760 1983 926 2026 vestris.

439 2053 636 2096 CXLIII.
664 2056 922 2098 Paruimus
942 2052 1050 2097 dixit
1076 2073 1084 2098 :
1110 2073 1130 2095 «
1159 2055 1279 2099 Beati
1301 2055 1531 2109 mansueti,
1556 2054 1765 2114 quoniam

382 2140 401 2163 »
420 2122 499 2180 ipsi
520 2123 804 2180 possidebunt
818 2134 974 2169 terram
994 2128 1026 2168 2.
1037 2128 1149 2171 »Vos
1166 2126 1298 2184 igitur
1313 2126 1590 2170 immansueti
1603 2134 1760 2170 terram

381 2201 424 2236 et
436 2192 599 2236 coelum
622 2194 780 2252 pariter
803 2193 1090 2253 perdidistis.»

439 2265 631 2308 CLXIV.
670 2268 945 2310 Auonsrmus
981 2266 1204 2325 respondit
1225 2284 1233 2307 :
1271 2269 1434 2310 Iterum
1454 2275 1585 2326 atque
1604 2266 1764 2310 iterum

380 2333 528 2378 audite
552 2337 781 2379 Dominum
805 2336 1021 2380 dicentem
1046 2356 1055 2380 ι
1085 2357 1104 2378 «
1133 2337 1258 2381 Eritis
1282 2337 1387 2380 mihi
1411 2346 1540 2381 testes
1569 2337 1614 2381 in
1635 2339 1763 2381 Jeru-

385 2422 404 2444 »
439 2404 587 2460 salem,
613 2415 655 2450 et
683 2407 727 2449 in
754 2416 887 2451 totam
907 2410 931 2451 J
938 2407 1105 2451 udaeam
1139 2417 1181 2452 et
1208 2409 1457 2463 Samariam,
1484 2417 1526 2452 et
1558 2423 1695 2468 usque
1717 2408 1763 2451 in

387 2493 404 2514 »
440 2483 576 2519 totam
598 2486 754 2521 terram
774 2478 806 2520 ³.
834 2495 854 2518 »
875 2479 965 2523 Cur
986 2493 1075 2522 non
1097 2492 1198 2536 ergo
1219 2478 1283 2522 illi
1299 2477 1585 2538 perdiderunt
1603 2487 1761 2522 terram

431 2565 438 2581 ¹
460 2559 572 2592 Matth.
594 2570 624 2597 v,
649 2561 678 2592 3.
695 2562 846 2595 —21bid
880 2562 911 2604 4.
929 2579 966 2587 -
986 2560 1000 2585 3
1017 2565 1088 2596 Act.
1109 2575 1132 2604 1,
1152 2563 1184 2596 8,
