1825 3264
368 260 421 297 98
792 263 826 294 s.
862 264 1092 295 mensum
1124 265 1306 294 nnscom

363 344 513 380 contra
527 332 740 378 homines.
755 334 807 378 In
823 332 914 378 sola
929 331 1162 377 dilectione
1178 333 1191 358 ¹
1211 330 1367 375 Donati
1387 328 1596 374 remansit
1609 329 1750 375 Chris-

363 414 433 450 tus
456 423 465 449 :
490 404 622 449 verba
654 411 755 448 sunt
783 403 1012 448 hominum
1032 400 1336 447 extollentium
1359 399 1542 460 gloriam
1565 399 1753 444 hominis
1776 415 1788 458 v1

360 476 443 520 sub
479 476 657 522 nomine
688 474 880 530 Christi,
909 484 960 519 ut
982 474 1116 532 gloria
1150 473 1372 518 minuatur
1404 472 1538 532 ipsius
1571 470 1748 517 Christi.

364 547 581 606 Scriptum
603 554 668 590 est
683 546 800 591 enim
824 562 835 589 .·
860 563 880 588 α
904 548 957 590 In
977 543 1066 589 lata
1090 553 1219 603 gente
1243 543 1380 603 gloria
1404 544 1532 603 regis,
1549 544 1596 587 in
1623 540 1755 586 dimi-

367 635 387 659 »
421 618 604 663 nutionc
624 625 770 662 autem
794 615 948 676 populi
969 615 1174 661 contritio
1197 615 1401 675 principis
1416 616 1433 640 ²
1458 633 1469 661 ;
1496 632 1517 656 »
1539 615 1635 658 haec
1651 627 1755 672 ergo
1778 625 1783 629 ·

364 688 492 733 verba
513 697 617 734 sunt
633 688 879 733 hominum.
902 690 958 732 At
975 686 1048 731 illa
1073 687 1118 730 in
1146 685 1385 744 Evangelio
1412 704 1420 730 :
1449 685 1601 739 «Quia
1622 699 1754 743 opor-

364 778 384 802 »
421 760 541 805 tebat
556 761 778 806 Christum
795 760 900 819 pati,
917 768 960 803 et
982 773 1204 818 resurgere
1223 757 1348 802 tertia
1373 757 1458 812 die,
1473 765 1517 801 et
1530 753 1756 816 praedicari

363 848 384 871 »
418 830 464 874 in
492 831 668 874 nomine
703 832 792 889 ejus
825 829 1129 888 poenitentiam
1158 837 1201 872 et
1223 827 1519 872 remissionem
1553 833 1756 886 peccato-

363 918 384 942 »
418 916 516 945 rum
535 917 612 961 per
631 916 781 946 omnes
795 909 960 960 gentes,
985 900 1296 960 incipientibus
1316 900 1370 944 ab
1394 897 1663 943 Jerusalem³
1691 916 1699 943 :
1729 915 1751 940 »ι
1774 896 1778 901 “

357 972 490 1016 verba
512 981 615 1017 sunt
635 973 796 1018 Christi
821 972 1174 1018 commendantis
1197 971 1381 1030 gloriam
1396 986 1528 1032 quarn
1547 971 1714 1029 accepit
1730 984 1755 1016 a

358 1045 484 1086 Patre
503 1043 548 1086 in
566 1042 797 1087 latitudine
816 1043 937 1101 regni
959 1042 1040 1087 sui.
1056 1043 1259 1102 Utrisque
1280 1041 1578 1096 auditis,hanc
1597 1039 1770 1101 Eccle-·⁴

355 1112 428 1156 siae
457 1114 814 1158 communionem
837 1114 980 1172 potius
1021 1112 1248 1171 eligimus,
1275 1122 1319 1157 et
1341 1112 1573 1156 hominum
1608 1111 1756 1156 verbis

356 1183 516 1228 Christi
525 1184 656 1228 verba
670 1183 979 1243 praeponimus.
992 1186 1115 1241 Rogo
1129 1183 1226 1243 quis
1239 1191 1317 1238 est,
1332 1183 1408 1243 qui
1422 1197 1499 1228 nos
1514 1181 1630 1228 dicat
1643 1180 1755 1229 mala

357 1252 556 1310 elegisse,
582 1254 662 1298 nisi
684 1255 760 1313 qui
783 1255 1007 1299 Christum
1026 1253 1132 1298 dicit
1153 1253 1265 1298 mala
1289 1254 1488 1298 docuisse
1509 1255 1526 1295 ?

411 1326 739 1369 CLXXXVIII.
768 1328 1029 1369 Pssnmmts
1052 1324 1186 1369 dixit:
1215 1344 1234 1367 «
1262 1324 1488 1384 Numquid
1509 1325 1642 1384 igitur
1662 1338 1756 1368 cae·

355 1394 456 1438 dem
492 1394 562 1439 vel
594 1395 874 1440 schismaticis
900 1399 1013 1440 Deus
1038 1396 1171 1454 jussit¹
1186 1393 1338 1440 inferri
1360 1398 1378 1440 Ρ
1400 1396 1483 1449 Qui
1510 1397 1545 1440 si
1574 1395 1775 1441 omniuo'

355 1465 627 1524 praeciperet,
649 1481 722 1510 vos
755 1465 972 1510 deberetis
1004 1466 1143 1510 occidi
1173 1466 1227 1510 ab
1264 1466 1481 1526 aliquibus
1511 1466 1683 1524 Scythis
1704 1470 1795 1512 ac⁴

356 1536 570 1589 Barbaris,
597 1551 686 1580 non
708 1546 854 1581 tamen
877 1553 899 1581 a
918 1537 1197 1582 Christianis.

413 1607 694 1650 CLXXXIX.
732 1610 1012 1653 Arotszrrsrs
1033 1607 1260 1667 respondit
1285 1627 1294 1653 ι
1316 1608 1457 1652 Vestri
1482 1605 1753 1653 Circumcel-

353 1673 489 1721 liones
507 1678 746 1737 quiescant,
773 1687 815 1722 et
836 1678 940 1724 nolo
963 1694 1039 1723 nos
1059 1680 1074 1704 4
1097 1678 1152 1723 dc
1169 1679 1372 1739 Barbaris
1391 1688 1565 1724 terreas.
1595 1681 1751 1724 Utrum

353 1755 500 1791 autem
528 1748 788 1793 schismatici
806 1765 884 1794 nos
906 1750 1038 1794 simus
1060 1765 1116 1793 an
1139 1765 1232 1804 vos,
1268 1765 1348 1794 nec
1373 1765 1454 1809 ego
1474 1765 1552 1794 nec
1576 1758 1641 1805 tu,
1676 1747 1762 1801 sed]

353 1818 551 1863 Christus
579 1819 896 1879 interrogetur,
935 1830 984 1865 ut
1011 1821 1175 1865 indicet
1195 1820 1433 1865 Ecclesiam
1457 1837 1602 1866 suam.
1636 1824 1752 1880 Lege

352 1904 454 1948 ergo
475 1890 813 1950 Evangeliun1²3
835 1900 877 1935 ct
901 1892 1135 1951 respondet
1154 1892 1255 1936 tibi:
1273 1911 1292 1934 «
1310 1895 1362 1936 In
1382 1891 1623 1936 Jerusalem
1643 1901 1687 1936 et
1705 1892 1752 1937 in

356 1977 377 2000 »
410 1969 545 2004 totam
579 1962 779 2006 Judaeam
801 1972 844 2006 et
879 1963 1143 2017 Samariam,
1173 1972 1216 2007 ct
1252 1978 1391 2023 usque
1433 1963 1480 2007 in
1503 1972 1639 2008 totam
1664 1971 1751 2007 ter-

356 2047 376 2070 »
406 2034 531 2075 ram⁵.
552 2050 570 2073 »
599 2033 805 2093 Quisquis
826 2034 960 2092 igitur
982 2034 1028 2078 in
1050 2033 1245 2078 Ecclesia
1265 2050 1355 2079 non
1382 2035 1633 2089 invenitur,
1660 2034 1754 2093 jam

356 2116 446 2145 non
463 2102 769 2162 interrogetur,
796 2104 871 2148 sed
898 2115 972 2150 aut
995 2115 1216 2150 correctus
1237 2115 1534 2161 convertatur,
1562 2114 1639 2150 aut
1656 2119 1749 2150 cor-³

364 2180 511 2229 reptus
534 2189 623 2218 non
645 2185 956 2235 conqueratur.

413 2243 543 2287 CXC.
572 2247 831 2289 Paruulus
854 2245 963 2290 dixit
989 2265 998 2290 ε
1028 2264 1048 2288 «
1071 2249 1224 2307 Neque
1253 2247 1368 2290 enim
1390 2246 1600 2291 Dominus
1631 2249 1770 2301 Deus}

355 2311 549 2358 humano
566 2315 776 2373 sanguine
804 2313 1040 2376 aliquando
1060 2316 1233 2361 laetatus
1263 2326 1352 2372 est,
1381 2332 1482 2361 cum
1510 2309 1771 2373 occisorem?

353 2381 497 2427 {ratris
514 2385 624 2429 Ca'i'n
642 2384 687 2429 in
708 2385 796 2431 vita
811 2387 1012 2431 carnifice
1033 2387 1222 2433 voluerit
1242 2403 1511 2447 permanere.
1534 2407 1555 2430 »

414 2456 565 2500 CXCI.
595 2459 870 2503 Aust-sums
901 2459 1124 2518 respondit
1151 2478 1159 2504 :
1188 2459 1230 2504 Si
1260 2460 1438 2505 occisori
1457 2459 1601 2504 I'ratris
1630 2461 1747 2504 Deus'

410 2562 417 2577 ¹
440 2557 543 2588 Forte
557 2558 689 2590 ditione.
704 2575 744 2581 —
761 2566 772 2582 ²
792 2561 887 2592 Prov.
910 2572 976 2601 xiv,
994 2561 1045 2593 28.
1059 2579 1100 2586 ——
1117 2560 1130 2585 3
1145 2564 1220 2595 Luc.
1242 2572 1328 2604 xxiv,
1349 2561 1402 2603 46.
1421 2560 1490 2591 —4
1510 2561 1616 2594 Forte
1635 2564 1669 2594 et
1685 2545 1762 2592 nmi-v

364 2621 429 2641 nos.
446 2610 510 2634 —5
530 2614 606 2645 Luc.
629 2624 704 2645 xxiv
739 2614 778 2655 4·-
816 2633 849 2639 -
867 2615 881 2639 ⁶
901 2619 970 2650 Aet.
992 2628 1015 2659 ι,
1036 2618 1068 2650 8.

711 2640 717 2653 ἳ
766 2644 773 2656 l
787 2641 791 2646 '
