1825 3264
510 250 564 276 DE
598 251 616 275 t
626 246 783 276 ΜΤΑΤΕ
817 249 1033 276 ECCLESIAE.
1382 238 1465 274 215

81 316 200 360 bono
220 313 336 373 pacis
352 313 482 357 etiam
503 312 677 371 cognita
701 310 874 355 malain
890 312 1115 356 hominum
1131 312 1467 369 congregatione

82 382 359 432 toleraverint
384 401 394 428 :
419 380 530 426 illud
561 381 675 435 dico,
706 380 776 425 isti
797 380 1044 435 ostendant,
1070 381 1293 440 quomodo
1317 396 1469 425 eorum

12 514 15 517 .
81 453 339 512 contagione
353 468 442 497 non
458 453 679 511 perierint,
696 466 806 511 quos
822 451 1049 509 sacrilegos
1068 451 1344 495 incestatores
1361 465 1467 496 con-

80 533 256 573 secratae
280 522 499 582 pudicitiae
525 522 805 567 foeminarum
833 521 945 565 intes
962 535 1006 564 se
1028 520 1162 565 latere
1185 521 1253 565 vel
1267 520 1464 576 latuisse,

81 592 150 642 vel
183 592 317 638 modo
353 592 577 646 nesciunt,
611 590 680 635 vel
704 589 941 650 aliquando
971 591 1232 635 nescierunt.
1271 590 1469 634 Profecto

81 664 240 710 dicturi
251 672 368 719 sunt,
383 664 467 708 hoc
479 664 571 723 ipso
582 677 625 707 se
639 677 727 707 non
735 661 1053 707 contaminatos
1066 661 1187 721 quod
1201 662 1464 706 nescierunt.

81 735 313 791 Quomodo
340 750 444 794 ergo
472 734 796 780 contaminatus
813 742 877 778 est
899 733 1016 778 orbis
1033 767 1044 787 ,
1069 732 1144 792 qui
1165 733 1302 776 nescit
1324 732 1468 776 adhuc

82 820 138 850 an
158 820 259 851 vera
280 805 368 849 sint
389 807 467 849 ista
484 821 584 865 quae
597 804 834 849 dicuntur?
853 807 1060 848 Putemus
1083 802 1209 847 nobis
1220 801 1351 846 modo
1373 817 1471 861 pro-

80 875 197 930 bata,
231 874 362 920 modo
385 876 680 920 demonstrata
705 894 713 920 :
742 874 849 934 quid
873 874 1038 932 agimus
1060 872 1115 918 de
1146 882 1213 918 tot
1233 872 1434 931 gentibus
1455 873 1473 916 P

82 948 349 991 Deseruntur
377 948 618 991 nescientes
638 981 649 1002 ,
685 961 788 1005 ergo
819 946 1080 990 deseruntur
1111 945 1364 989 innocentes
1389 961 1398 988 ε
1431 951 1475 986 et

80 1031 180 1063 cum
198 1016 309 1061 illud
328 1017 382 1061 sit
398 1016 569 1061 nullum
592 1017 757 1061 crimen
776 1016 969 1071 illorum,
990 1017 1074 1061 hoc
1097 1030 1186 1059 esse
1208 1014 1362 1073 incipit
1378 1027 1473 1058 sce·

81 1086 386 1131 leratissimum
404 1096 620 1131 nostrum.
638 1090 707 1131 An
720 1101 894 1131 currere
916 1086 1142 1140 debemus,
1168 1094 1211 1128 et
1231 1100 1302 1129 eos
1317 1085 1473 1138 docere

12 1197 23 1207 ,
82 1158 201 1217 quod
225 1158 382 1202 scimus
406 1159 424 1200 ‘2
450 1160 504 1202 Ut
519 1158 627 1217 quid
654 1158 771 1202 hoc?
795 1157 838 1202 Si
857 1166 907 1201 ut
928 1158 1181 1201 innocentes
1201 1156 1287 1199 sint
1311 1173 1319 1199 :
1342 1156 1472 1198 inno-

82 1237 228 1273 centes
251 1237 353 1273 sunt
375 1229 505 1272 etiam
528 1228 636 1272 dum
656 1229 869 1273 nesciunt.
889 1231 987 1274 Non
1008 1228 1123 1272 enim
1146 1224 1375 1270 malefacta
1397 1226 1473 1269 ho·

82 1299 250 1343 minum
273 1298 578 1358 cognoscendo
593 1334 604 1354 ,
629 1299 705 1344 sed
727 1300 910 1357 cognitis
940 1315 1029 1343 non
1051 1295 1387 1350 consentiendo,
1420 1295 1476 1339 de

81 1368 311 1428 incognitis
349 1377 495 1413 autem
536 1384 625 1413 non
672 1377 833 1412 temere
863 1367 1104 1428 judicando
1125 1401 1136 1421 ,
1176 1365 1473 1410 innocentiam

83 1440 366 1485 custodimus.
385 1444 448 1485 Ac
472 1455 548 1499 per
565 1440 664 1495 hoc,
686 1449 735 1484 ut
758 1439 861 1494 dixi,
886 1441 1095 1483 innocens
1117 1446 1181 1481 est
1197 1436 1314 1481 orbis
1336 1445 1476 1480 terra-

85 1526 198 1565 rum,
219 1511 296 1570 qui
317 1510 497 1555 crimina
510 1526 609 1570 quae
629 1510 684 1555 ab
699 1510 844 1554 istisin
863 1509 1076 1569 quosdam
1100 1507 1324 1560 dicuntur,
1345 1506 1476 1550 etiam

84 1581 119 1624 si
140 1596 241 1625 vera
263 1580 488 1634 dicuntur,
514 1581 699 1638 ignorat.
725 1580 793 1624 Ab
815 1580 881 1624 his
900 1588 1046 1624 autem
1069 1577 1377 1622 innocentibus
1400 1575 1477 1635 qui

83 1665 128 1696 se
150 1652 261 1709 ipsos
278 1659 617 1710 separaverunt,
645 1651 797 1695 eodem
819 1651 911 1710 ipso
933 1650 1114 1694 crimine
1137 1646 1418 1706 separationis
1433 1655 1476 1689 et

84 1722 322 1767 schismatis
340 1722 632 1767 innocentiam
648 1721 957 1781 perdiderunt:
981 1730 1024 1765 et
1042 1719 1173 1764 modo
1197 1733 1274 1763 nos
1297 1718 1473 1772 docent,

84 1807 185 1839 vera
200 1809 244 1838 se
263 1793 406 1839 dicere
428 1795 474 1838 in
496 1793 708 1853 quosdam
724 1828 735 1848 ,
756 1802 806 1838 ut
828 1793 882 1838 ab
903 1795 962 1837 eis
979 1807 1057 1837 nos
1078 1798 1279 1850 separent
1300 1789 1345 1832 in
1367 1802 1477 1848 quos

83 1878 176 1909 non
203 1864 370 1909 habent
391 1879 491 1909 vera
510 1879 609 1924 quae
627 1863 791 1909 dicant.

144 1936 221 1978 lv.
262 1937 356 1979 Hoc
390 1935 507 1979 enim
530 1935 588 1978 eis
620 1934 725 1978 dicit
757 1933 872 1978 orbis
904 1941 1134 1985 terrarum,
1154 1928 1276 1990 quod
1297 1926 1478 1987 quidem

85 2018 284 2051 sermone
322 2005 626 2049 brevissimum
659 2013 748 2058 est,
780 2003 856 2047 sed
895 2001 1241 2046 robustissimum
1277 1999 1473 2043 veritate.

42 2105 51 2111 -
86 2074 182 2119 Afri
197 2089 353 2133 nempe
373 2074 485 2118 inter
502 2089 546 2117 se
564 2073 753 2132 episcopi
766 2073 1062 2130 confligebant
1078 2087 1086 2113 ι
1103 2072 1137 2115 si
1157 2069 1281 2113 finire
1301 2069 1414 2112 inter
1436 2081 1480 2112 se

87 2145 287 2190 obortam
319 2144 631 2189 dissensionem
653 2160 742 2188 non
761 2151 963 2203 poterant
983 2177 995 2198 ,
1016 2151 1065 2186 ut
1086 2141 1174 2185 sive
1198 2155 1275 2200 per
1295 2153 1480 2184 concor-

88 2213 205 2259 diam
225 2215 475 2273 compositis
491 2249 502 2269 ‚
526 2215 616 2259 sive
638 2214 882 2274 degradatis
904 2214 981 2273 qui
1005 2212 1116 2257 male
1133 2209 1451 2256 contenderent
1466 2242 1478 2263 ‚

86 2284 134 2330 hi
166 2285 243 2344 qui
278 2283 440 2329 bonam
475 2299 648 2329 causam
680 2285 903 2329 habebant
937 2283 983 2326 in
1015 2281 1325 2327 communione
1364 2278 1481 2324 orbis

92 2363 303 2399 terrarum
342 2369 418 2412 per
450 2354 628 2399 unitatis
662 2354 889 2399 vinculum
922 2360 1228 2412 permanerent
1247 2371 1258 2407 3
1295 2348 1483 2393 restabat

90 2425 244 2484 utique
266 2434 315 2468 ut
337 2425 528 2483 episcopi
552 2424 842 2479 transmarini,
868 2439 952 2483 qua
977 2437 1075 2481 pars
1098 2420 1285 2465 maxima
1315 2417 1482 2462 diffun-

94 2494 282 2540 debatur
304 2494 510 2538 Ecclesiae
532 2493 756 2538 catholicae
775 2528 785 2546 ‚
807 2493 861 2537 de
885 2492 1090 2537 Afrorum
1111 2489 1375 2548 collegarum
1394 2487 1484 2530 dis-

96 2564 635 2624 sentionibusjudicarent‚
651 2564 732 2607 illis
746 2563 946 2607 videlicet
960 2561 1221 2606 instantibus
1237 2560 1311 2618 qui
1324 2559 1485 2602 crimen
