1825 3264
366 232 418 268 10
786 238 818 263 ε.
853 233 1084 263 Arretinum
1115 232 1296 261 uranon

362 302 554 356 chabaei‚
592 315 669 360 pro
697 299 775 344 Dei
804 298 974 358 legibus
1001 296 1241 342 necareris¹
1266 297 1312 354 2(
1334 293 1368 338 si
1389 308 1475 338 nex
1495 291 1580 338 dici
1597 292 1740 339 homi-

361 388 469 417 num
488 380 642 431 potest,
665 385 774 430 quos
798 369 1025 414 moriendo
1041 383 1118 427 pro
1136 367 1320 411 Domino
1338 363 1507 424 perficit
1522 364 1741 409 immorta-

359 444 421 488 les
440 463 448 488 :
462 455 680 502 >quorum
701 457 816 485 unus
837 441 1000 485 scilicet
1022 438 1206 483 fratrum
1225 447 1412 495 tyranno
1434 435 1642 495 sacrilego
1657 435 1741 480 hac

360 514 461 558 fidei
478 528 583 558 voce
595 512 817 573 respondit
838 532 847 556 ε
866 515 931 556 Tu
947 510 1125 570 quidem
1139 508 1345 554 scelerate
1357 516 1401 552 et
1412 507 1544 567 impie
1561 505 1616 551 de
1635 522 1743 567 prae—

357 585 466 629 senti
484 585 569 628 vita
583 599 660 629 nos
677 583 843 644 perdis;
863 586 955 627 Rex
970 591 1115 626 autem
1132 580 1285 625 mundi
1297 579 1375 640 qui
1389 588 1543 637 regnat
1552 578 1600 622 in
1610 587 1740 624 aeter-

361 671 466 699 num
490 664 534 698 et
554 655 674 713 regni
697 655 788 714 ejus
819 668 908 698 non
936 654 1017 696 erit
1038 652 1164 706 finis,
1200 659 1395 695 mortuos
1430 665 1509 695 nos
1543 664 1622 709 pro
1656 650 1744 695 suis

359 727 515 771 sanctis
536 726 723 785 legibus,
748 726 793 769 in
814 733 990 769 aeternae
1006 725 1105 768 vitae
1122 723 1494 768 conservationem
1515 722 1744 767 resuscita-

361 798 440 842 bit,
468 798 510 842 Si
531 797 718 842 hominis
739 796 900 841 mortui
923 805 1232 840 testamentum
1254 795 1439 839 flammis
1456 793 1710 839 incenderes
1727 828 1740 850 ‚

360 883 507 913 nonne
524 867 719 913 falsarius
742 867 982 927 punireris?
1005 866 1120 919 Quid
1148 866 1203 912 de
1236 875 1278 911 te
1300 881 1404 925 ergo
1433 864 1633 910 futurum
1655 874 1741 921 est,

360 940 436 999 qui
473 939 781 984 sanctissimam
815 938 957 997 legem
994 938 1069 981 Dei
1098 937 1260 998 judicis
1296 936 1554 982 incendisti?
1585 934 1747 981 Judam

361 1011 464 1055 facti
483 1010 553 1054 vel
575 1011 621 1054 in
651 1019 790 1054 morte
814 1010 1021 1069 poenituit
1047 1029 1057 1054 ε
1082 1018 1125 1054 te
1146 1025 1235 1054 non
1262 1010 1395 1055 modo
1417 1024 1508 1053 non
1536 1008 1746 1068 poenitet,

359 1097 510 1126 verum
524 1082 652 1126 etiam
669 1082 958 1142 nequissimus
981 1080 1164 1126 traditor
1175 1081 1301 1126 nobis
1317 1081 1459 1140 legem
1476 1079 1748 1125 servantibus

360 1162 609 1211 persecutor
631 1161 674 1196 et
695 1151 887 1196 carnifex
904 1151 1061 1195 existis.
1091 1170 1111 1193 »

418 1225 582 1266 XVIII.
609 1226 886 1267 Aucusruws
908 1221 1159 1281 respondit:
1185 1221 1295 1265 Vide
1316 1221 1424 1280 quid
1444 1221 1615 1265 intersit
1635 1221 1750 1266 inter

358 1302 518 1337 vestras
541 1292 772 1337 maledicas
793 1308 920 1337 voces
935 1327 946 1346 ‚
975 1301 1018 1336 et
1046 1301 1212 1336 nostras
1239 1292 1449 1337 veridicas
1471 1292 1742 1338 assertiones.

359 1363 549 1408 Attende
576 1363 820 1422 paululum.
854 1365 966 1407 Ecce
997 1362 1258 1421 exaggerasti
1286 1363 1450 1407 crimen
1470 1362 1744 1409 traditionis:

359 1444 402 1479 et
432 1434 768 1478 invidiosissimis
795 1435 959 1488 verbis,
985 1434 1107 1478 velut
1135 1434 1350 1493 captiosus
1372 1435 1590 1490 inventor,
1620 1434 1749 1479 Judae

360 1521 437 1549 nos
460 1505 671 1564 proditori
692 1506 964 1564 comparasti.
992 1505 1059 1550 Ad
1079 1506 1163 1550 hoc
1184 1505 1263 1549 tihi
1285 1520 1365 1564 ego
1381 1521 1481 1550 cum
1501 1506 1750 1551 brevissime

361 1574 637 1634 respondero.
660 1578 756 1620 Non
775 1574 856 1620 feci
875 1576 995 1636 quod
1013 1575 1133 1631 dicis,
1148 1591 1237 1620 non
1254 1575 1430 1631 tradidi,
1455 1574 1563 1621 falsa
1579 1576 1747 1637 objicis,

360 1662 585 1706 nunquam
619 1645 664 1690 id
692 1647 896 1706 probabis
921 1668 931 1693 ;
962 1662 1109 1691 nonne
1137 1648 1277 1692 omnis
1309 1647 1388 1692 iste
1417 1647 1655 1698 verborum
1680 1649 1749 1692 in·

361 1719 554 1775 gentium
573 1716 721 1762 fumus
744 1728 921 1777 repente
939 1718 1179 1763 dilabitur?
1198 1717 1397 1763 An‘forte
1413 1719 1602 1779 probare
1623 1734 1749 1764 cona-

363 1788 504 1831 beris?
528 1790 620 1833 Hoc
638 1804 741 1848 ergo
764 1790 882 1849 prius
900 1789 1064 1835 faceres
1079 1825 1090 1845 ,
1113 1800 1156 1835 et
1179 1790 1338 1834 deinde
1358 1791 1405 1834 in
1431 1806 1511 1836 nos
1538 1799 1750 1852 tanquam

360 1859 406 1902 in
443 1861 663 1905 convictos
694 1877 782 1921 quo
816 1861 947 1906 velles
981 1861 1159 1907 cumulo
1196 1862 1454 1907 invectionis
1486 1863 1746 1923 insurgeres.

362 1932 473 1974 Ecce
496 1947 581 1975 una
603 1933 785 1987 vanitas,
807 1934 908 1977 audi
925 1934 1119 1978 alteram.

420 2003 540 2044 XIX.
579 2005 643 2046 Tu
665 2004 754 2061 ipse
780 2019 880 2048 cum
914 2004 968 2048 de
987 2004 1195 2064 praedicta
1219 2003 1346 2049 Judae
1373 2003 1654 2049 damnatione
1674 2004 1744 2049 lo-
1783 2061 1786 2066 Δ

361 2073 577 2130 quereris,
606 2072 781 2118 dixisti:
815 2094 835 2116 «
871 2078 982 2119 Ecce
1010 2085 1200 2135 quantus
1229 2084 1292 2120 est
1313 2075 1489 2134 spiritus
1507 2070 1783 2134 Propheta-'

362 2156 475 2195 rum,
511 2151 559 2184 ut
582 2152 737 2186 cuncta
764 2142 910 2188 futura
942 2159 1021 2200 pro
1059 2146 1344 2203 praesentibus
1364 2145 1538 2200 viderit,
1574 2155 1625 2190 ut
1645 2154 1748 2190 ante

365 2210 549 2270 plurima
571 2213 727 2256 saecula
751 2215 992 2258 nasciturus
1015 2215 1198 2259 traditor
1221 2215 1529 2260 damnaretur:
1551 2233 1572 2257 »
1599 2224 1642 2259 et
1659 2231 1749 2260 non

363 2283 507 2326 vidisti
531 2282 680 2327 eadem
699 2285 926 2344 prophetia
942 2285 1084 2329 stabili
1103 2295 1145 2329 et
1163 2295 1279 2330 certa
1297 2295 1340 2330 et
1361 2286 1618 2334 inconcussa
1637 2287 1750 2332 veri-

364 2362 476 2407 tate,
501 2369 587 2412 qua
620 2354 879 2412 praedictum
908 2367 994 2410 est,
1019 2355 1139 2416 quod
1161 2372 1274 2401 unus
1291 2356 1529 2417 discipulus
1559 2358 1749 2403 traditu-

365 2437 436 2465 rus
460 2432 568 2466 esset
591 2424 829 2479 Christum,
846 2425 1103 2485 praedictum
1123 2427 1252 2471 etiam
1275 2428 1396 2487 quod
1420 2437 1535 2473 totus
1557 2427 1748 2473 mundus

365 2502 472 2536 esset
494 2493 736 2539 crediturus
758 2496 802 2539 in
824 2497 1060 2541 Christum.
1087 2499 1178 2542 Cur
1200 2496 1424 2543 attendisti
1452 2499 1498 2543 in
1521 2498 1747 2558 prophetia

416 2584 421 2599 ¹
451 2586 468 2608 2
495 2577 603 2610 Mach.
626 2589 685 2620 vu,
706 2580 735 2612 3.
