1825 3264
304 280 467 310 comm
500 281 703 310 urruns
734 283 971 322 rss‘mmmr,
1006 286 1089 313 Lm.
1125 287 1172 312 11.
1378 274 1431 313 85

50 348 136 392 Nos
157 361 303 391 sumus
326 361 442 402 oves,
466 361 542 391 vos
563 356 708 391 autem
730 347 824 407 lupi
843 368 854 405 3
878 349 1058 393 ideo-ne
1083 360 1208 409 putas
1228 351 1433 396 interesse

49 415 230 476 aliquid,
255 417 358 477 quia
382 426 430 461 tu
452 417 525 461 illa
550 418 691 462 verbis
715 416 896 477 turgidis
916 419 1056 463 dicis?
1080 421 1162 465 Sed
1185 421 1362 466 attende
1383 430 1432 466 ut

48 501 129 545 ego
146 486 327 545 probem
345 487 465 546 quod
482 486 596 532 dico.
619 489 783 547 Nempe
807 489 1032 544 Dominus,
1058 492 1177 549 quod
1199 491 1302 537 velis
1322 491 1432 536 nolis

48 557 177 611 nosti,
203 557 262 601 ait
288 557 333 601 in
358 557 594 616 Evangelio
620 577 628 602 :
665 577 684 600 «
711 560 818 611 Quae
850 568 952 603 sunt
983 575 1082 604 oves
1118 576 1241 615 meae,
1279 577 1431 607 vocem

50 644 70 668 »
95 642 233 671 meam
253 627 452 682 audiunt,
478 638 521 672 et
539 638 783 687 sequuntur
805 644 874 673 me
895 632 924 673 ¹.
952 649 971 671 »
997 630 1149 675 Multae
1171 641 1271 676 sunt
1294 631 1347 676 de
1365 632 1432 676 di-

43 699 172 742 versis
206 700 336 743 rebus
367 714 498 744 voces
535 700 706 743 Domini
738 719 745 744 :
786 715 956 754 verum,
988 701 1174 760 exempli
1205 703 1365 761 gratia,
1399 705 1432 746 si

43 769 254 829 quispiam
287 770 510 814 dubitaret
531 780 679 814 utrum
702 771 745 815 in
767 786 948 831 corpore
978 772 1094 816 idem
1126 774 1334 818 Dominus
1365 788 1432 818 re—

44 840 294 894 surrexerit,
319 849 362 884 et
384 840 668 885 recitarentur
687 842 780 900 ejus
797 841 925 885 verba
950 841 1132 886 dicentis
1160 862 1168 888 :
1197 862 1216 884 «
1238 842 1430 902 Palpate‚

46 926 67 951 »
102 918 145 953 et
160 909 317 966 videte,
343 910 443 970 quia
470 911 644 970 spiritus
664 926 838 956 carnem
860 921 904 956 et
921 928 1012 957 ossa
1035 928 1123 957 non
1148 913 1298 968 habet,
1323 915 1432 958 sicut

45 995 67 1020 n
101 993 171 1023 me
192 979 344 1024 videtis
372 980 533 1024 habere
560 985 577 1007 2
601 1003 613 1038 3
640 999 660 1022 »
686 982 720 1025 si
746 991 789 1026 et
810 982 875 1027 his
903 982 1060 1027 auditis
1089 983 1144 1029 ad
1165 983 1431 1028 credendum

36 1050 341 1094 resuscitatum
374 1066 533 1110 corpus
555 1052 646 1111 ejus
681 1051 818 1097 nollet
839 1052 1116 1113 acquiescere
1133 1089 1144 1109 ,
1169 1069 1257 1098 non
1281 1054 1432 1115 utique

41 1119 154 1164 inter
175 1135 276 1164 oves
307 1121 480 1164 Domini
497 1121 799 1180 deputaretur,
829 1123 930 1182 quia
951 1138 1103 1168 vocem
1126 1125 1217 1183 ejus
1239 1123 1431 1169 auditam

42 1204 133 1234 non
154 1190 418 1250 sequebatur
439 1212 450 1247 3
475 1191 533 1235 sic
556 1200 598 1235 et
628 1206 746 1236 nunc
763 1227 774 1246 ,
799 1194 1007 1252 quoniam
1030 1195 1213 1252 quaestio
1234 1203 1297 1238 est
1318 1195 1432 1238 inter

40 1275 134 1314 nos,
162 1261 238 1304 ubi
255 1261 308 1305 sit
330 1260 536 1315 Ecclesia,
562 1277 659 1305 cum
682 1278 732 1305 cx
751 1263 844 1321 ipso
868 1263 1091 1322 Evangelii
1113 1263 1225 1318 loco,
1245 1265 1320 1308 ubi
1337 1274 1432 1324 post

41 1331 399 1375 resurrectionem
424 1347 551 1375 suum
570 1347 727 1391 corpus
750 1332 878 1376 etiam
899 1331 1168 1391 palpandum
1191 1333 1432 1378 dubitanti-

42 1401 123 1446 bus
145 1402 348 1461 praebuit,
375 1403 685 1462 consequentia
708 1404 841 1447 verba
865 1404 1110 1458 recitamus,
1136 1404 1212 1447 ubi
1236 1405 1430 1449 futuram

42 1469 244 1516 Ecclesiae
280 1470 560 1516 latitudinem
593 1472 906 1517 demonstravit
930 1472 1078 1517 dicens
1111 1492 1119 1517 :
1163 1492 1183 1515 «
1214 1474 1430 1527 Quoniam

44 1559 64 1583 »
98 1542 158 1586 sic
180 1542 388 1600 scriptum
412 1551 492 1597 est,
523 1551 566 1586 et
589 1542 648 1587 sic
671 1543 903 1601 oportebat
923 1543 1145 1588 Christum
1170 1545 1275 1602 pati,
1298 1553 1341 1588 et
1361 1559 1424 1588 re-

43 1629 63 1653 »
98 1627 272 1669 surgere
291 1614 415 1656 tertia
438 1611 525 1667 die,
552 1622 596 1656 et
613 1613 838 1672 praedicari
852 1613 897 1657 in
913 1614 1090 1657 nomine
1106 1614 1197 1674 ejus
1211 1615 1432 1673 poeniten-

43 1701 65 1724 »
100 1683 204 1727 tiam
232 1692 276 1727 et
311 1684 604 1728 remissionem
635 1693 914 1743 peccatorum
948 1700 1025 1744 per
1060 1700 1210 1729 omnes
1248 1695 1396 1744 gentes
1416 1721 1426 1740 ,

43 1770 64 1795 n
101 1754 410 1813 incipientibus
432 1754 487 1798 ab
513 1754 749 1798 Jerusalem
766 1776 777 1812 3
794 1774 814 1796 »
832 1764 875 1799 et
888 1771 963 1800 vos
980 1756 1184 1800 omnibus
1208 1756 1427 1814 gentibus,

41 1823 116 1868 ubi
130 1824 220 1868 baec
233 1823 449 1883 completa
466 1835 584 1879 sunt,
601 1825 923 1869 communicare
936 1841 1025 1869 non
1041 1825 1189 1880 vultis,
1208 1825 1430 1884 quomodo

40 1895 137 1939 estis
154 1910 254 1939 oves
274 1895 401 1955 hujus
424 1897 620 1955 pastoris,
641 1898 764 1955 cujus
781 1896 940 1940 auditis
961 1897 1144 1941 vocibus
1175 1913 1263 1942 non
1287 1897 1429 1942 solum

39 1979 127 2008 non
160 1964 469 2025 obsequimini,
493 1981 645 2010 verum
668 1966 797 2010 etiam
820 1967 1070 2024 repugnatis
1093 1968 1110 2008 ⁶?
1132 1970 1190 2011 Et
1215 1982 1315 2011 oves
1335 1969 1430 2026 qui-

38 2033 136 2079 dem
153 2051 228 2079 vos
243 2051 331 2080 non
349 2050 454 2090 esse,
474 2037 575 2080 hinc
590 2035 823 2080 docemus:
844 2051 934 2080 esse
953 2046 1100 2080 autem
1119 2036 1262 2094 lupos,
1283 2036 1430 2080 audite

39 2104 158 2148 unde
180 2104 427 2148 doceamus.
454 2107 550 2148 Jam
573 2106 688 2148 enim
703 2139 714 2158 ,
741 2105 843 2164 quia
871 2105 946 2148 ubi
969 2105 1022 2149 sit
1047 2104 1238 2149 Ecclesia
1253 2140 1263 2159 ,
1287 2105 1430 2149 verbis

37 2173 170 2233 ipsius
185 2174 674 2233 apparet,'manifestum
698 2183 761 2218 est
780 2175 856 2218 ubi
873 2175 925 2218 sit
943 2174 1055 2218 ovile
1066 2175 1241 2219 Christi.
1258 2176 1325 2219 Ab
1347 2175 1430 2219 hoc

36 2243 165 2302 igitur
197 2244 299 2290 ovili
321 2245 564 2290 certissimis
595 2245 736 2289 verbis
767 2245 936 2289 Domini
965 2245 1261 2290 demonstrato
1288 2255 1331 2289 et
1352 2261 1429 2289 ex-

37 2329 195 2374 presso,
218 2316 500 2375 quicumque,
525 2331 614 2360 non
632 2316 730 2360 dico
748 2331 822 2375 per
844 2314 968 2369 falsa,
993 2316 1069 2360 sed
1091 2316 1209 2376 quod
1227 2315 1426 2360 manifes-

40 2393 133 2430 tum
165 2396 243 2439 est,
264 2401 340 2445 per
361 2387 524 2430 incerta
542 2386 770 2430 hominum
791 2386 970 2430 crimina
993 2401 1093 2431 oves
1113 2395 1358 2445 segregant,
1384 2395 1427 2429 et

41 2455 95 2499 ab
113 2455 289 2499 unitatis
303 2464 433 2514 atque
450 2456 669 2499 charitatis
685 2457 771 2500 vita
785 2465 954 2515 ereptas
971 2465 1014 2499 et
1028 2456 1232 2500 alienatas
1250 2464 1422 2510 necant,

43 2541 188 2571 nonne
210 2527 287 2585 ipsi
311 2535 411 2570 sunt
433 2526 525 2584 lupi
547 2529 754 2585 rapaces?
784 2531 838 2571 At
861 2527 976 2570 enim
1005 2535 1047 2570 et
1082 2527 1160 2584 ipsi
1189 2527 1423 2570 Dominum

95 2617 103 2632 ¹
120 2611 209 2643 Joan.
231 2621 263 2652 x,
283 2619 388 2651 27.·—-
408 2617 419 2632 ²
440 2612 514 2642 Luc.
535 2620 622 2649 xxiv,
645 2610 695 2641 39.
