1825 3264
358 262 410 299 42
789 271 822 296 s.
859 270 1085 296 mausum
1120 269 1299 297 umscopr

356 337 516 381 inferos
537 336 661 379 vivax
690 343 779 389 est,
800 335 875 395 qui
893 336 1052 395 jejunis
1080 335 1272 394 apicibus
1304 344 1491 379 aestuans
1508 370 1518 390 ,
1543 335 1737 379 membra

357 417 431 453 tua
454 422 529 466 per
552 404 757 450 saeculum
773 405 919 449 afflare
933 405 1090 459 valeat,
1115 421 1203 449 non
1226 405 1377 463 finire3
1398 405 1510 450 sicut
1531 405 1739 464 scriptum

357 487 420 522 est
435 476 490 521 de
508 491 679 521 reorum
697 476 742 519 in
756 475 928 521 inferno
945 475 1158 535 supplicio
1180 495 1188 520 :
1214 476 1366 535 «Ignis
1386 490 1540 520 eorum
1560 490 1650 520 non
1667 490 1741 519 ex·

360 567 380 590 »
398 549 637 607 tinguetur.
667 566 686 588 »

417 620 621 664 LXXIII.
658 620 933 663 Aueusruws
971 616 1192 678 respondit
1217 637 1225 662 ι
1253 620 1318 661 Tu
1343 632 1387 661 es
1408 616 1481 661 ille
1505 615 1741 660 maledicus

357 689 636 742 conviciator,
672 704 760 733 non
793 689 1006 733 veridicus
1033 689 1291 748 disputator.
1321 691 1477 733 Nonne
1507 685 1742 747 aliquando

358 760 525 805 desines
558 759 659 804 talia
695 759 859 814 dicere,
899 776 997 820 quae
1039 761 1072 803 si
1100 775 1188 804 non
1217 759 1403 819 probas,
1440 757 1496 802 ad
1523 757 1743 801 neminem

359 831 606 890 pertinent3
631 830 663 874 si
687 839 829 873 autern
855 830 1035 889 probas,
1059 831 1115 874 ad
1137 830 1349 875 unitatem
1373 828 1489 874 orbis
1510 838 1740 882 terrarum,
1764 870 1766 872 .

358 917 458 962 quae
486 902 531 944 in
561 901 716 945 sanctis
744 910 950 960 tanquam
984 902 1027 945 in
1066 900 1292 945 frumentis
1321 910 1408 955 est,
1454 900 1634 944 omnino
1654 913 1742 943 non

361 973 578 1031 pertinent
599 974 615 1013 ’ἰ
639 972 681 1016 Si
716 971 881 1030 placeat
909 981 951 1015 et
988 973 1112 1017 nobis
1138 988 1217 1032 pro
1250 970 1489 1016 maledictis
1515 969 1745 1014 maledicta

359 1057 584 1101 reponere,
600 1057 827 1101 possumus
845 1052 887 1086 et
911 1059 987 1086 nos
1010 1042 1122 1087 forte
1144 1044 1302 1087 diserte
1323 1042 1571 1087 conviciari.
1596 1043 1746 1085 Possu-

361 1128 455 1156 mus
471 1122 514 1156 et
530 1128 607 1156 nos
624 1114 782 1167 dicere,
799 1113 1115 1172 crepitantibus
1138 1114 1322 1157 flammis
1342 1132 1350 1157 :
1371 1112 1447 1157 sed
1469 1110 1593 1156 nulio
1614 1109 1746 1156 modo

360 1183 465 1226 mihi
486 1191 608 1226 sonat
635 1181 814 1237 diserte,
850 1184 970 1242 quod
994 1183 1153 1227 dicitur
1176 1184 1336 1242 inepte.
1360 1186 1593 1227 Possumus
1611 1190 1653 1225 et
1669 1196 1747 1226 nos

360 1251 519 1306 dicere,
546 1252 706 1312 jejunis
736 1253 930 1311 apicibus
952 1263 1139 1297 aestuans
1165 1269 1173 1294 ε
1200 1253 1275 1297 sed
1298 1253 1559 1312 scriptorum
1581 1261 1748 1296 nostro-

361 1337 457 1366 rum
501 1322 642 1380 apices
674 1322 900 1377 nolumus,
938 1339 1037 1367 cum
1073 1324 1127 1367 ab
1157 1323 1303 1383 aliquo
1333 1338 1439 1368 sano
1469 1321 1702 1382 leguntur,
1724 1337 1747 1366 a

362 1407 490 1436 succo
506 1392 723 1451 gravitatis
739 1394 908 1452 jejunos
925 1393 1128 1454 judicari,
1155 1403 1198 1438 et
1219 1394 1361 1453 ipsum
1383 1395 1429 1437 in
1451 1394 1510 1438 eis
1523 1393 1629 1437 dum
1644 1391 1747 1437 nul-

362 1462 412 1507 lis
433 1463 656 1507 sententiis
681 1463 862 1508 utilibus
886 1466 1074 1524 pascitur
1092 1501 1102 1520 ‚
1124 1480 1443 1524 supervacaneo
1467 1465 1667 1509 laborare
1680 1465 1748 1524 je-

355 1535 495 1594 junio.
525 1536 637 1578 Ecce
658 1533 756 1578 dico
778 1535 1160 1580 Circumcelliones
1182 1545 1345 1580 vestros
1359 1571 1369 1591 ‚
1391 1550 1480 1580 non
1495 1535 1747 1594 crepitanti-

362 1606 442 1649 bus
458 1641 467 1659 ,
492 1605 566 1648 sed
591 1606 958 1664 praecipitantibus
981 1608 1164 1651 flammis
1200 1606 1356 1652 furoris
1384 1606 1549 1651 ardere.
1585 1606 1628 1651 Si
1658 1620 1747 1650 res-

363 1676 565 1736 ponderis
601 1695 608 1720 :
634 1676 751 1729 Quid
781 1677 833 1721 ad
861 1680 963 1723 nos?
995 1681 1085 1723 Cur
1114 1688 1157 1722 et
1187 1688 1235 1723 tu
1266 1694 1365 1729 cum
1399 1678 1608 1738 objeceris
1641 1692 1750 1737 quos

363 1747 567 1801 volueris,
598 1762 686 1790 non
710 1748 894 1792 vicissim
929 1749 1077 1794 audies
1098 1769 1106 1794 ε
1130 1753 1182 1793 Et
1212 1765 1290 1794 nos
1326 1750 1569 1794 nescimus?
1589 1749 1631 1793 Si
1658 1763 1748 1792 res-

364 1818 589 1877 ponderis,
611 1825 707 1867 Non
733 1820 936 1881 probatis.
964 1822 1052 1865 Cur
1080 1837 1167 1864 non
1191 1820 1268 1864 tibi
1291 1820 1406 1864 orbis
1430 1829 1641 1864 terrarum
1657 1833 1749 1862 res-

363 1878 555 1937 pondeat
581 1881 764 1926 vicissim
791 1901 799 1926 ;
825 1883 911 1925 Nec
935 1897 1008 1924 vos
1031 1881 1252 1940 probatis?
1277 1879 1549 1924 Paciscamur
1568 1893 1688 1936 ergo,
1715 1877 1749 1922 si

364 1948 520 2007 placet,
545 1961 594 1995 ut
616 1967 694 1996 nec
716 1961 762 1995 tu
785 1951 910 2001 nobis
933 1950 1067 1994 malos
1089 1951 1266 2010 objicias
1287 1965 1396 2010 quos
1416 1959 1542 2010 putas
1561 1958 1746 2003 nostros,

365 2035 444 2064 nec
465 2021 586 2065 vobis
603 2037 682 2080 ego
699 2031 875 2066 vestros.
896 2024 959 2065 Ita
977 2021 1142 2065 videbis
1160 2021 1242 2065 hoc
1262 2029 1388 2079 pacto
1410 2029 1498 2064 tam
1515 2020 1635 2079 justo
1656 2018 1751 2079 pla-

365 2090 450 2133 cito
483 2100 613 2150 atque
643 2092 813 2135 firmato
830 2126 841 2145 ‚
875 2091 982 2135 nihil
1018 2100 1058 2135 te
1079 2091 1238 2134 habere
1259 2090 1379 2151 quod
1403 2091 1578 2150 objicias
1597 2089 1750 2134 semini

366 2160 553 2203 Abrahae
586 2162 628 2203 in
663 2161 867 2205 omnibus
896 2161 1112 2219 gentibus.
1149 2161 1283 2219 Atqui
1316 2175 1396 2219 ego
1429 2160 1509 2204 tibi
1530 2160 1660 2219 plane
1679 2159 1750 2202 in-

365 2231 492 2274 vcnio
512 2246 714 2289 magnum
740 2231 860 2292 quod
881 2232 1082 2291 objiciam
1110 2251 1118 2276 ε
1145 2233 1234 2276 Cur
1251 2247 1326 2276 vos
1347 2246 1449 2289 ergo
1470 2230 1606 2290 impie
1625 2245 1750 2290 sepa-

366 2301 486 2345 rastis
516 2317 537 2344 a
566 2302 726 2345 semine
751 2303 938 2346 Abrabae
956 2337 966 2356 ‚
989 2303 1108 2362 quod
1132 2311 1196 2346 est
1216 2303 1260 2346 in
1283 2302 1486 2346 omnibus
1515 2301 1752 2361 gentibus?

367 2373 459 2415 Hoc
481 2381 595 2415 certe
623 2373 993 2432 quemadmodum
1023 2371 1256 2426 defendas,
1288 2387 1378 2416 non
1407 2371 1557 2416 habes.
1587 2374 1751 2429 Purga-

366 2455 461 2484 mus
497 2441 612 2485 enim
644 2457 721 2486 nos
753 2443 927 2503 utrique
960 2459 982 2487 a
1012 2443 1266 2487 criminibus
1287 2441 1436 2487 alienis
1468 2442 1586 2487 :hoc
1605 2450 1751 2486 autem

366 2510 485 2569 quod
515 2511 718 2556 omnibus
742 2513 943 2570 gentibus
964 2528 1064 2572 quae
1091 2513 1137 2556 in
1161 2513 1324 2557 semine
1357 2513 1546 2558 Abrahae
1567 2509 1751 2556 benedi-

417 2600 425 2615 ¹
445 2594 515 2625 lsai.
536 2604 620 2636 nvn,
641 2595 694 2635 24.
