1825 3264
267 257 426 284 cowrnt
466 258 731 284 cnascomum
767 259 1053 296 noerismM,
1093 261 1170 287 mn.
1212 261 1274 285 tlt.
1380 247 1462 285 4⁵3

76 335 226 365 verum
264 330 332 364 est
365 321 572 380 objecisse
605 323 846 366 confirmes.
886 323 964 368 Hic
994 338 1072 381 ego
1101 322 1316 382 numquid
1345 322 1460 376 dico,

75 391 195 451 quod
218 391 263 434 in
285 392 526 451 quaestione
546 391 615 436 vel
638 391 931 451 disputatione
954 393 1235 438 ecclesiastica
1258 409 1335 438 nos
1357 394 1461 438 arti-

75 460 227 505 ficialia
253 462 544 520 grammaticae
566 462 722 507 docere
743 464 927 519 conaris,
953 465 1059 524 quid
1082 464 1223 508 valeat
1243 480 1462 524 compara-

77 532 190 576 tivus
213 531 370 591 gradus
391 568 401 587 ,
431 552 449 574 «
476 534 577 593 quia
596 534 641 578 id
657 533 776 594 quod
795 543 894 579 ante
913 536 1100 594 positum
1119 545 1183 580 est
1201 545 1354 594 auget,
1373 551 1461 581 non

75 602 197 662 quod
218 612 318 647 ante
340 603 504 648 dictum
526 614 589 649 est
608 605 854 664 improbat?
878 624 897 648 n
925 607 1066 651 Video
1087 606 1202 650 enim
1225 622 1356 666 quam
1376 608 1461 651 hoc

74 673 221 732 inepte
256 673 335 717 tibi
373 674 572 733 objiciam
601 694 608 718 :
637 674 756 735 quod
786 685 833 719 tu
868 675 1015 720 videre
1054 675 1256 730 noluisti,
1283 676 1461 737 quando

73 742 180 785 mihi
203 744 554 802 anticategoriam
588 744 707 789 velut
730 760 779 789 ex
808 755 898 789 arte
930 747 1142 790 rhetorica
1169 747 1460 806 objiciendam

71 812 234 871 putasti
252 833 262 868 3
282 814 403 872 quod
425 828 559 871 genus
580 815 846 872 quaestionis,
867 815 1128 870 ubidicitur,
1150 819 1246 860 Non
1266 832 1346 875 ego
1359 816 1458 871 feci,

9 885 13 891 '
71 882 144 926 sed
158 892 204 926 tu
223 882 378 937 fecisti,
395 884 523 927 etiam
537 884 580 926 in
604 886 858 929 auctoritate
875 887 1127 944 prophetica
1150 886 1457 931 demonstravi.

132 955 370 997 LXXXVI.
399 953 635 998 Considera
659 964 804 998 tamen
826 954 1099 1014 diligentius,
1124 971 1179 1000 ne
1202 956 1314 1000 forte
1336 957 1461 1001 inve-

70 1021 162 1066 nias
179 1024 224 1066 in
247 1023 412 1067 Latinae
435 1024 664 1067 locutionis
682 1025 947 1079 auctoribus,
972 1026 1135 1085 quibus
1157 1027 1459 1083 grammatico-

70 1107 168 1135 rum
188 1092 426 1137 artificialia
441 1095 652 1148 serviunt,
679 1109 767 1138 non
789 1110 958 1154 semper
980 1095 1109 1139 istum
1134 1095 1318 1154 gradum
1340 1095 1461 1156 quod

70 1171 170 1206 ante
194 1163 382 1221 positum
404 1172 468 1207 est
491 1178 648 1221 augere
667 1199 678 1219 ,
707 1164 783 1208 sed
808 1164 1043 1224 aliquando
1065 1166 1283 1210 contrario
1304 1181 1459 1225 super-

70 1231 187 1276 ferri.
203 1233 338 1293 Cujus
352 1231 584 1277 locutionis
604 1235 852 1293 exemplum
872 1236 1044 1279 interim
1066 1235 1173 1278 mihi
1192 1250 1243 1279 ex
1264 1235 1459 1294 Apostoli

69 1303 261 1361 Epistola
292 1304 494 1357 occurrit,
519 1320 651 1363 quam
679 1306 846 1364 scripsit
873 1305 927 1350 ad
960 1306 1180 1350 Hebraeos.
1207 1307 1320 1350 Cum
1344 1307 1460 1349 enim

70 1373 322 1433 loqueretur
356 1374 410 1418 de
447 1373 749 1420 benedictione
784 1386 926 1431 terrae,
962 1392 1061 1436 quae
1100 1385 1275 1435 accepta
1313 1376 1459 1434 pluvia

70 1443 264 1488 fructum
289 1444 432 1488 reddit
454 1466 466 1501 ι,
490 1444 647 1489 deinde
669 1447 878 1505 subjecit:
910 1465 940 1486 ««
955 1445 1184 1491 Proferens
1203 1456 1349 1490 autem
1371 1447 1460 1505 spi-

74 1533 93 1555 »
119 1531 192 1559 nas
215 1524 256 1559 et
278 1515 476 1570 tribulos,
503 1517 687 1575 reproba
705 1527 747 1561 et
770 1516 1063 1561 maledictioni
1082 1518 1278 1576 proxima
1297 1526 1361 1561 est
1384 1533 1461 1561 cu-

72 1603 92 1626 »
113 1587 184 1645 jus
201 1586 297 1629 finis
316 1586 361 1628 in
380 1585 605 1630 ultionem.
641 1606 660 1627 »
682 1587 812 1640 Quod
837 1603 890 1631 ne
909 1587 989 1630 illis
1012 1588 1174 1647 quibus
1196 1587 1461 1646 loquebatur

70 1665 238 1714 optasse
260 1654 480 1698 videretur
501 1675 509 1699 ε
540 1676 558 1697 «
580 1657 741 1700 Confisi
764 1672 913 1701 sumus
937 1666 1098 1710 autem,
1126 1657 1285 1716 inquit,
1309 1657 1364 1700 de
1382 1672 1460 1701 vo-

73 1745 92 1767 »
126 1726 189 1769 bis
213 1761 223 1780 ,
251 1725 402 1769 fratres
425 1726 658 1770 charissimi
680 1748 690 1784 3
715 1726 891 1771 meliora
917 1737 960 1771 et
980 1728 1187 1771 haerentia
1217 1727 1345 1770 saluti
1370 1730 1399 1770 ¹.
1437 1745 1457 1768 η

68 1795 268 1840 Attendis
295 1805 410 1840 certe
441 1797 663 1855 quomodo
700 1798 766 1841 hic
795 1797 973 1851 dixerit,
1010 1797 1215 1852 meliora,
1247 1812 1334 1839 non
1358 1797 1460 1855 quia

69 1866 182 1910 bona
204 1875 327 1910 erant
349 1882 448 1925 quae
470 1882 598 1925 supra
621 1868 801 1920 dixerat,
827 1867 1022 1925 proferre
1040 1867 1183 1925 spinas
1199 1875 1242 1910 et
1256 1865 1456 1918 tribulos,

69 1945 112 1980 et
150 1937 361 1979 ustionem
397 1936 581 1992 mereri,
611 1935 686 1979 scd
718 1937 850 1992 magis
874 1937 973 1995 quia
1003 1935 1115 1979 mala
1141 1945 1279 1990 erant,
1306 1945 1355 1979 ut
1377 1936 1460 1979 illis

69 2006 267 2050 devitatis
283 2005 460 2049 meliora
478 2006 685 2064 eligerent
703 2014 744 2049 et
762 2016 980 2065 optarent,
999 2007 1083 2049 hoc.
1098 2015 1176 2060 est,
1203 2006 1315 2049 hona
1331 2006 1460 2050 tantis

68 2076 191 2121 malis
215 2077 444 2122 contraria.
475 2077 557 2120 Sed
586 2076 695 2120 forte
721 2077 976 2136 Apostolum
1001 2078 1060 2121 sic
1089 2076 1352 2121 audiendum
1371 2091 1460 2120 esse

69 2148 305 2200 arbitraris,
332 2146 704 2206 quemadmodum
730 2147 784 2190 de
806 2163 848 2191 se
876 2148 965 2205 ipse
991 2147 1093 2191 dicit
1112 2182 1121 2200 ‚
1151 2156 1354 2206 tanquam
1378 2148 1460 2190 ho-

70 2218 247 2270 minem,
277 2227 319 2260 et
351 2218 385 2260 si
412 2217 662 2274 imperitum
695 2232 908 2269 sermone,
933 2216 1008 2261 sed
1037 2232 1124 2259 non
1154 2217 1390 2272 seientia‘23
1418 2225 1461 2260 et

69 2287 168 2331 ideo
191 2304 279 2332 non
300 2288 532 2331 verborum
560 2289 603 2330 in
628 2303 705 2340 eo,
731 2287 805 2331 sed
829 2303 972 2332 rerum
996 2297 1126 2347 atque
1147 2288 1461 2330 sententiarum

70 2359 369 2402 auctoritatem
398 2367 524 2415 putas
557 2372 645 2400 esse
674 2357 920 2401 sectandam
939 2393 948 2411 ,
983 2358 1093 2400 bona
1122 2358 1226 2416 poni
1260 2357 1461 2400 debuisse

12 2459 21 2468 ,
70 2426 354 2480 contendens,
387 2427 464 2469 uhi
487 2429 630 2485 posuit
653 2428 742 2485 ipse
772 2428 964 2471 meliora.
991 2428 1106 2480 Quid
1129 2429 1162 2471 si
1184 2437 1227 2470 et
1249 2443 1352 2486 ergo
1368 2429 1458 2487 jam

71 2498 136 2541 his
167 2497 317 2541 litteris
350 2495 612 2541 assuefactus
629 2530 651 2550 ,.
669 2508 711 2541 et
740 2497 831 2542 illas
854 2514 962 2558 quas
995 2514 1101 2557 puer
1121 2497 1254 2542 didici
1276 2496 1456 2551 oblitus,

121 2600 127 2614 ¹
155 2593 254 2624 Hebr.
276 2602 320 2633 vi,
346 2603 376 2633 7.
392 2609 431 2617 —
449 2599 460 2615 ²
480 2602 498 2624 2
513 2595 586 2625 Cor.
608 2603 653 2634 xi,
669 2593 699 2624 G.
