1825 3264
278 281 442 314 com-M
473 284 739 314 cnssscoth
772 281 1061 324 υοΝΑΤιεΤΑΜ,
1097 284 1179 312 mn.
1214 283 1281 311 111.
1388 267 1469 310 411

91 365 181 413 quo
213 359 372 397 cuncta
402 349 622 395 dubitatio
645 348 896 404 tolleretur,
930 358 981 394 ut
1011 363 1168 410 corpus
1203 348 1363 394 Christi
1384 362 1474 392 non

91 421 388 467 divideretur?
413 420 453 466 Si
484 419 573 466 sola
601 420 821 465 frumenta
841 419 1057 464 desideras
1073 454 1084 475 ‚
1116 434 1239 478 geme
1260 419 1307 462 in
1325 417 1475 463 labore

92 493 210 552 agri,
235 491 377 552 gaude
398 492 443 536 in
466 507 540 552 spe
570 491 739 545 horrei,
773 490 908 536 tolera
939 490 1074 536 malos
1099 491 1144 534 in
1167 489 1475 534 communione

90 573 461 608 sacramentorum
485 562 672 617 Christi,
699 576 753 606 ne
776 570 876 606 ante
899 560 1054 606 littoris
1078 570 1249 619 tempus
1267 560 1372 604 retia
1387 558 1476 604 dis·

90 632 352 693 rumpendo,
379 632 455 677 fias
472 632 591 692 quod
610 631 794 677 tolerare
809 631 1000 676 noluisti.
1029 634 1112 675 Ista
1135 625 1346 684 dicerem,
1370 630 1404 674 si
1420 628 1475 674 de

90 700 372 748 traditoribus
401 718 518 763 quosv
543 703 750 747 accusatis
773 701 935 762 aliquid
965 701 1238 761 probassetis.
1270 703 1364 745 Imo
1391 700 1474 744 hoc

89 788 193 819 vero
216 782 410 832 tempore
433 789 513 818 nec
542 774 620 818 ista
633 775 722 832 jani
743 772 931 817 dicerem
959 792 968 818 :
994 788 1083 817 non
1101 772 1215 816 enirn
1235 771 1393 831 jubeor
1414 778 1479 814 to-

88 843 244 899 lerare,
272 859 373 888 cum
396 843 556 902 quibus
576 844 664 902 jam
694 859 782 887 non
808 858 938 900 cogor
968 843 1126 887 vivere.
1153 841 1282 895 Quod
1308 842 1341 884 si
1372 840 1479 884 mihi

89 914 217 960 etiam
241 930 361 959 nunc
384 913 567 959 traditor
585 914 922 969 demonstretur,
943 930 1029 975 qua
1047 914 1312 958 conscientia
1327 911 1478 956 desero

90 994 155 1031 tot
177 986 431 1030 christianas
456 994 622 1044 gentes,
647 986 808 1045 quibus
830 1001 919 1030 non
940 984 1295 1030 demonstratur?
1316 981 1479 1027 Deinde

89 1071 170 1115 ego
192 1057 281 1115 ipse
303 1057 338 1100 si
356 1072 475 1101 nunc
492 1057 611 1100 disco
633 1054 752 1114 quod
770 1056 900 1115 paulo
919 1065 1018 1100 ante
1040 1056 1285 1100 nesciebam
1301 1090 1312 1109 ,
1333 1070 1411 1098 cur
1434 1055 1479 1097 in

89 1141 160 1171 me
182 1126 424 1171 rescinditis
447 1127 568 1187 quod
593 1127 806 1171 sciebam?
828 1127 1097 1186 Baptismum
1127 1126 1290 1186 quippe
1319 1124 1479 1170 Christi

89 1212 159 1242 me
176 1198 386 1257 accepisse
403 1198 593 1242 sciebam
611 1216 619 1242 ε
638 1213 714 1242 vos
736 1199 863 1242 etiam
881 1198 960 1257 ipsi
979 1197 1168 1242 alienum
1188 1196 1343 1252 scelus,
1360 1195 1480 1256 quod

90 1268 337 1327 ignoratum
359 1268 524 1313 nemini
547 1268 696 1313 obesse
720 1269 971 1314 conceditis.

149 1341 354 1384 XXXVI.
391 1341 481 1384 Cur
523 1354 626 1398 ergo
663 1340 757 1384 heri
791 1340 1083 1399 baptizatum,
1115 1338 1246 1383 hodie
1288 1337 1481 1398 rebapti-

91 1410 220 1465 zatis,
250 1426 350 1455 cum
378 1410 567 1455 alienum
601 1411 740 1456 scelus
767 1412 887 1472 quod
918 1411 1013 1456 hori
1039 1411 1306 1464 nesciebam,
1353 1410 1481 1454 hodie

93 1479 313 1526 doceatis?
334 1483 538 1542 Nesciens
554 1498 577 1526 a
595 1483 713 1542 quali
732 1483 962 1542 acceperit,
987 1483 1188 1542 baptismi
1206 1482 1371 1541 accepti
1392 1496 1482 1526 non

94 1561 186 1597 erat
207 1568 320 1598 reus.
339 1552 473 1598 Modo
496 1553 571 1597 abs
596 1562 637 1597 te
653 1554 735 1598 hoc
750 1553 918 1606 didicit,
940 1553 1140 1612 baptismi
1163 1553 1326 1597 rescissi
1349 1567 1482 1612 quare

96 1623 146 1668 fit
167 1626 294 1669 reus?
315 1627 423 1669 Nam
449 1624 537 1668 sive
559 1625 824 1669 consenserit
841 1623 1114 1669 documentis
1136 1625 1244 1679 tuis,
1275 1624 1363 1667 sive
1395 1638 1483 1667 non

93 1696 386 1749 consenserit,
412 1695 489 1755 qui
519 1696 680 1740 Christi
708 1696 971 1754 baptismum
997 1694 1233 1739 ministerio
1264 1693 1483 1738 traditoris

96 1766 262 1825 accepit
278 1800 289 1820 ,
328 1765 407 1809 nisi
450 1765 698 1824 probaveris
731 1781 830 1810 eum
872 1766 998 1810 scisse
1041 1781 1064 1808 a
1103 1780 1192 1824 quo
1229 1765 1443 1823 acceperis
1468 1797 1480 1817 ,

96 1850 176 1880 nec
206 1835 447 1881 secundum
480 1852 555 1881 vos
593 1845 709 1881 recte
742 1835 935 1895 potueris
968 1836 1200 1893 baptizare.
1236 1837 1332 1878 Jam
1366 1849 1484 1878 nunc

97 1915 241 1951 averte
273 1907 329 1951 ab
368 1907 513 1951 studio
554 1907 743 1965 partium
777 1915 967 1950 mentem
1001 1914 1149 1959 tuam,
1190 1913 1232 1948 et
1262 1904 1485 1949 considera

97 1991 230 2037 quam
264 1975 594 2020 innumerabilis
630 1975 869 2021 multitudo
898 1977 1237 2021 Christianorum
1267 1976 1312 2019 in
1341 1975 1485 2020 Africa

97 2048 187 2108 ipsa
206 2048 367 2092 nesciat
384 2049 460 2108 qui
474 2046 637 2092 suerint
651 2047 876 2092 traditores
899 2067 907 2093 :
930 2057 1096 2108 quanto
1116 2047 1250 2106 magis
1267 2048 1311 2091 in
1328 2056 1486 2091 caetero

98 2119 205 2164 orbe
226 2127 454 2174 terrarum,
481 2127 691 2179 quantam
709 2118 1054 2173 multitudinem,
1079 2119 1160 2163 nisi
1177 2134 1277 2163 cum
1301 2117 1486 2177 baptiza-

99 2199 219 2236 retur
241 2190 366 2235 scisse
394 2190 654 2245 conviceris,
680 2199 755 2235 aut
783 2190 1088 2250 baptizandam
1116 2189 1259 2235 dicere
1287 2205 1376 2234 non
1407 2205 1486 2233 au-

100 2260 244 2316 debis,
269 2263 344 2306 au't
359 2259 556 2321 judicare
584 2260 639 2304 de
663 2260 845 2306 occultis
874 2260 1015 2305 cordis
1034 2260 1229 2305 audebis.
1252 2263 1308 2304 Et
1329 2260 1405 2304 ubi
1424 2268 1487 2303 est

101 2331 222 2391 quod
246 2331 324 2375 tibi
346 2331 510 2390 placet,
541 2347 641 2391 quae
665 2332 740 2376 abs
771 2340 813 2376 tc
844 2331 1097 2390 interposita
1119 2340 1182 2374 est
1214 2330 1358 2374 divina
1385 2345 1486 2374 scn-

104 2401 260 2455 tentia,
289 2420 308 2444 «
333 2403 441 2454 Quae
465 2400 690 2446 manifesta
722 2411 823 2446 sunt
853 2402 997 2456 vobis,
1023 2417 1122 2460 quae
1150 2411 1293 2445 autem
1316 2400 1487 2445 occulta
1553 2395 1557 2398 ⁵

106 2489 126 2513 »
147 2481 250 2516 sunt
273 2472 461 2516 Domino
482 2475 572 2516 Deo
589 2474 747 2516 vestro¹
768 2473 785 2515 P
808 2490 827 2513 »
854 2472 994 2516 Crede
1022 2471 1117 2515 orbi
1140 2471 1387 2516 Christiano
1419 2470 1488 2515 di-

102 2543 218 2588 centi
242 2542 335 2596 tibi,
360 2542 627 2601 Baptismum
650 2542 811 2588 Christi
833 2542 946 2598 scio,
975 2542 1050 2602 qui
1072 2541 1237 2587 fuerint
1262 2543 1488 2588 traditores

151 2633 160 2650 ¹
181 2629 275 2659 Deut.
296 2636 367 2659 xxix
381 2650 388 2662 .
416 2635 469 2668 29.
