1825 3264
337 245 421 286 414
767 253 800 283 s.
837 253 1067 284 Aucusnm
1100 256 1281 284 zrrscom

333 322 442 381 quid
473 335 572 365 cum
594 319 1003 366 Maximianensibus
1026 320 1191 379 egerInt
1213 321 1342 365 vestri
1368 319 1462 365 Afri
1483 321 1529 365 in
1550 321 1718 378 Africa,

333 391 415 437 nisi
437 391 610 436 Litteris
633 391 740 436 meis
760 391 893 436 velles
916 390 1194 451 respondere,
1219 406 1310 436 non
1331 406 1547 451 quaereres
1567 393 1586 435 ‘2

391 463 596 506 XXXIX.
634 460 751 506 Illud
770 477 873 507 vero
902 462 1021 522 quod
1043 461 1132 506 dixi
1157 480 1166 506 ε
1195 479 1218 505 «ι
1243 463 1394 522 Neque
1416 462 1450 506 si
1473 462 1721 523 aliquorum

331 534 376 577 in
397 542 543 578 nostra
561 534 871 578 communione
899 533 1211 578 defunctorum
1233 532 1409 579 traditio
1430 533 1691 593 probaretur
1706 568 1717 590 ‚

331 620 430 664 quae
450 621 472 649 a
494 605 621 650 nobis
641 606 914 665 improbatur
935 615 979 650 et
999 603 1198 665 displicet
1215 640 1230 661 ,
1255 620 1335 650 nos
1355 620 1408 650 ex
1432 604 1577 666 aliqua
1598 614 1721 665 parte

330 675 567 720 macularet
590 695 598 721 :
626 693 647 718 »
671 692 806 736 quam
828 675 1012 720 ridicule
1035 694 1055 717 «
1077 677 1239 735 putasti
1257 675 1491 720 ridiculum
1513 684 1558 720 et
1577 675 1722 720 minus

329 747 590 791 conveniens
611 747 855 806 prudentiae
887 762 995 791 meae
1016 750 1049 790 ⁴¹.
1078 764 1099 788 »
1130 747 1320 792 Proinde
1333 748 1425 807 jam
1445 747 1575 807 cupio
1597 761 1722 791 nosse

329 817 552 876 quomodo
565 818 610 862 id
622 817 831 862 refellerit
850 817 1083 877 prudentia
1102 827 1192 862 tua.
1219 821 1287 863 An
1303 813 1412 878 'quia
1437 817 1544 862 dicis
1566 825 1610 861 te
1632 831 1723 861 non

329 887 476 933 videre
491 888 714 948 quomodo
734 904 758 933 a
780 889 905 934 nobis
926 889 1216 948 improbetur,
1242 889 1311 933 vel
1333 898 1550 949 quatenus
1571 887 1724 946 displi-

328 969 438 1014 ceat,
454 960 575 1019 quod
593 976 819 1021 nunquam
834 961 1010 1019 cognito
1021 975 1166 1005 errore
1181 960 1501 1013 damnavimus,
1514 960 1560 1002 in
1571 973 1723 1002 eorum

327 1031 554 1075 schismate
587 1032 714 1090 positi
746 1033 809 1075 Ρ»
834 1031 945 1075 Vide
966 1031 1136 1090 potius,
1161 1045 1292 1091 quam
1326 1031 1518 1075 breviter
1549 1028 1606 1074 ad
1639 1029 1722 1075 ista

326 1101 626 1160 respondeam.
665 1104 759 1160 Ego
791 1102 837 1144 in
865 1100 1058 1145 Ecclesia
1079 1116 1174 1145 sum
1197 1136 1208 1156 ‚
1241 1102 1365 1161 cujus
1393 1100 1590 1145 membra
1619 1108 1723 1144 sunt

325 1171 413 1215 illae
434 1186 582 1216 onmes
602 1171 822 1227 Ecclesiae,
837 1187 945 1232 quas
963 1188 1014 1216 ex
1034 1171 1574 1232 laboribusApostolorum
1597 1179 1720 1215 natas

327 1251 457 1301 atque
480 1243 670 1286 firmatas
688 1241 878 1286 simuljn
896 1242 1068 1286 Litteris
1085 1243 1304 1287 canonicis
1321 1243 1521 1287 novimus
1539 1260 1548 1287 ε
1569 1255 1720 1286 earum

326 1313 679 1357 communionem
697 1347 708 1368 ‚
734 1322 949 1373 quantum
982 1329 1051 1357 me
1077 1313 1254 1374 adjuvat
1282 1313 1493 1358 Dominus
1513 1348 1525 1368 ,
1560 1313 1650 1357 sive
1673 1312 1720 1355 in

326 1383 487 1439 Africa,
506 1383 594 1428 sive
609 1384 878 1444 ubicumque
900 1400 991 1430 non
1013 1385 1222 1430 deseram.
1243 1387 1294 1428 In
1308 1384 1390 1429 hac
1407 1383 1718 1429 communione

325 1454 359 1497 si
378 1452 556 1499 fuerunt
578 1470 687 1515 quos
709 1455 853 1500 nescio
874 1456 1104 1500 traditores
1121 1491 1132 1511 ‚
1158 1471 1258 1501 cum
1288 1470 1360 1500 eos
1389 1455 1717 1500 demonstrave-

325 1523 380 1567 ris
396 1558 406 1577 ‚
438 1533 481 1568 et
501 1540 631 1568 carne
664 1534 706 1569 et
732 1525 864 1570 corde
894 1535 1091 1570 mortuos
1121 1525 1373 1570 detestabor
1399 1546 1410 1583 3
1435 1538 1717 1585 nequaquam

325 1602 471 1639 tamen
491 1610 515 1639 a
537 1595 642 1640 vivis
664 1597 708 1639 in
733 1597 928 1656 ejusdem
953 1596 1156 1642 Ecclesiae
1177 1607 1324 1642 sancta
1351 1597 1519 1641 unitate
1535 1609 1718 1639 manen-

324 1664 442 1708 tibus
462 1699 472 1720 ,
502 1675 679 1724 propter
700 1676 894 1711 mortuos
928 1667 1163 1712 alienabor.
1188 1671 1340 1728 Neque
1362 1667 1478 1712 enirn
1498 1667 1581 1726 ipsi
1603 1666 1716 1710 hanc

326 1733 561 1779 Ecclesiam
583 1735 873 1780 condiderunt
897 1757 908 1794 3
933 1737 1008 1780 scd
1029 1738 1073 1780 in
1092 1752 1166 1792 ea,
1193 1738 1227 1781 si
1246 1738 1350 1782 boni
1369 1738 1660 1789 frumentum,
1679 1735 1716 1779 si

325 1813 471 1849 autem
494 1804 594 1849 mali
610 1806 734 1864 palea
752 1806 1041 1852 fuerunt.Vos
1062 1817 1207 1852 autem
1230 1824 1340 1868 quos
1361 1817 1452 1853 tam
1473 1806 1715 1851 manifestae

324 1875 528 1921 Ecclesiae
565 1878 723 1922 zizania
740 1913 750 1933 ‚
787 1878 854 1922 vel
888 1879 1010 1938 palea
1045 1879 1264 1924 maculare
1297 1895 1388 1924 non
1416 1888 1558 1939 posset
1577 1913 1588 1934 ‚
1614 1892 1714 1938 quae

324 1962 452 1991 causa
471 1948 556 1992 fuit
577 1958 730 1993 vestrae
750 1949 971 1994 divisionis
989 1985 999 2005 ,
1019 1943 1098 1994 nisi
1120 1951 1338 2010 appetitus
1359 1949 1555 2009 sacrilegi
1577 1948 1712 1993 schis-

322 2018 447 2062 matis
468 2020 486 2060 ‘3
514 2038 530 2057 «
561 2019 603 2063 Si
626 2020 706 2063 tibi
726 2054 740 2074 ‚
763 2020 905 2079 inquis
926 2055 936 2075 ,
957 2019 1177 2080 displicet,
1204 2021 1402 2081 improba
1417 2055 1429 2076 ‚
1458 2020 1562 2078 fuge
1579 2028 1623 2063 et
1643 2033 1711 2062 re-

320 2086 471 2147 linque
503 2088 740 2134 Ecclesiam
777 2090 1050 2134 traditorum.
1083 2091 1181 2137 Noli
1220 2092 1457 2135 errantium
1495 2093 1710 2150 majorum

321 2166 497 2202 tuorum
519 2161 641 2220 sequi
664 2161 856 2220 vestigia.
894 2179 915 2202 »
953 2163 1020 2205 Ad
1043 2162 1126 2206 hoc
1154 2161 1396 2222 respondeo
1423 2181 1432 2207 :
1472 2161 1514 2206 Si
1543 2175 1625 2205 nec
1647 2157 1711 2202 illi

320 2228 500 2275 fuerunt
536 2232 759 2276 traditores
779 2267 790 2287 ‚
817 2233 999 2291 majores
1026 2233 1112 2276 mei
1135 2243 1235 2278 sunt
1261 2252 1269 2278 :
1296 2234 1329 2277 si
1353 2232 1534 2276 fuerunt
1553 2266 1563 2286 ‚
1588 2228 1709 2290 quod

320 2315 400 2360 ego
438 2317 526 2346 non
561 2317 656 2346 sum
677 2337 688 2358 ‚
724 2318 813 2347 non
842 2312 943 2346 sunt
965 2305 1147 2362 majores
1176 2303 1274 2347 mei.
1315 2302 1553 2348 Ecclesiam
1578 2310 1707 2345 teneo

319 2370 492 2430 plenam
515 2373 658 2418 tritico
680 2383 723 2417 et
747 2373 882 2432 palea.
903 2376 998 2418 Non
1017 2372 1131 2429 dico,
1158 2374 1191 2418 si
1215 2374 1318 2418 alios
1340 2374 1416 2433 qui
1437 2388 1559 2418 suam
1581 2371 1707 2416 sarci-

320 2457 419 2485 uam
443 2453 631 2501 portant,
647 2443 722 2488 sed
737 2443 772 2487 si
793 2459 861 2487 me
878 2445 1019 2503 ipsum
1040 2445 1086 2488 in
1104 2460 1153 2488 ea
1171 2445 1276 2488 mihi
1299 2443 1549 2489 ostenderes
1572 2441 1708 2497 tradi-

320 2518 474 2567 torem,
499 2513 575 2556 ubi
590 2513 810 2559 mihilicet
831 2514 876 2558 in
895 2515 1047 2559 melius
1064 2515 1340 2571 commutari,
1367 2529 1458 2560 non
1474 2513 1580 2558 mihi
1598 2527 1708 2572 opus

368 2600 379 2616 ¹
402 2595 480 2628 Vide
496 2595 552 2628 lib.
573 2608 584 2630 1
601 2602 715 2631 coutra
730 2597 873 2631 Petilian.
894 2608 967 2641 cap.
990 2609 1038 2640 17.
