1825 3264
316 268 478 296 comum
512 268 712 295 LrTTssnAs
745 270 976 308 νετιιιωι,
1015 273 1093 298 Lis.
1133 273 1177 298 ιι.
1388 265 1438 298 87

64 331 196 391 igitur
217 346 294 376 nos
317 331 410 375 falsi
429 330 582 375 fratres
598 332 815 390 appetitiS,
844 333 961 376 Pauli
982 336 1169 392 magistri
1193 336 1441 394 patientiam

64 402 148 446 sub
167 403 321 446 nostris
336 401 538 461 periculis
561 401 794 446 imitamur.
822 420 842 442 n

122 472 297 516 CLXX.
340 474 617 516 Amuswmus
650 470 873 531 respondit
905 489 914 516 :
961 473 1088 516 Certe
1119 473 1187 516 isti
1217 483 1319 518 sunt
1353 473 1448 520 salsi

66 540 233 596 fratres,
252 540 309 587 de
321 541 481 602 quibus
495 541 580 587 alio
591 541 690 586 loco
706 541 820 586 idem
831 541 1062 601 Apostolus
1075 542 1133 587 ita
1148 546 1445 604 conqueritur,

67 613 281 658 Timothei
305 612 545 673 praedicans
566 626 814 672 germanam
838 612 1148 657 sinceritatem:
1169 615 1445 671 «Neminem,

69 701 90 726 »
108 684 268 744 inquit,
287 684 430 729 habeo
442 684 711 739 unanimem,
727 684 803 744 qui
817 698 1022 744 germane
1037 683 1092 728 de
1106 684 1229 729 vobis
1242 684 1450 731 sollicitus

67 772 89 796 ιι
108 755 163 798 sit
190 772 200 800 :
225 768 377 799 omnes
393 756 511 799 enim
532 769 608 799 sua
631 763 850 815 quaerunt,
866 769 957 799 non
972 770 1072 815 quae
1093 757 1196 799 Jesu
1217 755 1447 800 Christi2.»

66 824 225 884 Utique
241 825 298 869 de
311 825 379 869 his
394 824 674 885 loquebatur,
691 826 768 885 qui
792 834 896 870 tunc
908 824 1087 885 quando
1099 824 1218 870 illam
1234 826 1451 871 scribebat

67 893 327 954 Epistolam,·
344 909 446 939 cum
464 894 540 939 illo
555 904 693 940 erant.
707 897 804 940 Non
822 895 936 940 enim
955 910 1105 940 omnes
1120 896 1196 955 qui
1217 905 1341 940 erant
1354 897 1449 940 ubi-

64 978 258 1025 cumque
277 966 528 1020 Christiani,
548 980 624 1010 sua
641 965 915 1026 quaerebant,
931 981 1019 1010 non
1036 982 1135 1027 quae
1153 969 1256 1011 Jesu
1272 967 1446 1012 Christi.

68 1037 129 1079 De
148 1036 213 1079 his
229 1050 347 1094 ergo,
363 1045 413 1080 ut
431 1036 534 1091 dixi,
560 1036 653 1080 haec
675 1037 906 1095 ingemuit,
934 1051 1044 1096 quos
1066 1052 1118 1081 eo
1134 1045 1332 1096 tempore
1353 1053 1454 1082 cum

65 1106 146 1150 ista
167 1106 375 1151 scriberet
388 1121 534 1151 secum
552 1107 761 1151 habebat.
789 1110 906 1160 Quos
929 1108 1043 1150 enim
1060 1105 1164 1152 alios
1183 1108 1335 1165 tangit,
1354 1123 1454 1152 cum

67 1175 169 1220 aiibi
195 1177 299 1220 dicit
320 1194 330 1221 ε
356 1195 376 1218 «
394 1177 513 1221 Foris
529 1191 705 1235 pugnae,
723 1177 842 1220 intus
861 1177 1035 1220 timores
1053 1179 1068 1202 ³
1089 1196 1096 1221 :
1120 1196 1138 1217 »
1158 1178 1241 1222 nisi
1257 1193 1328 1222 eos
1345 1193 1454 1237 quos

70 1255 189 1291 tanto
217 1247 543 1301 vehementius,
579 1256 745 1306 quanto
778 1247 957 1290 interius
986 1247 1247 1291 metuebat?
1277 1247 1320 1292 Si
1352 1262 1454 1306 ergo

66 1317 199 1362 velles
220 1317 377 1361 imitari
403 1317 612 1371 Paulum,
637 1318 754 1360 intus
780 1331 888 1360 esses
906 1316 1115 1360 salsorum
1144 1316 1325 1360 fratrum
1345 1318 1455 1362 tole-

68 1396 201 1442 rator,
221 1401 311 1432 non
333 1385 437 1431 foris
452 1387 753 1431 innocentium
768 1385 1070 1431 calumniator.

127 1459 322 1502 CLXXI.
361 1461 624 1502 PETtLrArms
645 1457 779 1502 dixit:
805 1476 821 1497 «
849 1459 957 1502 Nam
978 1456 1118 1516 qualis
1145 1456 1252 1518 fides
1273 1457 1319 1500 in
1336 1457 1458 1500 vobis

69 1537 149 1583 est,
173 1542 272 1588 quae
293 1542 382 1573 non
399 1528 532 1572 habet
549 1527 975 1573 charitatemPPaulo
991 1528 1084 1586 ipso
1098 1525 1292 1571 dicente:
1316 1527 1359 1572 Si
1375 1526 1460 1570 lin-

70 1598 165 1658 guis
174 1599 399 1643 hominum
408 1599 578 1658 loquar,
590 1607 633 1642 et
641 1598 908 1656 Angelorum
916 1597 1139 1641 scientiam
1149 1598 1350 1652 habeam,
1362 1597 1459 1641 cha-

72 1670 242 1713 ritatem
266 1678 412 1714 autem
432 1684 517 1713 non
530 1669 710 1713 habeam
724 1703 735 1723 ,
751 1668 808 1712 ita
831 1682 925 1711 sum
946 1676 1154 1727 tanquam
1176 1676 1460 1711 aeramentum

72 1740 258 1784 tinniens
275 1774 285 1794 ,
312 1748 388 1783 aut
407 1738 659 1796 cymbalum
681 1753 962 1797 concrepans.
976 1742 1063 1782 Aut
1084 1739 1118 1782 si
1140 1738 1335 1782 habuero
1356 1753 1460 1797 pro-

72 1810 264 1869 phetiam
281 1843 292 1865 ,
318 1819 362 1853 et
383 1810 576 1854 noverim
599 1809 745 1853 omnia
766 1817 1032 1853 sacramenta
1054 1817 1098 1852 et
1118 1823 1294 1852 ornnem
1321 1809 1459 1852 scien-

73 1880 192 1934 tiam,
207 1889 250 1924 et
262 1880 297 1924 si
310 1880 504 1924 habuero
516 1893 692 1923 omnem
705 1878 853 1932 fidem,
866 1879 925 1922 ita
936 1887 985 1922 ut
1001 1887 1171 1922 montes
1186 1877 1460 1932 transferam,

75 1950 328 1994 charitatem
344 1959 489 1994 autern
507 1964 597 1993 non
610 1949 811 2003 habeam,
827 1947 934 1992 nihil
950 1963 1060 1992 sum.
1081 1951 1136 1992 Et
1149 1949 1183 1992 si
1199 1948 1463 1992 distribuero

74 2035 250 2066 omnem
267 2020 555 2065 substantiam
566 2034 707 2063 meam
722 2019 1002 2078 pauperibus,
1022 2027 1065 2061 et
1078 2017 1296 2062 tradidero
1308 2033 1465 2076 corpus

77 2105 222 2135 meum
246 2100 296 2134 ut
327 2091 501 2135 ardeam
519 2124 530 2144 ,
554 2090 811 2134 charitatem
834 2098 980 2133 autem
1002 2103 1091 2133 non
1114 2088 1299 2132 habeam
1317 2123 1328 2143 ,
1353 2088 1461 2132 nihil

76 2162 183 2206 mihi
205 2160 394 2220 prodest.
419 2180 437 2202 »

135 2233 354 2276 CLXXII.
393 2234 670 2276 Aucus-rmus
704 2227 928 2289 respondit
954 2247 963 2273 ι
990 2231 1086 2273 Hoc
1105 2238 1169 2273 est
1191 2228 1313 2288 quod
1334 2227 1465 2287 paulo

78 2313 178 2348 ante
199 2303 303 2359 dixi,
333 2302 446 2363 pelle
468 2313 511 2347 te
544 2303 673 2348 ovina
707 2302 881 2361 contegi
903 2300 1031 2356 velle,
1057 2309 1107 2345 ut
1128 2302 1162 2346 si
1191 2301 1282 2345 fieri
1305 2309 1462 2360 potest,

79 2374 197 2433 prius
219 2383 262 2418 te
284 2374 374 2418 ovis
387 2373 662 2418 mordentem
677 2373 851 2426 sentiat,
872 2386 1002 2432 quam
1018 2372 1267 2430 praesentiat
1289 2370 1468 2414 venien-

81 2452 186 2487 tem.
208 2445 362 2489 Nonne
384 2444 465 2488 ista
487 2451 552 2488 est
578 2443 797 2487 charitatis
820 2442 938 2496 laus,
962 2457 1062 2501 quae
1086 2451 1271 2485 vestram
1304 2439 1470 2485 calum-

83 2514 201 2557 niam
221 2512 330 2558 solet
347 2512 612 2557 lucidissima
626 2512 808 2557 veritate
831 2511 1124 2556 convincere?
1146 2514 1212 2554 An
1235 2509 1333 2553 ideo
1353 2523 1471 2553 arma

135 2606 143 2621 ¹
170 2610 179 2630 ι
202 2601 274 2631 Cor.
295 2609 340 2638 tv,
361 2597 411 2630 16.
429 2615 468 2620 —
486 2604 496 2619 ²
517 2596 630 2639 Philip.
652 2605 805 2636 n,¹10.—
824 2594 835 2617 3
856 2605 874 2628 '2
894 2598 964 2627 Cor.
987 2607 1044 2633 vn,
1061 2595 1089 2625 5.
