1825 3264
337 251 499 281 com-na
529 252 729 281 Li'rTEMs
761 253 996 290 PETILIANI,
1031 253 1114 280 un.
1152 252 1200 278 11.
1415 241 1465 278 15

90 317 182 363 lum
203 317 403 364 didiceris
418 354 429 375 ,
453 319 528 364 sed
549 319 679 363 etiam
706 317 1092 372 demonstraveris,
1126 326 1214 361 tam
1239 315 1350 361 mala
1379 331 1468 361 esse

89 403 220 450 quam
236 388 358 446 dicis,
381 405 472 435 non
492 390 626 434 habes
646 403 724 434 cur
744 388 918 449 objicias
940 388 1037 432 orbi
1058 397 1288 442 terrarum,
1308 386 1385 447 qui
1405 395 1470 432 est

87 459 134 504 in
153 460 326 517 sanctis,
348 461 493 506 nescio
514 475 624 523 quos
651 469 869 521 parentes,
904 459 1067 519 quibus
1095 473 1168 503 eos
1196 458 1354 517 probas
1380 473 1470 503 esse

87 531 343 577 consimiles.
362 534 452 580 Nec
466 540 511 577 te
522 531 689 593 aliquid
700 530 946 592 adjuvabit,
970 530 1006 575 si
1021 529 1154 574 etiam
1174 528 1471 574 demonstrare

86 605 295 664 potueris,
315 619 387 650 eos
401 605 478 665 qui
499 603 605 649 tales
620 618 711 649 non
731 612 850 658 sunt,
867 617 969 647 cum
988 601 1048 646 eis
1064 601 1142 662 qui
1163 598 1271 645 tales
1288 610 1390 646 sunt
1403 616 1472 645 su-

85 690 203 720 mere
227 684 494 720 sacramenta
519 674 782 720 communia.
809 674 954 718 Primo
975 673 1078 733 quia
1100 686 1176 716 vos
1197 671 1312 731 ipsos
1333 672 1470 729 respi-

84 761 182 792 cere
193 746 377 803 debefis,
400 760 502 792 cum
519 746 681 807 quibus
693 761 743 791 ea
753 744 996 800 celebretis,
1011 743 1175 805 quibus
1190 743 1318 797 detis,
1336 758 1361 787 a
1372 741 1472 801 qui-

82 818 166 863 bus
182 818 383 875 sumatis,
406 827 451 863 et
465 817 591 864 vobis
607 832 680 863 eos
701 817 832 878 objici
854 815 1015 861 nolitis.
1037 813 1204 860 Deinde
1220 814 1255 858 si
1277 813 1473 858 filiisunt

80 889 226 945 Iudae,
246 890 323 951 qui
345 889 547 935 diabolus
559 889 673 934 inter
686 887 918 949 Apostolos
932 887 1033 943 fuit,
1070 886 1342 948 quicumque
1357 883 1472 929 facta

80 961 175 1020 ejus
192 960 422 1006 imitantur
441 979 451 1005 :
476 975 555 1005 cur
574 975 666 1005 non
690 959 800 1005 filios
822 957 1133 1020 Apostolorum
1156 957 1368 1011 dicamus,
1394 955 1472 1015 qui

79 1045 171 1076 non
185 1031 302 1077 facta
330 1048 408 1077 sua
428 1047 531 1077 cum
549 1031 730 1087 talibus,
765 1030 842 1076 sed
868 1030 1043 1076 Domini
1063 1036 1332 1074 sacramenta
1350 1042 1472 1072 com-

79 1102 323 1157 municant,
340 1103 453 1147 sicut
474 1102 670 1162 Apostoli
688 1101 961 1147 Dominicam
984 1115 1159 1145 coenam
1175 1115 1277 1144 cum
1290 1097 1367 1144 illo
1381 1107 1471 1142 tra-

80 1169 221 1217 ditore
235 1173 541 1233 sumpserunt?
562 1171 676 1229 ideo,
694 1172 818 1217 vobis
838 1171 972 1231 longe
988 1170 1233 1224 dissimiles,
1253 1168 1376 1230 quod
1393 1169 1471 1212 ho-

77 1242 269 1286 minibus
284 1244 499 1287 unitatem
514 1243 789 1288 servantibus
801 1243 887 1288 hoc
900 1241 1106 1301 objicitis,
1121 1239 1243 1301 quod
1255 1239 1471 1286 conscissa

78 1312 246 1358 unitate
262 1328 340 1359 vos
361 1311 532 1359 facitis?

136 1384 325 1430 XXVII.
351 1386 613 1430 Pmmnus
629 1382 740 1428 dixit
764 1402 774 1429 ε
799 1402 820 1426 «
839 1386 903 1428 De
918 1398 963 1427 se
979 1383 1073 1443 ipso
1091 1380 1257 1426 Judaeis
1272 1379 1377 1425 dicit
1390 1382 1473 1424 Do-

79 1454 224 1500 minus
256 1455 469 1513 Christus‚
508 1477 531 1499 «
554 1455 599 1502 Si
626 1471 717 1502 non
738 1455 851 1501 facio
874 1454 989 1501 facta
1010 1454 1149 1500 Patris
1179 1453 1290 1517 mei,
1335 1450 1471 1497 nolite

83 1543 106 1568 «
125 1525 237 1571 mihi
252 1525 433 1572 credere
449 1529 481 1571 ¹.
503 1544 524 1568 υ

134 1599 343 1642 XXVIII.
378 1601 657 1644 Aucus‘rmus
687 1598 913 1659 respondit
937 1616 947 1643 :
971 1599 1070 1642 Jam
1092 1611 1223 1656 supra
1241 1593 1466 1655 respondi,

78 1667 173 1713 Hoc
189 1677 233 1713 et
248 1683 403 1714 verum
416 1678 507 1733 est,
527 1678 571 1714 et
582 1685 662 1731 pro
684 1669 813 1715 nobis
832 1678 984 1715 contra
998 1683 1075 1713 vos
1089 1676 1168 1712 est.

133 1740 302 1785 XXIX.
331 1743 593 1787 Paruimus
614 1740 750 1786 dixit:
772 1760 792 1784 «
812 1740 1054 1785 Falcidicos
1073 1748 1118 1783 et
1146 1737 1376 1782 mendaces
1409 1736 1469 1780 sic

74 1807 315 1855 identidem
341 1811 570 1872 objurgat:
588 1811 688 1856 Filii
711 1811 876 1857 diaboli
898 1812 998 1856 estis
1012 1845 1025 1867 ,
1049 1819 1093 1854 et
1126 1810 1182 1854 ab
1203 1808 1327 1853 initio
1348 1807 1465 1851 enim

74 1877 149 1924 ifle
167 1893 391 1927 accusator
413 1881 516 1939 fuit,
534 1891 578 1927 et
599 1883 646 1927 in
666 1884 848 1928 veritate
866 1898 958 1927 non
972 1881 1107 1926 stetit.
1129 1898 1150 1922 »

132 1953 277 1998 XXX.
314 1957 592 2000 Aucusrmus
626 1955 852 2015 respondit
885 1973 895 1997 ε
931 1957 1029 2000 Non
1071 1951 1260 1997 solemus
1296 1949 1438 2007 legere
1453 1983 1464 2003 ‚

32 2016 36 2024 ’
75 2020 148 2067 ille
176 2034 401 2071 accusator
437 2025 548 2083 fuit3
590 2026 666 2070 sed
681 2061 693 2081 ,
732 2025 806 2069 ille
841 2023 1061 2069 homicida
1095 2023 1194 2066 fuit.
1220 2019 1465 2074 Quaerimus

76 2102 222 2138 autem
236 2095 355 2138 unde
376 2095 508 2139 fuerit
528 2094 729 2140 diabolus
745 2095 965 2140 homicida
986 2095 1043 2139 ab
1066 2093 1190 2138 initio
1211 2113 1222 2150 3
1240 2101 1281 2136 et
1301 2089 1466 2134 inveni-

77 2177 173 2209 mus
188 2199 200 2220 ,
235 2164 357 2225 quod
394 2166 582 2225 primum
612 2166 836 2211 hominem
870 2166 1078 2211 occiderit
1092 2200 1104 2221 ‚
1142 2179 1233 2208 non
1271 2161 1466 2222 gladium

73 2234 354 2294 stringendo,
380 2244 456 2280 aut
479 2235 671 2296 aliquam
693 2237 782 2281 vim
808 2236 1089 2297 corporaliter
1110 2232 1340 2279 inferendo
1357 2254 1369 2290 3
1389 2230 1466 2277 sed

75 2305 378 2364 persuadendo
397 2316 625 2367 peccatum
639 2343 651 2364 ‚
672 2317 717 2352 et
733 2324 757 2353 a
777 2307 962 2368 paradisi
977 2307 1184 2352 felicitate
1200 2302 1462 2364 dejiciendo.

74 2376 204 2430 Quod
236 2387 342 2423 tunc
373 2378 596 2439 paradisus
610 2414 622 2435 ,
647 2379 732 2425 hoc
765 2395 884 2425 nunc
914 2378 1124 2424 Ecclesia.
1155 2375 1324 2422 Diaboli
1359 2389 1466 2433 ergo

74 2445 150 2491 filii
163 2457 282 2504 sunt,
302 2449 378 2509 qui
391 2449 589 2495 homines
610 2450 666 2495 ab
687 2450 879 2496 Ecclesia
901 2448 1153 2495 seducendo
1174 2446 1459 2491 interficiunt.

76 2515 197 2562 Sicut
213 2527 358 2564 autem
375 2534 451 2580 per
465 2520 599 2566 verba
616 2521 691 2566 Dei
713 2522 915 2567 novimus
936 2520 1012 2565 ubi
1029 2520 1086 2565 sit
1102 2518 1322 2579 plantatus
1344 2531 1463 2577 para-

125 2607 134 2624 ¹
154 2603 246 2635 Joan.
267 2613 299 2645 x,
319 2604 372 2647 37.
