1825 3264
237 241 400 273 contum
430 243 695 273 ennacomum
728 243 1017 284 nom‘rrsrAM,
1051 245 1135 274 Lm.
1171 246 1219 273 11.
1341 234 1425 274 335

37 383 65 400 Ἃ
74 383 144 400 m
150 382 853 401 mmmmmmtmmmwm
859 383 1138 401 mmmm
1144 384 1282 402 ἋΜΜΜ
1288 385 1425 402 Μ·ΎΙΙἋ

570 509 776 560 LIBER
815 510 881 560 II.

41 665 320 712 Examinat
337 665 469 711 dicta
482 666 586 712 alia
600 668 651 713 E
649 666 837 728 pistolce
855 666 1117 711 Cresconii.
1138 666 1248 727 Ipsi
1259 678 1427 728 sponte

99 737 319 782 concedit
332 774 349 794 ,
379 747 429 782 ut
457 755 490 782 a
518 738 719 784 Donato
749 739 1058 784 Donatianos
1089 739 1249 798 potius
1280 755 1427 798 quam

97 807 387 853 Donatistas
406 807 629 867 appellet.
647 809 676 853 l
682 808 769 853 llos
786 818 949 852 autem
966 825 998 852 a
1015 824 1066 852 se
1088 810 1258 854 merito
1277 809 1428 854 dictos

99 876 348 923 haereticos
364 877 634 923 contendit:
651 894 739 923 nec
758 888 918 923 tamen
936 894 1044 923 cum
1065 878 1136 922 ad
1149 878 1430 924 Ecclesiam

97 958 394 994 revertuntur
412 947 729 1007 baptizandos
747 964 875 1003 esse;
893 950 1007 1007 quin
1026 950 1174 994 etiam
1187 964 1330 1009 posse
1348 965 1428 995 eo-

97 1035 203 1063 rum
222 1019 438 1075 clericos,
451 1020 494 1063 si
507 1018 744 1064 Ecclesice
768 1019 967 1064 utilitati
985 1021 1238 1065 convenire
1259 1019 1430 1065 videa-

98 1100 190 1147 tur,
205 1092 254 1135 in
270 1093 367 1136 suis
385 1090 644 1136 honoribus
663 1092 826 1151 recipi.
844 1090 1050 1150 Aliquid
1059 1108 1208 1151 porro
1226 1090 1429 1136 redeun-

97 1160 220 1207 tibus
243 1162 356 1207 dari
375 1164 424 1207 in
444 1162 696 1219 Ecclesia,
729 1162 861 1221 quod
875 1172 1058 1222 proetei·
1077 1161 1215 1207 illam
1237 1163 1430 1208 omnino

93 1247 190 1277 non
213 1232 374 1289 datur,
401 1232 543 1290 idque
574 1249 675 1278 esse
698 1232 876 1278 donum
898 1233 1156 1278 charitatis
1179 1232 1332 1278 docet.
1357 1232 1430 1278 ll-

96 1300 438 1359 ludPetiliani,
452 1305 728 1349 Conscientia
745 1313 892 1348 sancte
903 1304 1046 1348 dantis
1058 1304 1316 1359 attenditur,
1331 1320 1431 1364 quae

93 1373 244 1418 abluat
265 1375 531 1434 accipientis,
556 1373 684 1418 male
702 1373 943 1435 desendia
963 1374 1220 1419 Cresconio
1239 1373 1428 1420 demon-

92 1453 231 1489 strat.
252 1443 458 1489 Excutit
476 1444 637 1490 allata
660 1444 723 1490 ab
747 1445 915 1490 eodem
932 1446 1197 1505 Scripturoe
1221 1445 1344 1501 loca,
1371 1447 1432 1490 is-

96 1514 184 1559 tud
197 1517 502 1574 potissimum
531 1534 541 1560 .·
569 1517 656 1570 Qui
679 1517 923 1576 baptizatur
945 1533 966 1562 a
987 1527 1177 1573 mortuo,
1203 1527 1287 1561 etc.
1312 1516 1433 1562 Pos-

94 1594 244 1630 tremo
267 1585 338 1630 ad
363 1587 603 1646 Cypriani
623 1587 965 1632 auctoritatem
989 1586 1048 1633 de
1071 1585 1432 1646 rebaptizandis

94 1654 332 1703 licereticis
355 1655 630 1717 respondet.

644 1811 818 1825 -οοφ-

94 1922 130 1965 Ι.
158 1922 410 1966 Smmoms
423 1921 659 1967 voluminis
675 1931 763 1967 tam
777 1921 944 1982 prolixo
958 1935 1174 1975 sermone,
1190 1929 1297 1980 puto
1307 1919 1431 1979 quod

33 1989 213 2035 tandem
235 1991 472 2051 aliquando
502 1993 816 2052 persuasimus,
841 2008 932 2037 non
955 2007 1045 2036 esse
1068 1991 1114 2035 in
1135 1991 1218 2035 hoc
1239 1989 1430 2034 laudan-

35 2062 114 2107 dos
136 2072 300 2109 vestros
321 2064 544 2124 episcopos
567 2079 710 2124 neque
732 2063 1055 2123 approbandos,
1080 2061 1202 2122 quod
1219 2062 1274 2106 de
1301 2075 1430 2106 causa

34 2131 310 2179 dissensionis
331 2151 430 2195 quae
458 2143 650 2179 nostram
676 2134 1031 2178 communionem
1055 2131 1243 2186 dirimit,
1270 2131 1431 2176 nolunt

33 2205 263 2251 nobiscum
284 2206 445 2251 hahere
468 2205 755 2267 colloquium.
782 2208 873 2250 Hac
901 2205 1019 2249 enim
1046 2204 1169 2265 quasi
1198 2204 1429 2264 praescrip-

33 2276 154 2322 tione
175 2278 282 2322 sein
303 2293 430 2323 causa
450 2277 635 2337 pessima
653 2285 811 2337 putant
828 2276 1094 2321 acutissimos
1110 2310 1122 2331 ,
1155 2290 1310 2335 quam,
1348 2273 1430 2318 nisi

33 2345 182 2403 fallor,
203 2357 247 2392 et
267 2349 379 2393 veris
399 2347 613 2407 certisque
634 2347 892 2402 rationibus,
914 2361 957 2391 et
977 2346 1164 2390 maxime
1182 2345 1427 2389 divinarum

36 2418 360 2478 Scripturarum
381 2416 587 2476 exemplis
612 2418 786 2476 penitus
808 2417 1045 2476 amputavi,
1077 2415 1235 2475 quibus
1268 2413 1428 2458 diluci-

22 2489 210 2535 dissime
226 2488 375 2545 docui,
394 2504 419 2534 a
434 2488 591 2533 sanctis
608 2486 968 2548 praedicatoribus
991 2495 1123 2547 atque
1146 2484 1429 2530 assertoribus

38 2558 230 2605 veritatis
245 2591 257 2615 ‚
281 2557 413 2604 etiam
445 2567 596 2604 contra
630 2565 864 2618 praesentes
898 2557 991 2617 ejus
1025 2553 1290 2602 adversarios
1303 2589 1315 2613 ,
1349 2567 1431 2600 nec
