1825 3264
315 295 477 325 CONTRA
511 295 712 324 Lim-nus
745 297 980 335 paru-um,
1016 301 1097 327 un.
1134 300 1183 326 11.
1390 285 1444 326 43

61 359 237 405 cuntur,
263 365 351 395 non
373 350 723 404 communicatis,
761 360 804 395 et
836 365 1043 410 magnum
1068 353 1230 396 crimen
1251 360 1339 407 est,
1357 367 1446 397 non

62 420 353 481 quorumdam
377 429 567 464 vestrum
584 455 595 475 ,
617 421 692 464 sed
709 420 920 464 omnium.

119 491 317 535 LXXIV.
353 492 409 534 Et
444 500 590 534 tamen
622 490 734 534 nosti
765 524 776 544 ,
807 499 851 534 et
879 505 1191 534 commemoras
1239 492 1446 550 Spiritum

59 570 257 606 sanctum
280 561 339 605 ita
361 561 551 615 venisse,
585 570 635 605 ut
655 560 718 605 illi
738 576 848 620 quos
863 570 968 606 tunc
989 561 1265 619 impleverat,
1290 562 1448 621 linguis

59 632 263 677 omnibus
273 631 558 692 loquerentur
570 651 579 676 :
591 631 699 692 quid
714 631 793 676 sibi
811 631 986 676 volebat
1001 631 1111 676 illud
1129 632 1299 690 signum
1319 642 1449 692 atque

58 703 332 764 prodigium?
359 705 449 747 Cur
468 701 597 747 modo
614 703 673 747 ita
690 703 820 747 datur
843 703 1026 762 Spiritus
1046 712 1235 757 sanctus,
1258 711 1305 746 ut
1323 718 1452 748 nemo

59 774 131 820 cui
152 773 281 818 datur
309 773 470 833 linguis
498 774 700 819 omnibus
735 774 854 834 loqui
885 775 1047 834 possit,
1073 775 1150 818 nisi
1175 775 1278 834 quia
1301 789 1452 818 omnes

61 853 210 904 gentes
245 843 506 898 credituras,
546 859 595 888 ac
632 845 690 889 sic
726 845 771 889 in
810 845 1014 889 omnibus
1046 844 1206 903 linguis
1251 844 1453 889 futurum

62 914 375 973 Evangelium,
410 913 520 959 illud
550 923 655 959 tunc
691 915 949 959 miraculum
978 915 1295 975 portendebat?
1324 914 1454 968 Quod

60 995 104 1030 et
117 986 162 1030 in
181 985 350 1030 Psalmo
366 994 488 1031 tanto
507 995 606 1030 ante
620 986 877 1046 praedictum
892 995 955 1031 est
980 1006 988 1031 :
1012 989 1133 1032 «Non
1148 995 1250 1030 sunt
1265 985 1453 1046 loquelae

65 1074 86 1098 »
106 1071 248 1116 neque
267 1072 498 1111 sermones,
520 1073 708 1117 quorum
727 1073 816 1102 non
836 1056 1071 1102 audiantur
1087 1072 1210 1101 voces
1221 1072 1371 1101 eorum
1384 1059 1415 1100 1.
1433 1077 1450 1097 »

63 1129 157 1171 Hoc
184 1136 360 1186 propter
390 1143 462 1172 eos
492 1127 662 1171 dictum
691 1137 769 1181 est,
795 1130 871 1188 qui
906 1129 1066 1187 Spiritu
1095 1136 1246 1172 sancto
1277 1136 1454 1186 accepto

61 1196 222 1256 linguis
243 1206 366 1242 erant
385 1198 588 1242 omnibus
610 1197 815 1242 locuturi.
846 1198 930 1243 Sed
953 1198 1054 1257 quia
1078 1197 1267 1256 idipsum
1287 1198 1333 1241 in
1357 1212 1454 1241 om-

64 1268 194 1312 nibus
217 1269 420 1326 gentibus
436 1277 479 1312 et
504 1268 665 1326 linguis
687 1268 887 1312 futurum
910 1267 1196 1326 Evangelium
1225 1276 1268 1311 et
1298 1282 1454 1326 corpus

63 1338 223 1384 Christi
247 1353 323 1397 per
349 1348 487 1382 totum
508 1338 659 1382 orbem
683 1348 896 1382 terrarum
919 1338 1078 1396 linguis
1092 1337 1295 1381 omnibus
1310 1352 1452 1396 perso—

65 1417 267 1453 naturum
293 1408 579 1467 significabat,
596 1417 769 1453 secutus
787 1409 861 1462 ait,
884 1427 903 1449 «
918 1411 969 1452 In
985 1422 1159 1452 omnem
1184 1416 1341 1451 terram
1366 1407 1457 1451 exi-

69 1498 90 1520 »
112 1479 174 1523 vit
194 1494 327 1524 sonus
347 1495 515 1531 eorum,
535 1489 578 1524 et
600 1480 645 1523 in
666 1480 773 1523 fines
795 1478 911 1523 orbis
935 1488 1060 1523 terrae
1082 1478 1213 1522 verba
1231 1493 1403 1522 eorum.
1434 1496 1454 1518 »

65 1550 176 1595 Hinc
199 1550 248 1594 fit
271 1585 283 1605 ‚
309 1559 359 1594 ut
380 1549 557 1594 ecclesia
578 1565 674 1593 vera
699 1549 916 1594 neminem
940 1548 1088 1593 lateat.
1115 1548 1240 1593 Unde
1262 1558 1327 1592 est
1349 1547 1459 1592 illud

65 1620 185 1680 quod
212 1621 257 1664 in
287 1619 526 1680 Evangelio
549 1621 640 1680 ipse
667 1620 772 1664 dicit
797 1638 805 1664 ε
838 1639 856 1660 «
890 1622 985 1666 Non
1014 1628 1156 1679 potest
1184 1619 1333 1663 civitas
1356 1619 1457 1662 abs-

69 1707 90 1733 »
123 1690 252 1735 condi
274 1706 403 1751 super
425 1700 618 1736 montem
642 1691 879 1735 constituta
897 1694 930 1733 ².
954 1709 972 1731 n
1001 1690 1193 1750 Ideoque
1223 1690 1269 1733 in
1299 1689 1453 1733 eodem

67 1760 237 1807 Psalmo
249 1763 545 1807 connectitur:
563 1781 582 1804 «
601 1765 651 1806 In
663 1762 752 1806 sole
769 1762 912 1820 posuit
926 1760 1257 1806 tabernaculum
1269 1775 1415 1813 suum,
1435 1777 1456 1801 »

66 1832 112 1876 id
133 1841 222 1888 est,
247 1833 293 1876 in
316 1832 663 1877 manifestatione
692 1852 700 1878 z
725 1833 837 1877 sicut
862 1833 906 1876 in
924 1836 1176 1890 Regnorum
1199 1831 1320 1874 libris
1348 1829 1459 1888 legi·-

70 1917 165 1947 mus
191 1902 357 1948 dictum
385 1923 393 1948 :
425 1923 444 1945 «
470 1903 597 1958 Quod
642 1913 690 1948 tu
724 1903 769 1946 in
807 1902 981 1947 occulto
1018 1901 1172 1956 fecisti,
1210 1900 1386 1960 patieris
1413 1900 1459 1943 in

72 1990 93 2014 n
117 1972 207 2018 sole
229 1975 260 2018 ³.
289 1977 346 2019 Et
367 1975 457 2033 ipse
479 1984 688 2033 tanquam
713 1989 895 2033 sponsus
926 1971 1166 2032 procedens
1192 1971 1246 2014 de
1270 1970 1460 2014 thalamo

73 2064 92 2086 ι
117 2060 196 2089 suo
211 2080 223 2100 ‚
251 2045 464 2090 exultavit
487 2055 536 2090 ut
559 2046 678 2104 gigas
700 2044 754 2088 ad
776 2044 1036 2088 currendam
1059 2042 1172 2085 viam
1195 2076 1205 2095 ,
1238 2057 1261 2085 a
1288 2055 1459 2084 summo

73 2132 93 2155 »
119 2115 232 2159 coelo
254 2115 439 2174 egressio
465 2117 557 2174 ejus
581 2118 595 2141 ⁵
620 2134 628 2159 ε
660 2135 677 2155 »
696 2129 794 2158 ecce
811 2114 944 2158 habes
963 2112 1200 2157 adventum
1219 2111 1392 2155 Domini
1416 2111 1461 2154 in

73 2204 93 2227 n
116 2201 261 2230 carne.
280 2189 549 2231 Etoccursus
566 2187 658 2245 ejus
676 2200 814 2244 usque
833 2184 886 2228 ad
904 2197 1125 2228 summum
1137 2184 1227 2242 ejus
1244 2202 1252 2226 ι
1269 2197 1368 2226 ecce
1382 2181 1460 2225 ha-

70 2256 146 2301 bes
165 2258 521 2302 resurrectionem
543 2266 585 2301 et
606 2256 915 2301 ascensionem.
947 2274 966 2296 «
991 2257 1078 2298 Nec
1117 2262 1181 2297 est
1202 2253 1277 2312 qui
1303 2268 1347 2296 se
1367 2252 1463 2297 abs-

74 2344 94 2368 »
117 2327 278 2372 condat
304 2343 327 2371 a
365 2327 508 2372 calore
528 2328 619 2386 ejus
641 2347 649 2371 :
675 2346 694 2367 »
719 2341 818 2371 ecce
841 2326 975 2369 habes
1008 2322 1243 2368 adventum
1281 2322 1463 2382 Spiritus

70 2397 224 2451 sancti,
240 2398 427 2457 quemin
447 2397 604 2455 linguis
620 2397 754 2455 igneis
777 2397 905 2449 misit,
932 2405 979 2439 ut
1005 2395 1218 2439 fervorem
1245 2392 1464 2437 charitatis

73 2466 343 2523 ostenderet,
375 2482 507 2527 quam
537 2465 732 2526 profecto
756 2482 845 2512 non
871 2466 1003 2510 habet
1029 2465 1105 2524 qui
1144 2478 1244 2506 cum
1271 2460 1461 2506 Ecclesia

122 2576 132 2593 ¹
150 2569 232 2602 Psat.
249 2579 345 2610 xvm,
361 2568 396 2601 6.
412 2585 451 2592 -
472 2575 485 2592 ²
506 2569 617 2601 matth.
639 2578 670 2606 V,
695 2567 796 2608 ι4.-
813 2565 826 2590 ³
842 2575 862 2599 α
880 2569 957 2606 Reg.
980 2576 1037 2604 ιιι,
1061 2571 1112 2595 12.
1130 2580 1167 2587 —-
1183 2561 1198 2589 ⁴
1218 2561 1298 2595 Psal.
1318 2572 1410 2600 xviii.
1426 2562 1458 2593 6.

76 2623 142 2650 -5
166 2625 284 2668 Ephes.
302 2635 345 2663 iv,
368 2625 397 2656 3.
