1825 3264
310 288 472 320 conns
504 286 707 318 LITTERAS
739 289 975 330 ammam,
1016 294 1096 321 un.
1136 294 1182 320 11.
1369 282 1450 322 125

65 358 240 418 diligitis
257 392 268 413 ,
293 372 424 418 quam
446 365 596 402 contra
619 357 812 416 ipsorum
846 358 1082 415 malitiam,
1108 373 1299 419 quorum
1332 359 1454 405 vobis

64 429 301 489 patrocinia
334 428 611 488 comparastis
638 446 647 473 :
683 443 771 472 non
794 426 918 472 aliter
947 445 1077 489 quam
1102 439 1152 474 ut
1184 429 1381 490 naufragi
1408 431 1455 474 in

65 499 272 544 fluctibus
288 498 448 544 fluctus
470 499 661 543 subeunt
683 497 897 554 ruituros,
930 507 1084 559 satque
1104 499 1150 542 in
1172 515 1332 559 magno
1354 500 1455 545 vitae

65 570 259 632 periculo
281 579 494 634 appetunt
515 568 636 630 quod
659 569 836 614 timetur
857 570 876 613 P
899 569 1020 614 velut
1056 570 1308 627 tyrannicus
1331 570 1454 616 furor

65 651 116 686 ut
146 642 364 687 neminem
390 650 587 696 metuat,
613 640 708 685 vult
729 655 830 686 cum
863 656 942 685 suo
965 640 1158 701 periculo
1182 640 1250 685 vel
1274 642 1416 686 timeri
1444 661 1453 687 ε

66 713 126 757 sic
150 713 210 758 sic
231 712 287 757 ad
316 727 458 757 arcem
487 711 663 756 malitiae
690 710 947 770 confugitis,
972 711 1272 756 innocentium
1298 711 1456 756 damna

65 782 134 828 vel
169 797 322 843 poenas
349 783 439 827 sine
469 791 611 827 vestra
643 781 878 827 formidine
923 783 1173 842 spectaturi.
1208 784 1250 828 Si
1283 784 1366 828 hoc
1394 791 1459 828 est

66 854 202 899 vitare
224 852 485 914 periculum,
501 853 651 913 fugere
673 853 754 898 sub
772 853 959 909 ruinam,
974 869 1054 898 nec
1076 869 1166 898 non
1188 854 1317 898 etiam
1334 854 1459 898 dam-

66 923 223 969 nabilis
247 923 354 969 fides
372 933 460 980 est,
484 924 616 969 fidem
638 923 795 969 latroni
818 939 1004 969 servare.
1031 927 1255 969 Postremo
1279 924 1460 968 demen-

67 995 119 1040 tis
139 993 249 1040 lucri
267 995 580 1040 commercium
603 1005 687 1051 est,
710 1003 871 1041 vestras
893 995 1057 1039 animas
1079 994 1286 1054 perdere,
1311 1010 1367 1039 ne
1389 995 1458 1039 di-

65 1067 191 1112 vitias
208 1067 427 1112 amittatis.
446 1067 559 1112 Dicit
579 1068 695 1111 enim
711 1067 922 1113 Dominus
941 1067 1158 1113 Christus:
1183 1068 1262 1114 «Si
1284 1083 1458 1113 omnem

71 1137 317 1182 »mundum
333 1137 592 1193 lucrifacias,
605 1147 650 1182 et
661 1139 848 1183 animam
866 1148 984 1183 tuam
1000 1138 1168 1199 perdas,
1185 1155 1317 1200 quam
1336 1139 1460 1185 dabis

69 1210 493 1255 »commutationem
517 1225 597 1270 pro
620 1210 762 1254 anima
784 1218 859 1254 tua
885 1211 920 1251 ¹?
944 1227 965 1251 »

126 1283 653 1327 ccxxv1.AnGusmns
675 1280 921 1340 respondit:
944 1281 1066 1325 Utilis
1081 1283 1281 1327 essetista
1304 1282 1461 1326 exhor-

68 1352 189 1407 tatio,
216 1350 368 1407 sateor,
387 1351 421 1396 si
437 1366 484 1395 ea
508 1353 740 1412 quisquam
762 1352 808 1395 in
833 1352 946 1395 bona
968 1367 1097 1396 causa
1120 1362 1332 1396 uteretur.
1356 1353 1462 1396 Om-

66 1423 171 1468 nino
193 1422 306 1467 bene
324 1422 570 1467 deterruisti
587 1421 802 1476 homines,
829 1421 1001 1466 divitias
1024 1437 1277 1482 praeponere
1306 1423 1462 1466 animae

65 1507 169 1538 suae.
185 1492 270 1540 Sed
282 1508 358 1539 vos
376 1493 452 1554 qui
466 1494 559 1538 haec
582 1492 779 1547 audistis,
796 1500 839 1536 et
852 1507 930 1537 nos
947 1492 1177 1552 paululum
1193 1493 1361 1538 audite:
1375 1493 1459 1537 hoc

66 1566 181 1609 enim
215 1574 259 1610 et
290 1581 364 1610 nos
399 1563 610 1620 dicimus,
651 1563 728 1609 sed
750 1564 964 1608 attendite
995 1564 1387 1625 quemadmodum.
1417 1564 1459 1609 Si

64 1635 189 1686 vobis
204 1635 426 1680 minantur
440 1650 561 1695 reges
575 1633 746 1679 auferre
757 1633 945 1689 divitias,
957 1635 1059 1696 quia
1067 1637 1091 1679 J
1096 1634 1209 1679 udaei
1223 1634 1463 1679 secundum

66 1721 241 1751 carnem
266 1722 356 1751 non
378 1707 494 1762 estis,
517 1714 592 1750 aut
607 1705 709 1767 quia
731 1704 849 1749 idola
869 1703 939 1750 vel
961 1705 1177 1750 daemonia
1191 1721 1280 1750 non
1302 1704 1460 1759 colitis,

67 1786 142 1822 aut
163 1777 264 1838 quia
287 1777 334 1821 in
369 1776 510 1822 nullas
540 1778 724 1821 haereses
747 1775 1090 1832 transferimini,
1123 1777 1199 1820 sed
1220 1777 1265 1820 in
1293 1775 1463 1820 unitate

67 1847 279 1893 catholica
301 1848 563 1908 permanetis
579 1847 751 1907 ,eligite
765 1848 910 1906 potius
927 1847 1069 1906 perire
1091 1846 1262 1891 divitias
1285 1855 1461 1901 vestras,

66 1932 124 1962 ne
142 1918 223 1978 ipsi
237 1919 447 1978 pereatis:
473 1917 549 1962 sed
567 1933 646 1963 nec
670 1917 788 1962 aliud
809 1916 1069 1978 quidquam,
1094 1932 1175 1962 nec
1198 1918 1333 1976 ipsam
1358 1926 1465 1961 tem-

67 1987 260 2048 poralem
277 1989 409 2033 vitam
427 1987 562 2032 saluti
583 1998 757 2032 aeternae
780 2003 879 2047 quae
902 1987 947 2031 in
972 1987 1146 2032 Christo
1168 1996 1232 2031 est
1253 1985 1464 2046 praefera-

67 2059 136 2103 tis.
157 2059 199 2104 Si
213 2069 357 2103 autem
371 2074 488 2117 reges
502 2059 625 2103 vobis
634 2067 862 2118 propterea
883 2057 1043 2101 damna
1054 2057 1121 2101 vel
1136 2056 1464 2102 damnationem

68 2129 316 2185 minantur,
343 2129 445 2190 quia
468 2129 568 2174 estis
590 2129 780 2173 haeretici
809 2147 818 2174 2
844 2137 1008 2172 terrent
1030 2143 1106 2173 vos
1127 2127 1191 2171 illi
1211 2163 1222 2183 ,
1249 2144 1339 2173 non
1361 2143 1464 2172 cru-

68 2197 224 2245 deliter
239 2236 249 2255 ,
282 2199 359 2246 sed
394 2199 727 2245 misericorditer
752 2219 761 2244 :
787 2215 863 2245 vos
885 2208 1032 2244 autem
1055 2214 1143 2244 non
1171 2198 1342 2244 fortiter
1358 2234 1369 2254 ,
1391 2198 1467 2243 sed

68 2270 349 2330 pertinaciter
371 2286 459 2316 non
483 2270 658 2315 timetis.
686 2270 848 2315 Audite
876 2285 980 2330 ergo
1000 2273 1179 2314 Petrum
1202 2269 1422 2314 dicentem
1454 2288 1463 2313 :

71 2357 93 2382 »
130 2343 248 2395 Quae·
260 2350 406 2386 autem
431 2340 566 2400 gloria
589 2350 668 2396 est,
696 2341 729 2385 si
759 2349 990 2400 peccantes
1014 2356 1166 2400 poenas
1190 2339 1389 2399 patimini
1412 2340 1429 2363 ²
1453 2357 1463 2383 ι

73 2419 122 2455 ut
140 2426 283 2471 neque
300 2411 372 2455 hic
387 2411 584 2455 habeatis
598 2421 768 2455 terrena
786 2411 954 2459 solatia,
971 2426 1053 2454 nec
1068 2412 1112 2454 in
1135 2410 1284 2454 futuro
1307 2408 1467 2453 saeculo

74 2481 205 2525 vitam
236 2490 442 2525 aeternam
472 2501 482 2537 ς
520 2480 597 2524 sed
622 2490 665 2525 et
696 2481 767 2525 hic
800 2481 1021 2540 angustias
1046 2479 1286 2524 infelicium
1304 2514 1314 2534 ,
1341 2488 1383 2523 et
1406 2479 1465 2522 ibi

75 2552 292 2611 gehennas
326 2551 670 2596 haereticorum?
698 2550 829 2596 Vides
860 2567 962 2610 ergo
981 2560 1046 2606 tu,
1071 2550 1221 2606 frater,
1249 2565 1351 2595 cum
1379 2565 1468 2610 quo

123 2642 134 2659 ¹
152 2637 264 2670 matth.
290 2647 359 2677 xvi,
380 2636 434 2669 26.
450 2642 515 2660 —2
539 2646 551 2669 ι
574 2638 660 2669 Petr.
684 2647 723 2676 ιι,
745 2645 798 2669 20.
