1825 3264
325 212 409 251 350
746 219 779 246 s.
817 218 1047 246 mensum
1080 218 1262 247 nnscom

324 287 475 332 fratres
508 283 731 329 humiliter
769 283 952 328 redemit
987 283 1167 328 occisus.
1207 285 1330 328 Hanc
1365 282 1529 343 Spiritu
1558 290 1711 328 sancto

324 356 564 401 mundante
587 354 807 408 laetificat,
828 353 883 398 de
904 369 993 414 quo
1019 353 1233 398 clamabat
1262 352 1409 397 dicens
1437 372 1446 398 ε
1485 371 1507 395 «
1539 352 1582 398 Si
1615 353 1711 413 quis

327 444 347 467 »
362 425 467 480 sitit,
487 425 631 470 veniat
643 433 687 470 et
707 424 848 469 bibat1
875 443 885 469 z
913 444 931 466 ι»
953 439 1043 469 ιιοιι
1070 438 1230 484 aquam
1252 423 1467 468 visibilem
1484 438 1711 468 commen-

325 496 432 541 dans
454 512 554 556 quae
573 496 701 541 datur
722 496 767 540 in
789 495 1056 555 baptismatis
1078 503 1362 550 sacramento,
1387 509 1519 554 quam
1540 503 1583 539 et
1606 493 1712 539 honi

321 576 365 612 et
385 566 485 611 mali
506 567 667 612 habere
700 575 894 626 possunt,
927 565 1124 626 quamvis
1146 566 1236 610 sine
1258 564 1332 610 illa
1356 565 1462 610 boni
1483 564 1589 610 salvi
1615 564 1711 608 fieri

323 653 411 683 non
433 639 614 697 possint.
632 640 740 692 Quae
757 638 956 698 quamvis
969 637 1172 682 Ecclesiae
1185 637 1239 680 sit
1251 671 1261 691 ,
1288 645 1434 681 tamen
1447 636 1578 681 etiam
1599 634 1714 680 foras

322 708 504 767 prossuit
521 744 532 763 ,
561 723 661 752 cum
684 717 726 752 et
749 707 867 767 apud
894 707 990 752 illos
1004 708 1225 752 invenitur
1242 743 1253 763 ,
1273 708 1350 769 qui
1375 723 1426 752 ex
1448 707 1575 752 nobis
1594 706 1713 751 exie-

325 788 444 834 ru‘nt,
459 779 537 824 sed
553 795 641 824 non
656 787 779 824 erant
801 794 851 823 ex
872 779 1021 823 nobis²
1035 798 1043 823 :
1057 780 1169 824 sicut
1191 795 1301 840 aqua
1323 780 1368 823 in
1393 778 1540 839 aliquo
1563 793 1611 822 ex
1630 776 1714 821 illis

325 850 679 894 memorabilibus
697 859 886 910 quatuor
898 851 1153 895 fluminibus
1167 852 1316 910 negari
1330 863 1419 894 non
1437 858 1580 909 potest
1594 846 1716 908 quod

324 920 380 964 sit
401 936 513 981 aqua
534 921 747 980 paradisi,
773 922 971 981 quamvis
993 936 1083 966 non
1113 921 1167 965 sit
1189 921 1236 965 in
1257 920 1350 965 solo
1373 919 1593 979 paradiso,
1614 933 1716 979 quae

325 991 456 1035 etiam
474 1000 594 1035 extra
610 990 714 1035 inde
734 993 939 1035 manavit.

384 1063 526 1105 XVII.
546 1064 643 1107 Non
663 1076 766 1120 ergo
789 1062 902 1106 hanc
919 1075 1098 1121 aquam,
1124 1059 1199 1104 sed
1221 1075 1346 1120 aquae
1367 1060 1546 1105 nomine
1569 1058 1718 1103 invisi-

325 1130 414 1175 bile
435 1131 513 1175 Dei
533 1131 699 1176 donum
715 1141 914 1176 sanctum
935 1132 1145 1191 Spiritum
1167 1130 1519 1186 commendabat,
1541 1130 1713 1174 dicens:

329 1220 349 1242 »
376 1202 419 1246 Si
441 1202 538 1261 quis
561 1203 665 1257 sitit,
693 1204 837 1247 veniat
858 1211 900 1247 et
922 1202 1041 1246 bibat
1066 1221 1075 1247 ι
1100 1221 1120 1244 »
1141 1201 1252 1246 sicut
1268 1200 1493 1246 evidenter
1515 1202 1719 1258 Evange-

326 1271 423 1316 lista
445 1281 627 1317 testatur
651 1272 894 1332 adjungens
916 1291 924 1316 ε
953 1291 972 1314 «
996 1275 1088 1316 Hoc
1111 1282 1256 1316 autem
1279 1271 1455 1316 dicebat
1473 1271 1528 1315 de
1554 1270 1718 1330 Spiritu

330 1361 350 1384 »
387 1359 518 1403 quem
541 1345 760 1402 accepturi
783 1353 906 1387 erant
927 1343 1152 1387 credentes
1181 1344 1226 1386 in
1248 1357 1364 1386 eum.
1400 1342 1582 1401 Spiritus
1601 1341 1718 1384 enim

331 1431 351 1453 »
389 1413 584 1458 nondum
606 1424 695 1458 erat
718 1415 844 1458 datus
864 1449 874 1468 ,
906 1414 1007 1473 quia
1030 1416 1153 1457 Jesus
1174 1412 1370 1457 nondum
1393 1412 1539 1456 fuerat
1555 1411 1718 1456 clarifi-

331 1501 352 1525 »
387 1494 507 1528 catus
530 1486 561 1527 ³.
599 1503 618 1525 »
645 1487 700 1528 Et
718 1485 870 1544 utique
899 1493 1113 1544 quantum
1137 1483 1191 1528 ad
1215 1491 1534 1527 sacramentum
1565 1482 1720 1526 attinet

327 1553 487 1599 lavacri
504 1554 706 1604 visibilis,
730 1565 965 1614 antequam
987 1563 1096 1598 esset
1127 1553 1396 1612 resurgendo
1425 1553 1684 1598 clarificatus
1703 1585 1716 1606 ‚

323 1626 412 1684 jam
434 1626 726 1684 baptizaverat
747 1625 892 1684 plures
909 1641 1039 1685 quam
1057 1628 1261 1679 Joannes,
1282 1626 1394 1669 sicut
1415 1625 1557 1685 ipsum
1576 1623 1721 1683 loqui-

332 1705 402 1740 tur
429 1695 712 1753 Evangelium
732 1696 763 1738 ⁴.
790 1696 915 1739 Unde
937 1695 1043 1739 dicit
1067 1694 1293 1754 Discipulis
1323 1695 1409 1740 suis
1437 1714 1446 1740 ι
1485 1714 1505 1737 «
1530 1697 1720 1738 Joannes

334 1784 353 1807 »
375 1766 553 1825 quidem
570 1767 802 1825 baptizavit
819 1781 948 1825 aqua,
961 1780 1036 1810 vos
1049 1775 1194 1809 autem
1209 1765 1537 1824 baptizabimini
1557 1764 1720 1823 Spiritu

334 1855 354 1878 »
375 1846 538 1892 sancto,
558 1853 688 1897 quem
711 1846 753 1881 et
777 1837 995 1896 accepturi
1017 1838 1115 1881 estis
1136 1852 1226 1881 non
1248 1845 1347 1896 post
1361 1836 1522 1880 multos
1535 1835 1626 1879 dies
1642 1835 1720 1879 hos

334 1925 355 1948 »
377 1923 514 1967 usque
536 1907 590 1951 ad
623 1911 904 1951 Pentecosten
928 1909 957 1950 ⁵.
989 1926 1008 1947 »
1036 1907 1115 1951 Hic
1135 1915 1309 1951 sanctus
1335 1907 1519 1965 Spiritus
1543 1905 1721 1949 veniens

332 1977 377 2020 in
399 1993 486 2030 eos,
508 1977 591 2021 tale
608 1978 780 2034 signum
803 1978 1002 2036 primitus
1019 1977 1155 2030 dedit,
1173 1986 1222 2020 ut
1238 1977 1315 2037 qui
1336 1991 1437 2020 eum
1456 1976 1719 2035 acciperent,

333 2046 493 2105 linguis
510 2047 707 2090 omnium
731 2047 926 2105 gentium
942 2046 1230 2106 loqueremur
1252 2048 1267 2073 ⁰
1290 2067 1301 2104 3
1317 2048 1417 2107 quia
1430 2044 1723 2106 portendebat

335 2115 573 2160 Ecclesiam
591 2132 666 2174 per
688 2131 836 2160 onmes
860 2125 1007 2174 gentes
1029 2116 1239 2170 futuram,
1256 2131 1336 2160 nec
1357 2129 1625 2175 quemquam
1647 2127 1722 2157 ac-

335 2195 566 2245 cepturum
589 2186 794 2244 Spiritum
816 2196 1012 2230 sanctum
1026 2221 1036 2241 ‚
1050 2187 1130 2229 nisi
1153 2186 1228 2245 qui
1247 2187 1337 2244 ejus
1359 2185 1516 2229 unitati
1538 2182 1721 2242 copula-

337 2265 470 2300 retur.
495 2257 633 2315 Hujus
656 2256 788 2300 fontis
809 2255 929 2315 largo
952 2266 1083 2316 atque
1099 2255 1303 2299 invisibili
1328 2255 1509 2298 flumine
1530 2253 1722 2297 laetificat

338 2329 452 2370 Deus
470 2327 687 2370 civitatem
710 2341 832 2370 suam
851 2360 862 2379 ,
882 2327 936 2369 dc
958 2341 1044 2385 qua
1070 2326 1282 2384 Propheta
1306 2325 1506 2384 praedixit
1529 2343 1537 2368 :
1566 2341 1587 2365 «
1612 2323 1720 2367 Flu-

341 2415 361 2437 »
379 2398 506 2440 minis
521 2396 710 2456 impetus
726 2396 916 2440 laetificat
942 2396 1157 2440 civitatem
1184 2396 1258 2439 Dei
1275 2397 1305 2438 ⁷.
1336 2413 1356 2437 »
1379 2395 1449 2440 Ad
1465 2396 1583 2439 hunc
1607 2393 1724 2438 enim

383 2500 397 2517 ἵ
414 2500 506 2530 Joan.
535 2509 591 2538 vu,
612 2498 664 2539 37.
679 2516 719 2521 —
734 2505 746 2520 ²
771 2510 782 2531 1
813 2500 904 2530 Joan.
926 2508 960 2539 ιι,
997 2509 1046 2540 ¹9·
1063 2515 1102 2520 —
1118 2496 1130 2520 ³
1148 2499 1240 2530 Joan.
1259 2508 1316 2538 vn,
1336 2496 1389 2540 39.
1406 2512 1443 2519 —
1458 2494 1475 2527 4
1499 2496 1614 2537 Id.1v‚
1637 2505 1665 2527 ι.
1682 2508 1724 2517 —

341 2552 356 2576 5
379 2555 496 2595 Aet.1‚
515 2553 546 2587 5.
563 2552 697 2587 —61d.
718 2565 752 2596 ιι,
778 2553 864 2596 4.-
880 2561 892 2587 7
911 2553 991 2586 Psal.
1011 2564 1088 2596 nv,
1111 2553 1142 2587 5.

1817 1704 1825 1731 Β»
1819 1635 1825 1661 ..Α
1819 1544 1825 1588 »ᾳᾼ
1819 1491 1825 1518 .--
1819 1406 1824 1448 --
1819 1349 1825 1376 .-..
1821 1281 1825 1306 Α
1820 1210 1825 1236 ,κ-
1820 1135 1825 1163 ,ῃ

1813 2398 1825 2455 ’τ’-
1815 2341 1823 2369 ·—-
1816 2200 1825 2298 v—-oen-v—ii
1817 2114 1825 2157 ›—÷—⁴
1818 2059 1825 2088 Α
1818 1988 1825 2031 *a
1817 1917 1825 1945 ι-ιι
1817 1846 1825 1874 με
1817 1775 1825 1803 ω,
