1825 3264
291 290 454 320 coutrita
485 290 687 320 ncr'rzus
717 291 952 330 Paruum,
988 295 1069 321 mn.
1107 296 1154 321 11.
1359 286 1412 323 83

41 376 63 403 ι
97 360 194 417 Ipse
209 363 273 401 est
291 355 408 400 enim
429 370 511 415 pax
533 363 694 410 nostra,
720 356 798 415 qui
819 355 923 400 iecit
944 367 1128 417 utraque
1150 374 1287 404 unum
1313 361 1324 386 ¹
1351 378 1361 405 ε
1390 378 1410 401 »

38 442 129 474 non
148 429 357 480 Donatus,
381 426 458 486 qui
477 425 582 470 fecit
598 425 654 469 de
671 440 760 470 uno
782 425 887 470 duo.

94 497 251 543 eux.
297 499 559 541 Pin-uranus
591 494 699 541 dixit
725 512 737 539 .·
773 513 793 537 «
818 495 937 540 Beati
968 496 1045 556 qui
1078 501 1420 556 persecutionem

44 584 67 619 η
99 566 326 626 patiuntur
344 574 519 625 propter
535 565 771 625 justitiam,
803 565 1010 624 quoniam
1028 566 1223 626 ipsorum
1249 580 1311 614 est
1333 586 1422 630 reg·

43 654 66 691 ψ
99 651 207 682 num
228 635 437 682 ooelorum
459 638 491 679 2.
514 653 535 678 »
551 637 638 682 Vos
658 635 775 680 beati
795 650 885 680 non
906 636 1027 691 estis,
1052 637 1127 681 sed
1149 637 1297 683 beatos
1311 656 1427 685 mar·

41 716 159 766 tyres
180 707 342 760 facitis,
368 721 556 766 quorum
577 705 740 751 scilicet
760 706 985 751 animabus
1006 707 1107 752 coeli
1131 709 1284 768 repleti
1305 721 1425 767 sunt,

43 791 364 837 corporumque
385 776 594 825 memoria
616 784 742 820 terrae
758 776 1110 823 floruerunt.Vos
1127 794 1230 837 ergo
1246 795 1336 825 non
1359 797 1430 826 co-

43 846 146 902 litis,
169 846 247 892 sed
267 844 408 898 facitis
428 861 538 907 quos
560 844 768 892 colamus.
799 864 821 888 »

2 908 4 917 x
105 919 234 964 CLX.
253 920 530 963 Auous‘rmns
548 916 792 976 respondit:
810 915 942 962 Plane
958 918 1100 964 sinon
1113 919 1278 964 dictum
1292 930 1402 966 esset
1422 942 1431 967 :

1 1011 7 1058 ξ
51 1007 71 1032 ι
104 989 224 1034 Beati
242 989 319 1049 qui
340 989 682 1048 persecutionem
708 988 935 1048 patiuntur
955 1000 1134 1049 propter
1152 992 1389 1051 justitiam:
1416 1014 1434 1035 »

5 1061 7 1098 ἶ
47 1059 124 1107 sed
144 1060 312 1108 dictum
334 1070 446 1105 esset
470 1079 480 1105 :
505 1060 626 1105 Beati
647 1060 784 1120 quise
806 1060 920 1119 ipsos
942 1062 1216 1122 praecipitant
1244 1085 1256 1122 3
1278 1065 1437 1124 imple-

48 1140 149 1177 rent
169 1131 335 1176 coelum
360 1140 570 1189 martyres
597 1131 743 1176 vestri.
773 1133 885 1176 Sane
915 1132 970 1176 de
999 1134 1251 1192 corporibus
1286 1150 1437 1180 eorum

52 1201 215 1248 multos
238 1210 451 1246 terrarum
484 1201 612 1246 flores
643 1199 858 1255 videmuS‚
882 1200 958 1245 sed
978 1202 1088 1246 sicut
1114 1203 1226 1248 solet
1255 1205 1338 1249 dici
1358 1206 1439 1250 flos

110 1344 265 1389 CLXI.
303 1344 566 1387 Paruimus
593 1339 701 1384 dixit
729 1359 739 1384 :
777 1359 794 1380 α
829 1342 943 1385 Cum
967 1355 1071 1399 ergo
1094 1341 1290 1388 falsando
1310 1360 1437 1388 man-

53 1413 154 1464 data
167 1412 282 1459 beati
295 1427 386 1457 non
406 1411 511 1466 sitis,
527 1426 603 1456 vos
615 1409 771 1454 divinis
783 1412 1007 1455 sententiis
1023 1412 1219 1457 Christus
1234 1415 1445 1459 Dominus

54 1482 318 1532 condemnat
333 1485 366 1526 ².
397 1483 499 1526 «Vae
517 1489 664 1526 autem
685 1480 825 1535 vobis,
853 1481 1014 1526 Scrihae
1030 1491 1073 1526 et
1091 1484 1292 1528 Pharisaei
1308 1486 1450 1544 hypo-

58 1554 227 1609 peritae,
248 1554 350 1613 quia
365 1551 565 1596 clauditis
587 1565 771 1610 regnum
783 1549 995 1595 coelorum
1009 1562 1111 1597 ante
1129 1554 1326 1600 homines
1343 1576 1353 1612 3
1373 1572 1449 1601 vos

9 1630 15 1686 ζ
55 1623 208 1678 ’ρεῐιίω
230 1639 321 1669 non
343 1623 528 1676 intratis,
547 1631 590 1666 et
603 1637 747 1682 neque
763 1622 1035 1668 introeuntes
1057 1625 1294 1670 sinitis.Vae
1308 1627 1447 1682 vobis,

62 1713 83 1738 »
97 1694 258 1740 Scribae
279 1703 323 1738 et
346 1694 549 1739 Pharisaei
565 1693 938 1753 hypocritae‚quia
958 1694 1149 1740 circuitis
1169 1711 1288 1741 mare
1309 1707 1351 1742 et
1367 1699 1453 1742 ari-

12 1779 18 1827 ¹.
63 1764 216 1819 indam,
238 1773 288 1808 ut
306 1763 477 1808 faciatis
494 1778 633 1807 unum
649 1761 916 1822 proselytum
935 1784 947 1820 3
970 1773 1012 1808 et
1025 1780 1124 1810 cum
1147 1766 1284 1811 factus
1300 1768 1448 1822 fuerit,

14 1838 19 1869 ἓ
62 1833 234 1886 »facitis
248 1849 348 1879 eum
366 1833 506 1878 filium
521 1834 734 1892 gehennae
749 1833 968 1892 duplicius
980 1851 1112 1895 quam
1125 1840 1300 1882 vos.Vae
1316 1839 1449 1894 vohis,

62 1905 261 1955 »Scribae
272 1914 316 1950 et
328 1905 531 1950 Pharisaei
548 1904 805 1964 hypocritae,
831 1905 906 1964 qui
922 1906 1145 1951 decimatis
1166 1910 1390 1954 mentham
1408 1919 1452 1954 et

17 1992 21 2033 ¹.
64 1975 310 2027 »anethum
331 1984 376 2019 et
397 1974 622 2032 cyminum
638 2008 649 2028 ‚
668 1983 713 2018 et
739 1973 984 2034 relinquitis
1002 1993 1103 2036 quae
1130 1979 1326 2035 graviora
1352 1989 1455 2024 sunt

18 2067 21 2106 5
60 2045 217 2104 ptegis,
240 2043 454 2105 judicium
488 2053 531 2088 et
553 2044 892 2088 misericordiam
915 2054 958 2089 et
990 2045 1136 2091 fidem.
1175 2050 1280 2092 Haec
1308 2059 1454 2093 autem

18 2110 23 2143 ¹
61 2115 331 2175 imponebat
346 2115 454 2169 fieri,
472 2124 513 2160 et
527 2114 600 2158 illa
614 2130 704 2159 non
726 2115 942 2159 omittere.
956 2118 1094 2161 Duces
1110 2119 1228 2171 caeci,
1240 2118 1457 2179 liquantes

68 2186 302 2240 »culicem‚
327 2183 541 2229 camelum
564 2193 709 2229 autem
724 2184 1056 2243 glutientes.Vae
1069 2187 1208 2242 vobis,
1228 2190 1391 2234 Scribae
1414 2201 1458 2236 et

62 2256 299 2312 »Pharisaei
311 2255 568 2315 hypocritae,
580 2255 681 2314 quia
696 2254 855 2299 similes
869 2256 968 2301 estis
980 2260 1276 2304 monumentis
1285 2260 1460 2306 dealb'a-

67 2346 93 2384 ‚¹⁵
103 2328 159 2373 tis
175 2362 188 2382 ,
211 2342 311 2387 quae
323 2341 348 2370 a
368 2325 472 2371 ioris
495 2335 651 2386 parent
667 2325 918 2372 hominibus
937 2321 1129 2386 speciosa
1149 2349 1161 2386 ς
1180 2330 1297 2375 intus
1313 2341 1459 2376 autem

25 2445 27 2450 ,
65 2397 233 2458 »plena
243 2405 346 2442 sunt
364 2396 534 2442 ossibus
553 2405 827 2443 mortuorum
839 2405 883 2440 et
904 2399 1023 2442 omni
1039 2400 1244 2457 spurcitia
1267 2420 1275 2445 ι
1297 2419 1318 2443 »
1337 2402 1396 2446 sic
1418 2411 1462 2447 et

25 2511 28 2523 ,
63 2483 148 2523 yos
171 2483 195 2513 a
227 2465 333 2512 foris
357 2464 537 2526 quidem
557 2466 715 2525 paretis
736 2466 987 2512 hominibus
1002 2469 1130 2528 justi,
1159 2470 1276 2515 intus
1310 2480 1457 2517 autem

0 2547 29 2605 ¹2
67 2537 191 2599 pleni
210 2537 310 2583 enus
332 2535 553 2597 hypocrisi
570 2534 878 2595 etiniquitate.
898 2558 916 2579 »

26 2625 31 2657 ἑ
123 2627 134 2644 ¹
153 2620 269 2663 Ephe-z.
293 2632 333 2661 u,
356 2618 463 2662 14-
480 2625 492 2642 ²
512 2617 623 2652 matth.
647 2628 682 2658 v,
705 2628 754 2650 ιο.
773 2635 814 2640 -
832 2616 907 2652 31d.
926 2629 1015 2662 nni,
1044 2621 1092 2653 ι3.

1239 2679 1262 2713 (i
