1825 3264
322 261 407 302 394
762 273 795 299 s.
834 270 1067 300 mausum
1098 273 1281 301 Emscom

323 339 366 384 Si
395 351 498 394 ergo
527 350 617 380 non
642 334 817 380 illorum
843 336 1090 380 innocentia
1107 370 1119 391 ‚
1150 351 1240 382 non
1268 337 1459 396 denique
1484 336 1605 397 quod
1634 350 1713 380 ve-

320 422 417 452 rum
450 415 582 466 atque
613 405 789 449 firmum
819 414 916 461 est,
950 407 1026 450 Dei
1049 407 1184 464 gratia
1211 416 1255 452 et
1287 422 1377 451 non
1409 416 1556 452 nostra
1583 421 1713 452 cons-

319 477 476 523 cientia
503 485 646 521 ratum
678 476 806 520 nobis
827 476 1092 536 baptismum
1114 476 1246 533 facit,
1272 476 1402 522 faciat
1429 477 1581 522 saltem
1613 492 1713 522 sen-

319 547 457 592 tentia
480 556 570 591 tua.

375 620 494 663 XVI.
523 620 589 661 Tu
610 617 725 660 enim
739 631 840 661 cum
862 617 917 660 de
935 618 1097 676 Optato
1113 616 1352 677 loquereris
1372 615 1516 661 dixisti
1540 635 1550 661 :
1579 635 1600 659 «
1618 618 1713 676 Ego

317 689 497 749 quidem
517 689 727 747 Optatum
751 701 831 731 nec
853 687 1031 732 absolvo
1050 722 1061 743 ‚
1086 702 1167 732 nec
1188 686 1366 732 damno,
1394 704 1415 728 n
1436 687 1480 732 Si
1496 687 1580 732 hoc
1606 701 1709 745 ego,

317 759 405 804 imo
421 775 510 803 non
526 767 698 802 tantum
721 773 802 816 ego
816 793 827 813 ,
847 758 923 802 sed
940 757 1080 802 omnis
1101 756 1304 802 Africana
1326 756 1538 802 catholica
1556 757 1709 802 Eccle-

317 830 376 874 sia
396 864 407 883 ‚
432 839 597 890 quanto
622 828 757 887 magis
778 828 910 872 etiam
942 829 1230 872 transmarina
1266 837 1355 872 tarn
1382 827 1514 886 longe
1534 827 1711 888 lateque

317 899 475 945 diffusa
497 935 508 955 ‚
538 900 592 943 de
629 898 862 945 Caeciliano
883 908 928 943 et
960 900 1051 959 ejus
1088 899 1413 944 ordinatoribus
1443 898 1560 942 dicat
1586 901 1711 957 :Ego

315 970 411 1015 illos
427 987 507 1015 nec
539 969 718 1014 absolvo
735 1004 746 1022 ‚
776 985 856 1014 nec
887 970 1047 1014 damno
1071 989 1079 1013 :
1107 984 1341 1028 parum-ne
1360 977 1488 1028 putas
1519 983 1610 1013 esse
1628 968 1712 1014 illis

315 1056 424 1100 quos
447 1042 474 1084 ii
494 1042 849 1099 baptizaverunt,
867 1055 1058 1099 quorum
1074 1055 1203 1084 nemo
1217 1054 1413 1099 unquam
1430 1039 1714 1085 Caecilianum

316 1111 438 1165 vidit,
471 1109 591 1170 quod
616 1111 670 1154 de
692 1111 854 1169 Optato
876 1110 1074 1154 sufficere
1097 1110 1236 1154 credis
1251 1111 1326 1165 eis,
1346 1125 1457 1169 quos
1478 1109 1552 1153 ille
1577 1110 1711 1155 etiam

314 1182 401 1226 suis
424 1181 627 1225 manibus
650 1181 917 1240 baptizavit?
939 1184 1007 1225 An
1030 1182 1132 1241 quia
1155 1181 1209 1225 de
1231 1181 1463 1226 Caeciliano
1479 1190 1712 1240 parentum

312 1262 555 1297 vestrorum
572 1251 805 1296 concilium
829 1253 1017 1296 recitatis
1038 1287 1049 1308 ,
1085 1252 1140 1297 de
1163 1254 1324 1312 Optato
1359 1262 1506 1297 autem
1533 1253 1712 1298 nullum

311 1324 518 1367 recitatur
539 1339 562 1367 a
581 1324 706 1368 nobis
725 1345 736 1380 3
757 1322 856 1368 ideo
878 1333 1004 1382 putas
1027 1323 1137 1368 nulli
1160 1333 1356 1368 nostrum
1379 1323 1509 1368 licere
1530 1323 1679 1369 dicere
1698 1343 1709 1369 z

313 1396 406 1451 Ego
428 1392 711 1438 Caecilianum
733 1409 813 1437 nec
831 1392 1034 1448 absolvo,
1052 1408 1131 1438 nec
1153 1393 1336 1438 damno:
1358 1392 1479 1453 quod
1495 1394 1576 1437 tibi
1588 1393 1715 1438 licuit

312 1462 366 1506 de
385 1464 545 1522 Optato
564 1465 580 1507 P
605 1464 689 1508 Sed
707 1462 873 1508 factum
896 1473 958 1507 est
987 1479 1066 1522 pro
1093 1463 1327 1508 Caeciliano
1344 1464 1559 1522 posterius
1587 1463 1713 1523 judi-

312 1533 428 1576 cium
456 1536 466 1559 ¹
487 1534 825 1577 transmarinum
847 1568 857 1587 ‚
887 1534 1038 1577 vestris
1061 1532 1180 1592 apud
1201 1533 1539 1578 Constantinum
1570 1533 1708 1591 impe-

314 1613 500 1646 ratorem
523 1613 572 1647 ut
601 1603 725 1646 fieret
755 1603 1035 1647 instantibus.
1058 1606 1148 1647 Aut
1170 1604 1203 1647 si
1225 1603 1510 1647 ecclesiastica
1526 1601 1711 1662 judicia,

313 1688 412 1730 quae
442 1673 560 1731 prius
582 1672 697 1716 facta
717 1672 879 1716 fuerint
896 1707 906 1726 ,
927 1675 1019 1732 jam
1049 1673 1231 1717 convelli
1255 1689 1343 1717 non
1365 1681 1548 1732 possunt
1569 1694 1580 1730 3
1604 1672 1715 1732 quid

313 1742 366 1785 de
391 1743 608 1787 Primiano
629 1743 794 1787 facturi
818 1744 918 1787 estis
945 1753 1087 1788 vestro
1114 1745 1316 1803 episcopo
1348 1744 1710 1801 Carthaginensi,

312 1822 461 1856 eontra
480 1828 611 1873 quem
635 1813 774 1871 primo
796 1821 974 1857 centum
998 1815 1030 1867 ²,
1052 1814 1197 1873 plures
1216 1814 1369 1874 utique
1387 1828 1520 1873 quam
1535 1812 1591 1857 de
1612 1815 1715 1858 Cae-

312 1882 468 1927 ciliano
498 1882 839 1943 judicaverunt,
879 1884 1006 1943 eique
1035 1884 1245 1943 abrogato
1277 1885 1529 1944 episcopatu
1559 1884 1704 1929 Maxi-

313 1954 506 1997 mianum
537 1969 616 2013 pro
638 1954 714 1998 illo
738 1955 1061 1999 constituerunt
1079 1957 1093 1980 ³
1113 1957 1130 1999 Ξ)
1148 1957 1303 2001 Nonne
1338 1955 1582 1999 Primianus
1604 1969 1710 2013 pos-

314 2025 471 2068 teriore
488 2024 655 2083 judicio
679 2025 848 2079 nititur,
874 2025 995 2084 quod
1018 2040 1096 2084 pro
1118 2024 1193 2069 illo
1211 2026 1375 2069 factum
1393 2033 1458 2069 est
1479 2025 1523 2068 in
1545 2024 1712 2084 oppido

317 2095 558 2152 Baga'iensi,
583 2094 826 2139 secundum
848 2094 1197 2154 quodjudicium
1222 2110 1311 2140 non
1341 2094 1436 2138 vult
1457 2093 1512 2138 de
1527 2109 1571 2138 se
1588 2094 1714 2139 dubi-

314 2165 411 2218 tari,
438 2164 513 2208 sed
537 2166 592 2208 ab
611 2165 816 2209 omnibus
838 2166 961 2209 vobis
983 2181 1027 2209 se
1046 2175 1274 2224 extorquet
1290 2165 1490 2209 absolvi?
1520 2163 1645 2208 Unde
1669 2173 1714 2209 et

313 2249 390 2279 nos
402 2236 642 2279 secundum
659 2236 872 2293 posterius
887 2236 1184 2281 deCaeciliano
1193 2235 1407 2295 judicium
1423 2249 1596 2293 prorsus
1610 2249 1713 2278 eum

313 2306 614 2350 incunctanter
634 2307 914 2351 absolvimus.
929 2308 1097 2352 Sufficit
1121 2316 1267 2351 tamen
1286 2306 1341 2350 ad
1359 2320 1550 2360 causam,
1567 2306 1603 2350 si
1623 2306 1709 2350 hoc

313 2376 367 2419 de
386 2377 460 2421 ilio
478 2377 673 2421 dicamus
693 2411 704 2432 ‚
726 2376 847 2437 quod
876 2385 926 2421 tu
946 2378 1000 2421 de
1019 2379 1180 2436 Optato
1203 2376 1375 2422 dixisti:
1405 2379 1492 2422 Nos
1514 2374 1714 2421 Caecilia-

315 2461 422 2490 num
445 2462 522 2491 nec
544 2447 809 2492 absolvimus
829 2481 840 2503 ‚
867 2462 947 2492 nec
969 2447 1243 2492 damnamus.
1274 2447 1474 2491 Viderint
1509 2446 1572 2490 ini
1592 2480 1603 2501 ‚
1634 2461 1712 2491 seu

362 2547 370 2562 ¹
406 2544 581 2574 Romanum
606 2544 760 2576 videlicet
790 2548 822 2576 et
849 2543 1052 2577 Aretatense.
1068 2561 1109 2568 -
1127 2550 1139 2566 ²
1169 2545 1203 2576 In
1222 2543 1485 2577 cabarsussitano
1502 2541 1650 2576 concilio.
1668 2556 1710 2566 —

318 2595 330 2619 3
347 2598 424 2629 Vide
443 2600 586 2630 Enni-rat.
610 2600 638 2630 in
654 2599 732 2632 psal.
753 2611 849 2637 xxxii,
870 2602 973 2632 Sei-in.
993 2611 1027 2641 n,
1043 2611 1129 2632 num.
1152 2608 1201 2632 20.
