1825 3264
317 250 399 290 420
740 256 773 287 S.
809 256 1038 287 ιιι-00511111
1071 259 1249 286 EPISCOPI

374 326 528 369 XLVI.
569 320 733 367 Deinde
759 337 1099 367 commemorans
1125 322 1256 366 etiam
1283 321 1427 366 nescio
1449 335 1558 381 quos
1577 334 1694 364 mor-

315 404 412 439 tuos
429 428 440 447 ,
483 407 592 452 quos
620 407 643 435 a
675 392 830 437 nostris
859 392 963 436 dicis
992 392 1152 437 occisos
1170 426 1182 447 ,
1210 401 1418 451 tanquam
1454 392 1499 434 in
1540 405 1693 448 campo

314 462 533 507 facundiae
554 471 642 506 tuae
665 462 829 521 positus
851 462 1054 506 latissime
1079 476 1309 521 exaggeras
1330 461 1476 506 locum
1496 495 1506 516 ,
1533 461 1578 504 in
1605 474 1694 520 quo

314 532 436 577 vobis
463 531 669 576 videmini
696 531 853 576 similes
880 541 1122 590 martyrum
1148 553 1158 589 3
1190 546 1290 576 cum
1312 530 1507 590 quotidie
1528 538 1695 575 vestro-

315 618 411 646 rum
434 601 736 646 incredibililia
758 602 975 661 patiamur
993 601 1105 646 sacta
1122 601 1388 646 Clericorum
1409 635 1420 656 ,
1441 610 1484 646 et
1499 600 1697 645 Circum-

313 672 544 718 cellionum
566 708 576 728 ,
602 673 741 718 multo
761 675 905 733 pejora
922 689 1054 733 quam
1076 672 1373 733 quorumlibet
1389 671 1608 717 latronum
1631 679 1697 714 at—

312 760 397 803 que
420 743 693 803 praedonum.
717 747 915 804 Namque
928 743 1154 789 horrendis
1170 743 1321 788 armati
1333 745 1545 803 cujusque
1562 756 1695 801 gene-

313 815 369 858 ris
396 814 519 869 telis,
554 814 802 858 terribiliter
834 815 1058 873 vagando,
1094 830 1181 860 non
1220 815 1318 859 dico
1346 813 1692 866 eeclesiasticam,

311 884 386 929 sed
408 885 545 944 ipsam
566 886 803 929 humanam
825 886 1015 944 quietem
1037 900 1274 944 pacemque
1292 885 1572 944 perturbant,
1588 897 1696 926 noc-

313 956 451 998 turnis
494 955 838 1013 aggressionibus
880 955 1135 998 clericorum
1176 954 1488 998 catholicorum
1530 953 1697 997 invasas

312 1024 465 1068 domos
487 1025 628 1068 nudas
646 1033 776 1083 atque
793 1025 942 1068 inanes
957 1024 1269 1083 derelinquunt
1288 1042 1298 1068 z
1318 1024 1430 1082 ipsos
1447 1023 1576 1067 etiam
1595 1037 1697 1080 rap-

311 1101 377 1137 tos
399 1102 442 1137 et
458 1094 646 1137 fustibus
668 1102 817 1136 tunsos
834 1127 844 1146 ,
870 1092 1073 1153 ferroque
1091 1094 1283 1138 concisos
1304 1128 1314 1147 ,
1341 1092 1567 1137 semivivos
1588 1091 1697 1150 abji-

311 1164 448 1207 ciunt.
477 1167 658 1223 Insuper
683 1179 797 1208 novo
819 1172 863 1206 et
885 1173 984 1207 ante
1006 1164 1088 1207 hac
1109 1163 1308 1208 inaudito
1329 1162 1498 1208 sceleris
1521 1176 1692 1220 genere,

310 1232 445 1278 oculis
469 1248 620 1278 eorum
641 1234 802 1278 calcem
827 1242 948 1277 aceto
969 1234 1181 1292 permixto
1199 1233 1482 1277 infundentes
1500 1241 1542 1276 et
1562 1231 1697 1275 infer-

310 1305 492 1360 tientes,
531 1320 640 1364 quos
669 1304 852 1348 evellere
886 1304 1147 1362 compendio
1181 1313 1406 1363 poterant,
1452 1303 1696 1347 excruciare

309 1375 494 1433 amplius
521 1375 689 1433 eligunt
723 1390 854 1433 quam
888 1374 1015 1418 citius
1041 1389 1271 1418 excaecare.
1299 1377 1407 1419 Nam
1438 1374 1577 1433 primo
1600 1382 1697 1417 tan-

309 1454 404 1489 tum
426 1445 542 1490 calce
564 1444 620 1489 ad
642 1446 724 1490 hoc
751 1444 917 1489 facinus
939 1445 1177 1489 utebantur
1199 1480 1209 1501 ,
1242 1445 1317 1489 sed
1341 1454 1621 1504 posteaquam
1639 1444 1696 1488 il·-

307 1513 372 1558 los
387 1515 547 1574 quibus
560 1516 643 1559 11οο
656 1513 850 1558 facerant
861 1549 871 1568 ,
893 1514 980 1559 cito
996 1514 1179 1559 salutem
1194 1529 1410 1574 reparasse
1427 1514 1692 1569 didicerunt,

308 1593 480 1628 acetum
499 1584 779 1628 addiderunt.

368 1656 546 1697 XLVII.
573 1654 738 1698 Omitto
761 1663 860 1698 ante
878 1664 1041 1712 quanta
1060 1654 1392 1709 commiserunt,
1422 1653 1581 1713 quibus
1601 1667 1695 1697 eas-

308 1723 407 1766 dem
430 1722 543 1780 leges
566 1724 769 1767 adversus
792 1738 981 1767 errorem
1003 1733 1192 1767 vestrum
1217 1723 1422 1767 constitui
1441 1727 1692 1781 coegerunt,

309 1793 442 1851 magis
464 1794 695 1837 christiana
722 1793 1055 1838 mansuetudine
1080 1803 1338 1852 temperatas
1355 1827 1365 1847 ,
1390 1809 1521 1852 quam
1543 1794 1588 1836 in
1606 1803 1694 1837 tam

307 1878 464 1921 magna
494 1863 654 1907 scelera
686 1865 729 1908 vi
758 1865 939 1922 congrui
970 1864 1127 1922 vigoris
1157 1873 1336 1907 exertas.
1359 1863 1598 1922 Episcopus
1621 1878 1694 1906 ca·-

308 1932 494 1977 tholicus
516 1949 539 1976 a
560 1933 948 1977 Thubursicuburc
975 1936 1129 1977 Servus
1152 1933 1343 1987 nomine,
1375 1947 1476 1976 curn
1499 1932 1695 1977 invasum

308 2017 331 2044 a
365 2002 514 2045 vestris
536 2001 682 2045 locum
706 2011 945 2061 repeteret,
973 2011 1016 2046 et
1039 2002 1266 2060 utriusque
1289 2001 1420 2059 partis
1442 2010 1696 2060 procurato-

309 2086 374 2114 res
401 2071 710 2129 proconsulare
738 2070 1091 2130 praestolarentur
1119 2086 1317 2125 examen,
1344 2080 1520 2130 repente
1549 2071 1628 2114 sibi
1651 2071 1696 2114 in

310 2139 471 2198 oppido
508 2149 748 2184 memorato
785 2142 935 2184 vestris
970 2141 1144 2184 armatis
1181 2141 1448 2184 irruentibus
1474 2141 1544 2184 vix
1573 2141 1696 2184 vivus

311 2209 496 2267 aufugit.
525 2214 557 2254 Α
578 2210 736 2268 quibus
758 2219 878 2267 pater
900 2210 992 2268 ejus
1016 2209 1255 2267 presbyter,
1281 2218 1407 2252 aetate
1429 2224 1478 2253 ac
1504 2210 1696 2253 moribus

311 2279 466 2336 gravis,
505 2294 552 2322 ea
590 2279 709 2323 caede
739 2294 825 2337 qua
858 2279 1137 2322 vehementer
1154 2277 1341 2322 afflictus
1367 2288 1446 2333 est,
1476 2287 1574 2337 post
1606 2277 1696 2321 dies

311 2362 471 2405 paucos
505 2349 683 2392 excessit
711 2363 734 2391 e
755 2348 857 2392 vita.
890 2347 1176 2391 Maximianus
1204 2348 1430 2406 episcopus
1459 2347 1697 2392 catholicus

312 2419 555 2475 Bagaiensis
567 2453 581 2472 ,
608 2418 722 2462 dicta
745 2419 855 2461 inter
877 2426 1017 2476 partes
1034 2416 1260 2476 judiciaria
1284 2419 1494 2462 sententia
1513 2452 1523 2472 ,
1551 2417 1695 2461 basili-

313 2502 406 2529 cam
430 2486 556 2531 fundi
578 2488 869 2532 Calvianensis
893 2488 1105 2541 evicerat,
1131 2503 1260 2546 quam
1289 2489 1418 2531 vestri
1446 2487 1592 2532 illicite
1614 2486 1695 2530 ali-

313 2556 487 2613 quando
506 2567 817 2616 usurpaverant
839 2577 847 2602 ;
865 2558 978 2601 113110
995 2572 1093 2602 011111
1109 2558 1206 2616 jure
1226 2558 1451 2617 perspicuo
1472 2559 1690 2612 retineret,
