1825 3264
375 231 454 270 134
804 243 837 268 s.
873 239 1104 268 Auens-nm
1136 241 1316 270 zmscom

371 314 391 340 »
427 294 633 348 ricordia,
661 304 704 337 et
725 302 878 353 arguet
909 308 980 338 me
1005 314 1015 352 3
1042 292 1186 338 oleum
1218 302 1363 338 autem
1394 293 1632 353 peccatoris
1663 309 1753 340 non

367 386 386 407 »
424 364 716 425 impinguabit
732 374 863 424 caput
885 367 1072 410 meum¹.
1093 383 1112 405 »
1130 363 1247 418 Quid
1269 364 1474 424 planius?
1495 363 1612 418 Quid
1628 380 1753 425 aper-

361 437 478 480 tius?
499 435 646 480 Malim
661 471 672 491 ,
694 435 865 497 inquit,
884 452 954 480 me
972 435 1239 480 misericordi
1261 435 1570 495 objurgatione
1589 437 1748 493 sanari,

361 522 495 567 quam
522 506 682 551 blanda
712 507 964 552 adulatione
987 517 1196 566 tanquam
1220 506 1326 550 mihi
1346 515 1478 566 caput
1499 515 1723 566 unguatur
1738 541 1750 563 ‚

360 579 502 638 decipi
525 588 655 638 atque
677 579 880 638 perverti.
917 579 1007 624 Sub
1039 578 1129 622 aliis
1165 578 1308 623 verbis
1336 578 1427 637 ipsa
1449 578 1663 623 sententia
1687 587 1752 624 est

359 649 464 695 alibi
491 651 813 709 Scripturarum
838 670 847 697 ς
874 670 890 690 «
917 649 1098 695 Meliora
1116 658 1217 694 sunt
1238 649 1421 694 vulnera
1439 649 1588 705 amici,
1614 664 1751 709 quam

362 738 382 762 »
418 719 662 765 voluntaria
687 721 834 766 oscula
853 720 1018 765 inimici
1040 724 1071 763 ².
1105 740 1121 761 »

419 792 745 836 CCXXXVIII.
772 796 1002 836 ΡΕτιιιΑΝι
1015 810 1032 836 s
1047 789 1155 835 dixit
1173 809 1182 836 :
1200 791 1510 849 «Unguentum
1526 804 1628 834 vero
1651 804 1757 835 con-

355 860 515 906 cordiae
529 861 587 905 sic
606 862 649 904 in
670 860 875 906 fratribus
894 860 1044 906 laudat
1058 880 1066 906 :
1078 880 1098 903 «
1114 864 1227 906 Ecce
1240 875 1372 921 quam
1385 860 1549 904 bonum
1565 868 1608 905 et
1621 875 1754 921 quam

362 949 382 972 »
414 931 679 990 jucundum,
699 932 894 976 habitare
913 932 1065 976 fratres
1087 933 1132 976 in
1156 934 1544 991 unum.Tanquam
1563 945 1760 989 unguen·

362 1021 381 1044 »
421 1011 513 1046 tum
537 1002 582 1045 in
600 1003 755 1061 capite,
783 1004 902 1063 quod
925 1001 1151 1048 descendit
1172 1002 1217 1046 in
1241 1002 1437 1052 barbam,
1465 1002 1647 1047 barbam
1672 1005 1758 1046 Aa·

364 1093 382 1115 »
418 1074 639 1132 r0n‚quod
663 1075 888 1119 descendit
918 1075 962 1118 in
985 1089 1104 1118 oram
1128 1074 1374 1118 vestimenti
1396 1074 1513 1133 ejus:
1546 1072 1658 1117 sicut
1687 1088 1757 1118 ros
1781 1094 1785 1102 ¹

359 1162 379 1186 »
416 1146 624 1198 Hermon,
651 1145 727 1205 qui
753 1144 979 1189 descendit
1011 1145 1056 1188 in
1078 1152 1274 1188 montem
1305 1144 1423 1189 Sion.
1451 1143 1672 1197 Quoniam
1696 1143 1758 1188 ibi

362 1232 383 1256 ι)
418 1214 643 1259 mandavit
670 1215 879 1260 Dominus
909 1214 1279 1269 benedictionem,
1308 1223 1351 1258 et
1372 1214 1507 1259 vitam
1540 1228 1681 1275 usque
1712 1213 1758 1257 in

364 1303 384 1327 »
420 1284 629 1328 saeculum
655 1286 686 1328 3.
726 1303 745 1326 »
775 1285 867 1345 Sic,
894 1285 1057 1345 inquit,
1081 1284 1295 1343 unguitur
1315 1284 1476 1337 unitaS,
1503 1284 1614 1328 sicut
1637 1284 1760 1328 uncti

360 1364 464 1400 sunt
485 1355 743 1400 sacerdotes.

423 1427 707 1471 CCXXXIX.
730 1429 1009 1472 Ancusnnus
1039 1424 1268 1485 respondit
1291 1444 1300 1470 :
1326 1427 1489 1470 Verum
1510 1424 1632 1470 dicis.
1653 1427 1760 1471 Nam

358 1495 473 1540 illud
491 1495 780 1541 sacerdotium
810 1498 855 1541 in
880 1497 1018 1556 figura
1042 1496 1233 1555 corporis
1255 1496 1415 1541 Christi
1438 1496 1628 1541 habebat
1649 1511 1761 1542 unc-

365 1568 527 1612 tionem
544 1602 554 1622 ,
591 1567 711 1627 quod
739 1569 917 1613 unitatis
942 1582 1152 1627 compage
1182 1567 1231 1610 fit
1255 1566 1439 1611 salvum.
1469 1569 1578 1612 Nam
1602 1576 1646 1611 et
1671 1568 1762 1628 ipse

363 1637 562 1683 Christus
584 1653 606 1681 a
625 1638 854 1682 chrismate
872 1637 1133 1698 appellatur,
1157 1637 1201 1682 id
1219 1646 1297 1693 est,
1318 1637 1373 1681 ab
1387 1638 1609 1683 unctione.
1635 1641 1762 1683 Hunc

367 1707 541 1751 Hebraei
568 1707 722 1753 dicunt
755 1709 952 1754 Messiam
972 1743 983 1763 ,
1020 1708 1141 1770 quod
1178 1709 1360 1754 verbum
1392 1709 1568 1754 Punicae
1599 1708 1764 1768 linguae

364 1794 606 1823 consonum
629 1789 720 1834 est,
755 1780 865 1824 sicut
896 1780 979 1825 alia
1009 1780 1193 1824 Hebraea
1221 1779 1439 1839 permulta
1468 1789 1512 1826 et
1541 1795 1652 1839 pene
1673 1794 1764 1824 om-

364 1849 450 1893 nia.
478 1848 592 1902 Quid
615 1859 678 1893 est
700 1865 799 1908 ergo
826 1851 872 1895 in
899 1850 976 1895 illo
1009 1849 1250 1895 sacerdotio
1277 1859 1434 1910 caput,
1459 1851 1569 1911 quid
1595 1849 1732 1895 barba
1749 1883 1760 1904 ,

363 1919 471 1979 quid
497 1935 571 1963 ora
597 1921 868 1965 vestimenti?
890 1923 1115 1975 Quantum
1138 1920 1273 1965 donat
1295 1921 1504 1966 Dominus
1526 1930 1577 1966 ut
1602 1919 1764 1964 intelli·
1796 1969 1801 1975 ,

365 2005 461 2049 gam
482 2026 492 2046 ,
519 2001 649 2050 caput
675 2002 738 2036 est
757 1993 847 2051 ipse
873 1991 1068 2038 Salvator
1087 1993 1278 2052 corporis
1294 2027 1305 2046 ,
1332 1991 1387 2036 de
1413 2008 1503 2052 quo
1532 1991 1766 2052 Apostolus

363 2059 498 2106 dicit:
524 2080 541 2101 «
566 2065 621 2106 Et
649 2063 738 2121 ipse
764 2073 827 2107 est
855 2073 986 2123 caput
1022 2063 1214 2124 corporis
1243 2062 1490 2108 Ecclesiae4.
1515 2081 1535 2105 »
1564 2067 1645 2109 Per
1666 2063 1764 2107 bar-

363 2129 462 2174 bam
484 2147 572 2175 non
591 2133 830 2192 incongrue
854 2133 1067 2178 fortitudo
1085 2133 1361 2192 intelligitur.
1389 2137 1505 2193 Ergo
1523 2135 1578 2179 ad
1599 2149 1671 2179 eos
1690 2133 1767 2193 qui

365 2209 467 2246 sunt
485 2199 615 2245 fortes
639 2204 682 2247 in
706 2204 898 2248 Ecclesia
921 2205 1034 2265 ejus,
1056 2213 1098 2248 et
1116 2203 1342 2248 adhaerent
1364 2205 1427 2248 ori
1447 2206 1539 2265 ejus
1560 2239 1570 2259 ,
1607 2213 1656 2249 ut
1677 2204 1785 2248 sine‘

366 2272 522 2316 timore
547 2272 785 2332 praedicent
814 2275 1038 2318 veritatem
1056 2309 1066 2328 ‚
1093 2275 1148 2318 ab
1184 2275 1277 2334 ipso
1306 2276 1480 2320 Christo
1510 2285 1720 2336 tanquam
1742 2283 1789 2320 a'

367 2343 507 2402 capite
529 2353 727 2388 sanctum
749 2345 972 2390 descendit
993 2355 1286 2405 unguentum,
1311 2346 1354 2391 id
1377 2356 1456 2402 est,
1481 2346 1765 2392 sanctificatio

367 2413 582 2472 spiritalis.
611 2418 700 2460 Ora
726 2418 974 2462 vestimenti
998 2418 1091 2462 haec
1115 2417 1245 2462 datur
1273 2418 1478 2477 intelligi,
1504 2434 1604 2479 quae
1624 2418 1669 2463 in
1691 2433 1764 2463 ca-

416 2521 424 2536 ·
446 2514 526 2546 Psal.
555 2526 632 2556 exn,
665 2518 693 2548 5.
712 2534 753 2542 -τ
770 2525 782 2542 ²
810 2520 903 2551 prov.
934 2529 1020 2552 xxvn
1035 2542 1043 2558 ‚
1069 2518 1101 2551 6.
1121 2536 1161 2543 —
1185 2517 1198 2542 3
1221 2519 1299 2552 Psal.
1331 2530 1461 2556 Cxxxn,
1488 2531 1515 2553 ι.
1536 2536 1577 2544 —-
1592 2519 1609 2550 4
1643 2519 1762 2553 Coloss.
1783 2513 1786 2517 ’

368 2580 393 2607 1,
414 2572 462 2602 18.
