1825 3264
25 3150 42 3264 ‘i

532 269 585 295 nn
619 265 806 295 ι’ΝιΤΔΤΕ
841 266 1053 296 EchnsiAE.
1401 256 1484 294 265

104 336 222 393 Tyri,
237 334 483 395 quiaTyrus
497 335 562 391 (1)
577 333 794 391 Carthago
813 335 1116 391 cognominata
1131 342 1313 393 est,quae
1326 333 1370 377 in
1386 349 1486 377 eum

102 422 178 466 per
200 404 472 450 Ezechielem
492 405 834 464 prophetantur?
850 404 932 448 Ubi
954 420 1055 449 eum
1073 407 1261 449 maxime
1275 405 1485 463 designat,

99 477 221 538 quod
245 478 285 521 ei
308 477 468 521 dicitur
501 496 509 522 :
539 496 558 518 «
585 475 821 520 Ostendam
857 476 936 519 tibi
968 477 1069 536 quia
1105 477 1237 521 homo
1265 492 1309 520 es
1331 486 1374 521 et
1400 491 1489 521 non

103 567 123 590 »
150 552 262 592 Deus
280 551 310 592 ¹.
339 567 359 590 »
385 549 458 592 Isti
474 548 588 592 enim
606 547 660 591 de
679 548 806 607 hujus
827 548 962 606 magis
980 563 1111 607 quam
1134 546 1189 591 de
1215 548 1288 591 Dei
1311 547 1490 591 nomine

102 618 358 678 gloriantur.
378 621 546 663 Etcum
560 618 675 662 solus
696 621 809 662 Deus
831 618 922 662 sine
939 628 1119 677 peccato
1137 618 1207 672 sit,
1233 627 1275 662 et
1292 618 1489 663 sacerdos

100 689 172 733 ille
193 690 269 749 qui
287 688 534 748 interpellat
557 704 634 748 pro
658 688 798 743 nobis,
824 690 926 748 quia
948 698 991 733 et
1009 689 1063 733 de
1090 689 1184 748 ipso
1206 689 1370 733 dictum
1394 697 1457 732 est
1479 708 1488 733 :

105 779 125 802 «
158 761 243 813 Qui
262 770 324 804 est
339 776 468 820 super
487 761 631 804 omnia
657 763 770 804 Deus
784 758 1039 804 benedictus
1062 761 1106 803 in
1127 759 1285 804 saecula
1299 763 1315 785 '²
1341 778 1350 804 z
1382 778 1399 800 υ
1422 759 1490 804 isti

101 832 258 875 Donati
273 831 510 876 imitatores
522 832 579 875 ita
595 832 686 875 sine
704 840 883 890 peccato
895 846 939 875 se
956 830 1110 875 volunt
1126 829 1278 883 videri,
1297 839 1347 873 ut
1362 830 1492 873 etiam

97 902 400 961 justificatores
436 903 664 946 hominum
687 917 731 946 se
753 912 959 957 asserant,
986 912 1028 946 et
1049 917 1176 946 suum
1204 900 1348 945 oleum
1373 901 1493 960 quod

100 988 188 1017 non
220 973 274 1017 sit
302 973 448 1017 oleum
480 976 732 1033 peccatoris.
760 974 918 1018 Merito
949 973 1108 1018 dicitur
1134 971 1318 1032 principi
1355 971 1488 1029 Tyri:

104 1061 124 1084 «
170 1043 340 1097 Dixisti,
369 1046 480 1088 Deus
504 1059 599 1088 sum
626 1063 634 1088 :
660 1059 702 1087 es
734 1053 880 1087 autem
904 1045 1053 1099 homo,
1080 1053 1123 1088 et
1146 1059 1235 1088 non
1262 1046 1372 1086 Deus
1395 1043 1430 1101 ⁸..
1468 1059 1487 1082 »

98 1116 188 1158 Cur
205 1115 334 1158 etiarn
357 1114 516 1159 dieitur
536 1134 545 1160 ι
566 1115 824 1174 «Numquid
843 1124 892 1159 tu
911 1115 1065 1160 melior
1082 1130 1213 1175 quam
1229 1110 1411 1158 ‘Daniel⁴
1430 1113 1447 1156 Ξ)
1468 1130 1487 1153 »

96 1185 341 1229 Confitetur
353 1185 468 1228 enim
492 1185 641 1229 Daniel
657 1194 832 1244 peccata
846 1201 939 1240 sua,
956 1194 998 1228 et
1015 1194 1191 1245 peccata
1209 1183 1361 1243 populi
1380 1183 1487 1227 sui⁵:

97 1254 167 1299 isti
199 1265 343 1299 autem
368 1257 636 1315 pertinentes
660 1257 712 1299 ad
731 1256 969 1315 principem
998 1257 1129 1314 Tyri,
1150 1255 1248 1300 ideo
1270 1271 1314 1298 se
1339 1254 1493 1298 dicunt

96 1335 267 1370 orantes
291 1326 429 1370 audiri
454 1343 532 1386 pro
559 1328 744 1385 peccatis
766 1326 914 1386 populi
935 1362 946 1380 ,
971 1327 1072 1386 quia
1093 1327 1174 1385 ipsi
1198 1326 1288 1369 sine
1312 1333 1491 1384 peccato

95 1405 211 1440 sunt.
240 1398 396 1441 Merito
426 1397 588 1442 dicitur
610 1398 796 1457 principi
823 1398 951 1455 Tyri:
981 1417 998 1438 «
1021 1396 1246 1456 Numquid
1266 1405 1313 1438 tu
1338 1393 1492 1438 melior

101 1482 264 1527 »quain
290 1467 437 1512 Daniel
452 1470 469 1510 ‘3
484 1471 621 1513 »Ecce
645 1484 722 1512 nos
747 1483 973 1527 possumus
994 1468 1190 1512 invenire
1206 1465 1372 1525 aliquid
1385 1480 1490 1524 pro-

95 1539 256 1597 prium,
282 1549 325 1583 et
348 1540 430 1583 hoc
465 1539 628 1583 malum
651 1539 887 1583 maximum
923 1554 946 1583 a
971 1538 1114 1598 capite
1136 1536 1309 1591 Africae,
1346 1536 1389 1579 id
1408 1544 1488 1590 est,

95 1609 357 1667 Carthagine
385 1619 597 1654 exortum.
637 1612 809 1654 Norunt
830 1610 945 1653 enirn
979 1609 1177 1653 homines
1216 1622 1349 1667 quam
1384 1622 1492 1651 con-

98 1690 304 1737 gruenter
324 1682 462 1737 Tyrus
474 1696 552 1739 pro
566 1681 828 1739 Carthagine
843 1680 1070 1739 accipitur,
1083 1689 1126 1724 et
1144 1688 1288 1723 tamen
1305 1693 1391 1721 non
1407 1678 1492 1735 agi·

96 1765 193 1794 mus
228 1750 387 1795 talibus
413 1773 424 1809 3
455 1750 643 1796 fortassis
675 1752 790 1795 enim
816 1751 979 1811 aliquid
1008 1750 1125 1796 aliud
1160 1749 1373 1810 significet
1405 1752 1491 1806 Ty-

96 1835 167 1864 rus
199 1840 208 1865 z
234 1831 401 1880 quanto
423 1822 558 1880 magis
582 1823 799 1877 meridies,
825 1838 925 1866 cum
949 1823 1098 1882 etipsa
1122 1822 1253 1867 verba
1273 1822 1328 1865 ad
1357 1819 1488 1864 alium

92 1900 258 1950 cogant
277 1892 585 1937 intellectum?

151 1965 312 2006 XLIII.
367 1964 450 2007 Sed
489 1979 620 2022 quam
651 1980 739 2008 non
768 1964 1075 2022 permittantur
1106 1962 1257 2006 saltem
1295 1976 1491 2021 quaerere

94 2032 261 2092 aliquid
294 2048 382 2092 quo
406 2035 593 2092 probent
616 2050 705 2078 esse
736 2034 1012 2092 praedictum,
1039 2032 1340 2077 deficientibus
1359 2048 1381 2076 a
1404 2032 1489 2075 fide

92 2104 325 2147 christiana
344 2104 510 2148 creteris
540 2105 742 2162 gentibus
758 2140 768 2158 ‚
801 2105 843 2147 in
878 2103 967 2149 sola
988 2104 1132 2148 Africa
1155 2103 1393 2148 Ecclesiam
1419 2118 1489 2146 re-

95 2188 340 2219 mansuram
367 2195 375 2220 :
417 2175 647 2219 attendant
670 2175 780 2219 illud
813 2177 933 2235 quod
969 2191 1081 2235 saepe
1114 2174 1486 2219 commemoravi:

96 2264 116 2287 «
146 2248 338 2306 Utraque
358 2263 548 2292 crescere
560 2263 698 2308 usque
720 2247 774 2291 ad
798 2263 995 2302 messem,
1013 2256 1056 2291 et
1078 2262 1228 2305 agrum
1247 2262 1336 2290 esse
1358 2261 1489 2290 mun-

95 2333 114 2356 »
142 2317 248 2360 dum
269 2353 279 2371 ,
320 2333 500 2362 messem
532 2319 664 2362 finem
697 2317 873 2373 saeculi,
913 2338 932 2359 »
968 2334 1056 2362 non
1093 2319 1218 2361 nobis
1240 2353 1250 2371 ,
1292 2316 1367 2361 sed
1396 2317 1488 2375 ipso

95 2388 278 2432 Domino
296 2389 611 2447 interpretante
634 2389 899 2448 parabolam.
919 2392 995 2433 Est
1014 2399 1056 2433 et
1074 2389 1190 2432 aliud
1215 2387 1486 2432 evidentissi-

92 2472 230 2512 mum,
257 2459 378 2519 quod
404 2460 462 2503 eis
484 2461 663 2504 omnino
687 2459 854 2504 auferat
886 2459 1079 2504 laborem
1112 2458 1336 2519 quaerendi
1370 2457 1487 2503 unde

143 2565 148 2580 ¹
173 2560 288 2592 Ezech.
309 2572 416 2600 xxviii,
437 2574 468 2603 9.
489 2569 550 2585 —2
570 2564 658 2595 Rom.
681 2573 723 2595 ix,
745 2561 852 2594 5.-3
876 2561 955 2593 Psal.
971 2572 1040 2602 cu„
1060 2560 1167 2595 5.-4
1184 2559 1299 2594 Ezech.
1320 2572 1431 2601 xxviii,
1454 2562 1482 2594 3.

92 2616 206 2647 —Dan
226 2626 280 2657 .1x‚
299 2625 350 2650 20.
371 2615 384 2639 5
