1825 3264
334 251 416 289 268
778 256 810 284 s.
850 257 1076 286 norsum
1109 259 1287 287 tmscom

332 327 452 387 quod
475 332 565 368 erat
589 338 662 382 per
688 323 917 382 Apostolos
944 324 1203 368 seminatum
1223 359 1234 378 ,
1259 332 1302 367 et
1334 323 1432 367 ideo
1457 337 1546 367 esse
1578 337 1725 367 rursus

332 413 383 441 ex
401 395 544 441 Africa
568 395 874 440 seminandum
898 431 908 449 ,
933 394 1268 455 respondebitur
1290 414 1298 438 :
1325 394 1474 452 Legite
1493 393 1618 438 nobis
1642 394 1725 438 hoc

331 483 383 510 ex
413 465 571 509 divinis
594 464 790 510 Oraculis
818 485 826 510 :
862 465 982 526 quod
1006 466 1202 525 profecto
1231 463 1376 523 legere
1408 479 1497 508 non
1531 465 1722 523 potestis,

330 538 409 581 nisi
428 537 547 597 prius
577 538 851 582 ostenderitis
883 537 1040 581 falsum
1061 552 1150 580 esse
1172 536 1293 596 quod
1317 535 1525 594 scriptum
1555 544 1634 589 est,
1655 549 1724 578 se-

329 624 429 653 men
452 607 539 653 illic
561 618 661 652 ante
683 609 942 653 seminatum
978 628 998 650 «
1023 623 1213 653 crescere
1234 621 1374 666 usque
1399 606 1454 650 ad
1480 620 1678 650 messem.
1700 623 1720 647 »

328 681 383 723 Et
420 681 522 739 quia
555 679 678 724 nullo
714 689 840 738 pacto
870 680 950 724 sibi
989 680 1135 723 divina
1167 678 1340 738 eloquia
1376 675 1684 722 contradicunt
1708 711 1719 731 ‚
1768 682 1771 683 ⁷

328 749 450 793 nullo
474 749 604 794 modo
622 750 667 793 in
690 750 748 793 eis
771 750 998 794 invenietis
1015 785 1025 804 ,
1052 748 1174 810 quod
1191 758 1342 794 contra
1366 749 1448 793 hoc
1470 756 1559 792 tam
1580 746 1722 791 mani-

326 819 484 864 festum
518 820 700 864 recitare
742 820 926 880 possitis.
967 824 1116 864 Restat
1144 836 1246 878 ergo
1282 829 1329 864 ut
1360 834 1449 863 non
1479 834 1530 863 ex
1566 816 1721 862 divinis

326 891 464 935 Libris
485 927 496 946 ‚
529 891 604 935 sed
624 907 675 935 ex
705 891 826 936 vobis
849 892 927 935 ista
952 890 1118 935 dicatis.
1147 889 1334 935 Proinde
1357 889 1603 947 dignissime
1630 903 1721 933 res-

325 961 593 1020 pondebitur
616 981 625 1006 2
652 963 896 1006 Anathema
919 962 1023 1006 sitis.
1046 965 1213 1005 Tenent
1231 961 1347 1004 enim
1372 960 1575 1005 Eeclesiae
1593 975 1720 1019 apos-

324 1031 454 1076 tolico
485 1032 635 1076 labore
653 1032 866 1087 fundatae,
892 1047 993 1076 cum
1027 1041 1190 1091 quanta
1213 1047 1317 1075 cura
1350 1031 1431 1075 sibi
1458 1031 1720 1090 praedictum

323 1104 375 1146 sit
400 1123 408 1147 :
432 1123 450 1144 «
485 1105 525 1148 Si
549 1104 646 1163 quis
667 1104 788 1147 vobis
812 1103 1173 1162 evangelizaverit
1196 1111 1486 1162 praeterquam
1505 1100 1626 1161 quod
1649 1117 1714 1146 ac-

329 1189 345 1208 »
372 1168 562 1226 cepistis,
591 1169 823 1212 anathema
847 1169 900 1212 sit
923 1171 981 1211 ².»

380 1240 537 1282 XLVI.
581 1239 796 1292 Quoniam
830 1239 961 1296 igitur
1002 1239 1047 1282 in
1084 1238 1314 1297 Scripturis
1344 1238 1500 1282 sanctis
1532 1235 1723 1281 Ecclesia

320 1309 551 1353 manifeste
567 1310 859 1367 cognoscitur,
885 1309 1094 1367 incipiens
1119 1310 1173 1352 ab
1197 1309 1454 1363 Jerusalem,
1471 1317 1513 1352 et
1528 1323 1604 1367 per
1618 1307 1722 1352 alias

320 1388 470 1437 gentes
492 1394 702 1433 crescens,
722 1380 861 1424 donec
879 1394 1027 1424 omnes
1051 1388 1236 1438 occupet
1262 1378 1455 1438 usquein
1481 1378 1614 1421 finem
1638 1393 1721 1422 sae-

320 1450 422 1505 culi,
449 1466 538 1495 non
561 1460 708 1494 autem
741 1451 830 1495 sola
869 1451 1112 1504 frumenta,
1147 1450 1220 1494 sed
1250 1460 1291 1494 et
1316 1460 1607 1508 purgamenta
1631 1451 1724 1510 ejus

319 1531 716 1566 commemorantur
744 1542 751 1566 :
777 1523 894 1581 prius
917 1522 1102 1566 correcti
1125 1521 1451 1565 communicate
1474 1520 1720 1575 frumentis,

318 1601 360 1635 et
383 1601 488 1637 tunc
501 1592 705 1636 videbitis
728 1592 836 1652 quid
855 1593 898 1636 in
916 1593 1093 1646 zizania,
1113 1592 1181 1635 vel
1200 1591 1372 1651 paleam
1393 1591 1538 1635 dicere
1560 1590 1724 1635 debea-

318 1662 385 1706 tis.
418 1661 626 1722 Alioquin
663 1672 706 1706 et
736 1663 874 1707 malos
910 1662 1128 1706 bonorum
1172 1661 1379 1706 laudibus
1417 1677 1654 1716 exornare,
1681 1671 1724 1706 et

318 1733 456 1777 bonos
495 1732 712 1777 malorum
747 1733 1003 1777 criminibus
1040 1748 1241 1777 accusare
1282 1732 1542 1777 detestando
1579 1748 1723 1777 errore

318 1793 542 1862 cogimini.
559 1806 724 1862 Nempe
740 1804 783 1847 in
801 1803 1002 1847 manibus
1016 1803 1280 1847 documenta
1303 1813 1535 1862 gestamus,
1562 1803 1723 1863 quibus

317 1876 551 1935 probemus
575 1877 758 1935 majores
780 1885 961 1928 vestros,
988 1891 1176 1935 quorum
1199 1876 1384 1919 schisma
1407 1875 1655 1929 sectamini,
1678 1884 1722 1919 et

318 1945 658 2005 municipalibus
682 1947 809 2004 gestis
831 1955 1003 1990 sanctos
1028 1946 1179 1990 Libros
1202 1946 1375 2003 ignibus
1400 1944 1653 1999 tradidisse,
1679 1954 1723 1988 et

318 2017 616 2061 ecclesiasticis
631 2032 789 2076 negare
807 2032 895 2060 non
918 2017 1124 2075 potuisse,
1143 2016 1414 2080 eosdemque
1429 2014 1722 2075 interjudices

319 2086 453 2131 fuisse
485 2087 603 2142 illos,
637 2087 710 2147 qui
737 2087 855 2147 apud
880 2088 1187 2145 Carthaginem
1207 2096 1357 2131 contra
1380 2086 1661 2131 Caecilianum
1679 2095 1722 2129 et

319 2157 509 2215 collegas
526 2160 616 2218 ejus
637 2158 835 2202 absentes
852 2159 1087 2202 sententias
1100 2157 1398 2202 contulerunt.
1413 2157 1721 2215 Nempeiidem

319 2227 532 2286 leguntur
557 2229 683 2286 gestis
700 2237 742 2271 et
758 2227 1093 2287 municipalibus
1109 2237 1150 2271 et
1164 2227 1459 2271 ecclesiasticis
1475 2225 1717 2280 traditores,

318 2299 394 2359 qui
417 2308 564 2358 postea
588 2298 869 2359 proferuntur
892 2316 912 2342 a
939 2299 1060 2342 vobis
1094 2308 1303 2358 tanquam
1341 2296 1602 2341 traditorum
1637 2297 1719 2340 ab-

319 2370 506 2414 sentium
529 2370 819 2414 damnatores.
852 2372 1017 2429 Nempe
1048 2369 1344 2413 Nundinarius
1374 2368 1490 2412 illius
1512 2368 1720 2427 temporis

320 2441 526 2485 diaconus
559 2451 698 2485 vester
717 2477 727 2496 ,
767 2440 886 2500 apud
929 2440 1221 2500 Zenophilum
1262 2438 1534 2483 consularem
1568 2453 1718 2482 omnes

320 2511 498 2554 Lucillae
516 2511 734 2556 nundinas
758 2510 965 2572 patefecit
983 2547 992 2565 ‚
1027 2526 1128 2571 quae
1151 2510 1477 2555 damnationem
1500 2507 1718 2553 Caeciliani

372 2600 380 2616 ¹
406 2594 523 2640 Gal31,
544 2606 576 2636 9.

1808 1511 1812 1526 ,

1805 1732 1810 1743 .
