1825 3264
291 255 454 286 CONTRA
487 253 689 284 LITTERAS
722 255 957 295 nmmum,
992 257 1075 284 Lm.
1111 258 1176 284 111.
1346 247 1423 285 171

40 322 307 370 lumniarum
358 329 403 365 et
458 319 767 365 acerrimorum
820 319 1151 365 maledictorum
1198 321 1431 367 crebrescit

43 394 254 453 impetus,
279 400 330 436 ut
350 391 474 451 quasi
496 405 644 434 everso
667 390 842 434 homine
864 391 984 434 nulla
1005 407 1098 451 spes
1121 402 1340 438 remaneat
1361 408 1431 438 eo·

41 477 138 511 rum
157 496 168 517 ‚
193 462 353 522 quibus
375 461 558 505 verbum
582 460 658 504 Dei
682 469 724 504 et
751 470 1067 504 sacramentum
1098 477 1176 521 pro
1205 463 1430 522 dispensa-

39 535 160 580 tione
181 533 307 578 nobis
325 532 486 577 credita
507 533 814 576 ministramus.
834 534 1162 591 Respondemus
1180 535 1238 578 eis
1261 554 1269 579 :
1295 554 1310 574 «
1331 539 1430 588 Quo

43 622 66 648 a
86 619 225 665 usque
242 604 458 664 apponitis
470 619 600 663 super
619 604 871 649 hominem?
889 623 908 644 »
935 604 1187 663 Respondet
1204 605 1262 649 eis
1285 608 1431 651 catho-

39 675 123 720 lica
144 674 391 719 veneranda
408 674 587 718 societas
615 693 623 718 ι
655 693 674 716 «
693 677 782 718 Deo
803 674 1055 733 subjicietur
1079 672 1223 719 anima
1239 690 1354 730 mea,
1376 677 1430 720 ab

43 763 66 788 »
91 746 184 805 ipso
198 745 312 789 enim
326 744 510 789 salutare
526 759 686 788 meum.
703 745 875 789 Etenim
887 745 974 803 ipse
986 754 1048 788 est
1064 748 1173 789 Deus
1188 761 1307 790 meus
1319 781 1330 801 ,
1345 761 1431 790 sus-

42 833 65 859 »
89 825 239 876 ceptor
258 830 380 860 meus
398 831 513 860 :non
528 815 750 874 emigrabo
763 819 794 858 ².
817 833 837 857 n
863 818 971 860 Nam
990 831 1090 875 quae
1106 815 1187 860 alia
1204 832 1330 860 eausa
1351 817 1434 861 fuit

39 887 130 932 istis
148 887 389 946 emigrandi
408 886 463 931 de
485 885 616 931 domo
636 887 726 941 Dei,
749 887 826 930 nisi
851 887 952 947 quia
970 903 1069 931 vasa
1092 886 1205 931 sacta
1219 888 1264 931 in
1277 896 1433 932 contu-

38 957 214 1003 meliam
234 992 246 1013 ‚
271 958 362 1002 sine
387 958 548 1018 quibus
573 956 643 1002 illa
671 973 807 1019 usque
829 957 883 1002 ad
906 957 1019 1002 diem
1040 958 1189 1017 judicii
1208 974 1296 1003 non
1323 960 1429 1014 erit,

38 1029 262 1074 finxerunt
288 1044 332 1072 se
354 1029 467 1073 ferre
490 1045 579 1074 non
601 1045 751 1089 posse,
783 1045 883 1073 cum
916 1039 1061 1073 tamen
1082 1030 1164 1074 hoc
1188 1031 1324 1088 magis
1352 1031 1433 1089 ipsi

43 1099 188 1154 fuisse,
214 1108 257 1144 et
272 1100 363 1144 aliis
380 1100 644 1145 calumniose
662 1102 882 1161 objecisse,
905 1102 1033 1158 gestis
1056 1110 1187 1160 atque
1208 1102 1433 1160 conscrip-

38 1171 93 1218 tis
115 1181 221 1216 tunc
247 1172 376 1216 rebus
399 1182 635 1232 appareant
661 1191 670 1216 :
695 1172 750 1216 de
774 1171 932 1232 quibus
950 1172 994 1215 in
1016 1172 1325 1216 contumeliam
1344 1172 1434 1218 fac—

40 1241 114 1296 tis,
140 1257 195 1285 ne
223 1252 399 1302 propter
419 1241 492 1286 illa
514 1242 569 1286 de
585 1241 718 1286 domo
737 1257 891 1300 magna
910 1276 921 1296 ,
946 1257 1045 1300 quae
1067 1257 1227 1300 magno
1245 1242 1453 1302 patri-fa-·

39 1312 180 1358 milias
204 1328 292 1356 una
314 1323 398 1367 est,
425 1313 705 1371 perturbatus
727 1313 930 1370 emigret,
956 1312 1061 1356 dicit
1088 1313 1165 1356 Dei
1191 1329 1337 1358 servus
1354 1348 1364 1368 ‚
1391 1324 1434 1358 et

38 1382 182 1429 honus
209 1382 349 1428 fidelis
379 1382 450 1428 vel
477 1383 609 1426 fidem
646 1383 691 1426 in
722 1383 937 1442 baptismo
959 1392 1243 1442 percepturus
1263 1418 1274 1438 ,
1312 1385 1434 1443 quod

0 1511 1 1514 Ἰ
39 1453 172 1516 paulo
185 1463 286 1499 ante
297 1454 633 1498 commemoravi
656 1474 664 1498 ;
694 1473 714 1496 «
734 1456 889 1499 Nonne
908 1457 997 1499 Deo
1015 1454 1268 1513 subjicietur
1290 1456 1434 1498 anima

41 1535 66 1570 t
86 1527 214 1570 meai)
235 1545 252 1567 »
279 1527 370 1569 Deo
393 1525 544 1584 utique
560 1559 570 1578 ‚
604 1540 695 1569 non
717 1525 896 1569 homini.
927 1524 996 1569 Ab
1014 1525 1108 1584 ipso
1129 1540 1230 1569 enm
1248 1525 1434 1570 salutare

39 1608 212 1651 meum,
237 1611 327 1641 uon
351 1596 405 1641 ab
435 1597 628 1641 homine.
666 1599 751 1641 Iste
773 1605 917 1640 autem
939 1611 1027 1641 non
1045 1595 1195 1641 saltem
1222 1605 1326 1641 tunc
1344 1599 1434 1641 Deo

46 1667 171 1711 daret
186 1665 456 1711 abluendum
479 1666 873 1727 mundandumque
895 1667 1130 1721 hominem,
1151 1668 1330 1727 quando
1347 1682 1434 1711 ma-

45 1737 193 1783 culosa
210 1737 471 1783 conscientia
492 1753 581 1782 non
603 1747 750 1782 sancte
773 1738 915 1782 dantis
939 1738 1110 1783 occulta
1125 1747 1211 1793 est,
1242 1747 1285 1782 et
1301 1738 1432 1783 fidem

39 1809 234 1855 nesciens
255 1809 450 1870 quisquis
469 1809 640 1853 sumita
661 1808 846 1869 perfido.
876 1827 896 1851 u
920 1811 1028 1863 Hoc,
1053 1809 1212 1868 inquit,
1239 1810 1318 1853 tibi
1343 1809 1434 1853 bre-

40 1878 150 1925 viter
165 1881 265 1925 dico
281 1915 293 1936 ‚
321 1890 366 1925 et.
390 1889 440 1925 tu
462 1880 694 1940 baptistam
711 1880 926 1925 discutere
943 1915 953 1935 ,
980 1889 1023 1924 et
1042 1880 1096 1924 ab
1117 1895 1169 1925 eo
1183 1880 1340 1925 discuti
1362 1880 1434 1924 de-

38 1948 185 1996 buisti.
216 1971 234 1993 »

48 2028 64 2052 Ἰ
96 2023 304 2067 XXXIV.
331 2021 523 2067 Obsecro
539 2037 630 2077 vos,
657 2022 743 2066 huc
763 2022 971 2066 advertite
992 2039 1001 2064 :
1027 2036 1108 2080 ego
1124 2036 1290 2080 quaero,
1314 2020 1433 2065 unde

39 2091 246 2138 abluatur
277 2092 524 2152 accipientis
561 2093 823 2137 conscientia
843 2127 854 2146 ‚
897 2107 996 2136 cum
1042 2091 1304 2137 maculosam
1343 2108 1431 2136 non

39 2172 187 2209 sancte
202 2163 346 2208 dantis
365 2163 558 2222 ignorat,
584 2164 617 2207 si
639 2164 901 2208 conscientia
921 2171 1067 2207 sancte
1084 2163 1225 2207 dantis
1247 2163 1429 2207 attendi-

38 2241 133 2289 tur,
158 2249 258 2295 quae
281 2234 432 2279 abluat
452 2235 728 2295 accipienti53
760 2244 802 2279 et
825 2234 942 2278 unde
964 2234 1146 2293 accipiat
1171 2233 1302 2278 fidem
1318 2270 1329 2289 ‚
1355 2235 1430 2295 qui

39 2305 232 2350 nesciens
263 2320 287 2350 a
317 2305 484 2365 perfido
507 2305 755 2365 baptizatur
774 2341 784 2360 ‚
819 2306 851 2350 si
881 2305 1075 2365 quisquis
1097 2304 1226 2349 fidem
1249 2307 1385 2349 sciens
1407 2321 1428 2348 a

38 2375 208 2441 perfido
226 2377 476 2435 sumpserit,
498 2391 586 2420 non
603 2377 734 2420 fidem
753 2377 956 2436 percipit,
983 2375 1059 2421 sed
1080 2385 1246 2419 reatum
1266 2393 1273 2419 :
1295 2384 1338 2418 et
1357 2375 1430 2418 ille

38 2445 148 2496 mihi
166 2446 412 2505 respondet,
435 2447 757 2491 discutiendum
774 2462 864 2491 esse
877 2457 920 2491 et
939 2447 1246 2505 baptizatorem
1269 2455 1312 2489 et
1331 2446 1430 2504 bap-

40 2515 279 2563 fizandum.
303 2520 360 2562 Et
377 2518 433 2562 ad
454 2518 537 2563 hoc
556 2517 852 2577 probandum,
872 2518 989 2563 unde
1008 2517 1190 2576 quaestio
1212 2515 1331 2562 nulla
1347 2526 1425 2570 est,

92 2608 100 2626 ¹
124 2602 202 2635 Psal.
224 2613 286 2641 xm,
311 2611 341 2635 2.
