1825 3264
304 266 465 297 coNTaA
498 266 700 297 LterEaAs
732 268 965 306 renuam,
1002 272 1084 298 mn.
1122 272 1169 298 ιι.
1381 263 1436 300 95

57 342 239 379 vestram
257 348 346 378 non
368 333 551 378 invitum
573 334 761 392 Optatus
783 333 921 378 redire
941 336 1202 395 compulerit
1227 358 1238 394 3
1261 352 1437 385 movere

54 403 170 449 labia
190 418 282 448 non
300 403 495 458 auderet,
521 403 755 463 praesertim
778 403 812 448 si
828 404 920 464 ejus
932 404 1087 450 faciem
1112 406 1300 466 populus
1321 411 1438 455 Mus-

55 473 218 519 titanus
248 473 494 518 intueretur
510 509 521 529 ‚
547 473 666 534 quod
688 482 795 518 teste
825 472 899 518 illa
931 482 1037 519 tunc
1063 474 1178 520 facta
1209 487 1326 522 sunt.
1353 476 1439 523 Sed

53 542 139 597 isti,
164 552 214 588 ut
234 542 338 598 dixi,
351 542 539 588 viderint
559 558 660 603 quae
684 543 794 602 passi
810 543 975 588 fuerint
993 546 1048 589 ab
1068 546 1145 600 eis,
1163 561 1263 591 cum
1279 548 1439 608 quibus

54 616 225 672 Rogato
239 613 337 659 talia
353 614 560 659 fecerant.
578 616 674 673 Ipsa
689 612 881 659 Ecclesia
892 615 1106 660 catholica
1122 615 1303 676 solidata
1319 619 1438 677 prin-

52 683 221 742 cipibus
267 683 490 729 catholicis
522 683 834 743 imperantibus
876 694 989 730 terra
1033 687 1230 746 marique
1265 688 1439 732 armatis

52 753 193 799 turbis
211 753 265 798 ab
277 755 437 811 Optato
460 755 663 800 atrociter
680 763 724 798 et
744 754 956 800 hostiliter
975 766 1229 816 oppugnata
1247 761 1440 812 est.Quae

52 839 118 870 res
139 825 280 883 coegit
301 833 407 871 tunc
431 826 570 885 primo
587 825 792 871 adversus
809 842 884 872 vos
902 825 1076 886 allegari
1091 829 1210 889 apud
1232 830 1440 874 vicarium

53 896 265 941 Seranum
289 894 431 953 legem
459 895 575 940 illam
605 896 660 940 de
698 896 849 940 decem
870 896 993 942 libris
1023 899 1141 954 auri,
1166 915 1274 959 quas
1294 899 1441 944 nullus

50 973 244 1009 vestrum
265 965 410 1010 adbuc
435 964 604 1025 pendit,
632 974 675 1009 et
701 981 780 1010 nos
806 967 1074 1013 crudelitatis
1099 970 1293 1028 arguitis.
1324 969 1440 1023 Quid

51 1044 197 1080 autem
213 1037 479 1082 mansuetius
499 1037 569 1092 sit,
581 1052 714 1097 quam
727 1046 776 1082 ut
786 1038 1031 1083 coerctione
1044 1040 1305 1091 damnorum
1323 1050 1440 1085 tanta

51 1115 190 1151 vestra
220 1106 379 1152 scelera
407 1107 754 1152 mulctarentur?
776 1109 881 1161 Quis
913 1118 1058 1154 autem
1084 1112 1215 1169 possit
1241 1126 1441 1156 enarrare

51 1177 212 1231 omnia,
236 1194 334 1237 quae
359 1177 480 1222 nulla
506 1177 691 1222 amicitia
713 1178 1278 1240 judicum2autaliquarum
1294 1191 1439 1239 potes-

50 1256 208 1303 tatum,
229 1249 414 1308 quisque
432 1250 505 1292 ubi
530 1249 736 1307 potuerit,
757 1249 801 1291 in
823 1248 927 1293 locis
947 1251 1095 1295 vestris
1110 1252 1283 1310 propria
1302 1251 1440 1296 domi-

50 1318 226 1362 natione
263 1319 544 1363 committatis
567 1320 585 1362 P
607 1320 712 1371 Quis
742 1328 934 1362 nostrum
969 1320 1014 1363 in
1048 1320 1248 1379 plebibus
1284 1323 1439 1366 nostris

49 1403 140 1433 non
155 1388 320 1449 aliquid
337 1389 422 1434 tale
444 1389 511 1433 vel
529 1406 550 1433 a
568 1389 784 1448 prioribus
797 1390 1026 1448 comperit,
1041 1391 1112 1435 vel
1132 1392 1222 1450 ipse
1241 1402 1438 1449 expertus

51 1461 146 1504 est?
168 1462 322 1506 Nonne
350 1461 467 1520 apud
494 1460 758 1519 Hipponem,
794 1460 869 1504 ubi
900 1476 984 1520 ego
1015 1477 1128 1517 sum,
1168 1478 1255 1519 non
1280 1463 1440 1507 desunt

49 1529 127 1589 qui
156 1530 433 1574 meminerint
469 1531 727 1574 Faustinum
762 1539 955 1576 vestrum
989 1533 1111 1590 regni
1145 1534 1211 1576 sui
1248 1542 1442 1593 tempore

50 1599 318 1659 praecepisse,
344 1600 553 1659 quoniam
587 1599 903 1645 catholicorum
932 1600 992 1644 ibi
1029 1603 1222 1661 paucitas
1254 1613 1361 1658 erat,
1394 1613 1443 1648 ut

46 1669 197 1714 nullus
219 1671 278 1715 eis
302 1685 456 1729 panem
475 1680 700 1731 coqueret,
718 1671 774 1715 ita
797 1680 845 1715 ut
865 1671 1091 1731 cujusdam
1115 1672 1289 1718 diaconi
1306 1676 1442 1720 nostri

51 1738 269 1784 furnarius
297 1739 535 1799 inquilinus
563 1741 800 1785 domnaedii
833 1743 899 1786 sui
935 1758 1088 1801 panem
1117 1744 1341 1790 incoctum
1370 1747 1444 1790 ab·

45 1809 214 1870 jecerit,
229 1811 356 1870 eique
371 1809 491 1855 nulla
507 1810 623 1856 exilii
640 1810 736 1870 lege
749 1811 958 1857 damnato
970 1848 980 1867 ,
1000 1815 1442 1861 communicationem

49 1894 139 1925 non
161 1880 302 1925 solum
325 1880 370 1924 in
392 1880 565 1925 civitate
589 1884 808 1936 Romana,
840 1883 917 1926 sed
937 1883 1068 1928 etiam
1101 1886 1145 1928 in
1167 1887 1304 1945 patria
1325 1903 1402 1932 sua
1428 1909 1439 1945 3

51 1965 131 1996 uec
151 1950 295 1996 solum
313 1951 358 1995 in
375 1951 511 2011 patria
525 1967 619 2007 sua,
640 1952 715 1996 sed
737 1954 863 1998 etiam
880 1954 922 1997 in
939 1953 1072 2000 domo
1096 1972 1171 2000 sua
1195 1960 1443 2016 negaverit?

41 2021 168 2075 Quid
197 2037 363 2080 nuper,
395 2021 517 2081 quod
545 2022 636 2080 ipse
666 2022 810 2067 adhuc
845 2023 976 2082 lugeo
994 2059 1006 2078 ‚
1044 2040 1190 2069 nonne
1218 2027 1443 2086 Crispinus

48 2101 190 2135 vester
211 2091 493 2147 Calamensis,
518 2106 619 2136 cum
643 2093 815 2137 emisset
838 2095 1224 2152 possessionem,et
1247 2098 1330 2143 hoc
1348 2115 1442 2144 em-

48 2162 348 2222 phyteuticam
377 2178 466 2207 non
489 2161 706 2207 dubitavit
731 2163 775 2206 in
799 2162 938 2209 fundo
962 2166 1278 2212 catholicorum
1306 2170 1441 2229 impe-

41 2241 258 2286 .ratorum,
273 2246 462 2292 quorum
481 2231 652 2291 legibus
670 2234 810 2276 necin
828 2234 1074 2279 civitatibus
1089 2252 1179 2281 esse
1189 2239 1299 2298 jussi
1322 2241 1436 2295 estis,

43 2317 140 2349 ‚uno
160 2302 334 2346 terroris
354 2302 523 2362 impetu
541 2304 762 2363 octoginta
779 2303 916 2349 ferme
933 2307 1099 2352 animas
1122 2309 1353 2354 miserabili
1372 2327 1443 2370 ge-

49 2372 160 2419 mitu
189 2373 462 2418 mussitantes
496 2373 805 2433 rebaptizando
827 2377 1108 2438 submergere
1129 2381 1148 2423 P
1171 2382 1339 2432 Quibus
1361 2397 1442 2426 au-

40 2450 155 2498 tem,
182 2442 261 2488 nisi
284 2441 438 2488 talibus
465 2441 606 2499 factis,
638 2445 768 2490 etiam
791 2446 917 2505 ipsas,
942 2447 997 2492 de
1020 2450 1183 2508 quibus
1204 2454 1443 2511 conqueri-

38 2513 158 2568 ,mini
177 2511 292 2573 leges
308 2547 321 2570 ,
343 2511 474 2573 longe
506 2513 684 2574 quidem
712 2515 826 2563 infra
854 2518 1061 2564 meritum
1088 2519 1259 2568 sceleris
1289 2525 1438 2580 vestri,

102 2600 109 2618 ¹
131 2598 237 2631 Forte
254 2597 338 2632 nulla
355 2598 562 2632 auctoritate.
