1825 3264
354 237 437 273 210
500 249 530 271 s.
569 241 799 270 Accts’rim
828 239 990 270 com-M
1024 241 1134 269 mi.
1171 241 1405 279 remmam,
1442 242 1524 269 mn.
1561 242 1628 269 111.

349 312 506 354 horum
537 308 710 352 nebulis
746 308 913 367 operire
943 316 1125 353 conatus
1162 317 1253 363 est,
1294 316 1337 352 et
1370 307 1492 366 quod
1529 321 1598 351 me
1631 307 1738 352 fecit
1798 342 1801 347 .

349 393 538 434 causam,
556 393 656 423 cum
673 377 901 423 defecisset
913 378 959 422 in
973 393 1099 423 causa
1118 399 1129 435 3
1147 377 1202 421 de
1225 392 1294 421 me
1317 392 1493 436 quoque
1512 377 1607 437 ipso
1626 376 1737 421 nihil
1771 406 1778 415 -

347 448 510 504 dicens,
526 449 604 493 nisi
618 448 739 509 quod
761 457 837 493 aut
858 449 1038 493 omnino
1054 447 1215 492 falsum
1229 456 1357 502 esset,
1371 454 1447 491 aut
1467 446 1737 506 culpandum
1784 455 1786 457 '

347 535 437 564 non
459 529 586 574 esset,
611 529 686 564 aut
708 519 762 564 ad
784 534 855 565 me
871 521 961 581 jam
983 536 1073 565 non
1086 521 1337 580 pertineret.
1357 517 1441 564 Sed
1457 518 1624 564 interea
1642 533 1735 574 VOS,

343 604 454 649 quos
475 589 590 634 inter
614 605 710 645 me,
746 599 790 635 et
816 589 940 635 illum
960 591 1127 651 judices
1150 589 1292 650 posui,
1317 588 1549 648 sapitis-ne
1570 587 1739 649 aliquid

346 659 460 703 inter
480 675 632 704 verum
663 659 878 705 falsumve
899 659 1177 705 discernere?
1206 661 1319 704 inter
1347 660 1550 704 inflatum
1572 668 1617 704 et
1640 658 1742 704 soli-

345 729 451 773 dum
468 763 479 784 ‚
504 730 617 774 inter
639 730 865 774 turbidum
888 740 930 774 et
959 729 1248 790 tranquillum
1270 765 1281 786 ‚
1307 730 1421 774 inter
1445 728 1667 774 tumidum
1689 735 1736 773 et

343 814 514 855 sanum,
534 801 648 844 inter
665 801 812 845 divina
830 801 1036 860 praedicta
1051 810 1094 845 et
1114 802 1306 845 humana
1325 809 1608 860 praesumpta,
1628 801 1743 844 inter

345 870 623 928 probationes
635 880 679 915 et
692 871 1034 926 criminationes,
1047 871 1162 915 inter
1180 872 1441 916 doci-menta
1456 880 1499 915 et
1512 871 1739 930 figmenta,

342 939 458 983 inter
489 956 630 986 causae
659 942 874 986 actionem
907 951 950 986 et
979 958 1120 987 causae
1154 942 1421 987 aversionem
1445 943 1464 986 P
1499 941 1542 986 Si
1563 941 1740 1001 sapitis,

346 1009 458 1053 bene
495 1020 538 1055 et
575 1021 691 1056 recte
716 1030 725 1056 τ
751 1012 786 1056 si
817 1021 963 1056 autem
986 1027 1076 1056 non
1099 1013 1245 1071 sapitis
1266 1046 1277 1067 ,
1310 1027 1389 1056 nos
1423 1012 1554 1056 vestri
1592 1024 1742 1056 curam

345 1080 520 1138 gessisse
540 1097 630 1126 non
652 1082 887 1141 poenitebit
913 1101 922 1127 2
948 1083 1053 1142 quia
1076 1092 1119 1127 et
1141 1084 1176 1127 si
1196 1098 1271 1127 cor
1299 1091 1493 1127 vestrum
1516 1098 1565 1127 ac
1590 1097 1740 1142 pacem

346 1165 437 1194 non
458 1153 743 1209 convertitur,
768 1169 851 1213 pax
876 1162 1021 1199 nostra
1044 1163 1192 1200 tamen
1209 1153 1266 1199 ad
1285 1169 1364 1200 nos
1387 1162 1648 1200 revertetur.
