1825 3264
323 242 483 273 coNTnA
519 243 718 270 ιιΤΤιειιΑε
752 245 985 284 ΡιῑτιιιΑΝι,
1022 247 1104 274 mn.
1143 248 1188 274 11.
1395 239 1449 275 77

68 318 240 354 secutus
263 309 349 352 ait:
373 327 393 349 «
430 308 535 352 Dico
552 306 668 351 enim
684 307 806 351 vobis
828 309 929 367 quia
953 309 1030 354 nisi
1055 310 1344 357 abundaverit
1359 314 1453 373 jus-

73 380 198 424 »titia
228 387 368 423 vestra
389 392 519 436 super
543 376 789 422 Scribarum
825 387 868 421 et
891 379 1221 437 Pharisaeorum,
1263 398 1351 428 non
1381 384 1451 428 in-

71 468 90 490 »
104 448 270 494 trahitis
281 448 327 492 in
341 463 521 507 regnum
535 448 764 492 coelorum.
775 448 916 492 »Alibi
928 449 1041 493 enim
1057 451 1291 497 Pharisaeos
1306 462 1453 498 osten-

71 519 166 565 »dit
189 529 232 564 et
255 519 410 578 arguit,
436 519 643 580 quoniam
666 510 836 574 dicunt,
852 528 896 564 et
910 535 998 565 non
1022 519 1231 566 faciunt.»
1246 527 1333 569 Hos
1354 541 1456 584 ergo

66 599 108 635 et
129 591 196 635 hic
213 590 486 650 significavit,
503 605 603 634 cum
618 589 779 634 diceret
796 591 926 644 :uQui
949 590 1125 635 solverit
1145 601 1189 636 et
1209 594 1269 638 sic
1291 595 1456 640 docue-

70 680 90 703 »
126 661 179 705 rit
192 665 225 715 ²,
243 660 318 705 »id
335 670 399 705 est
412 695 422 715 ‚
439 660 637 705 docuerit
649 661 791 704 verbis
803 695 813 715 ,
832 661 952 721 quod
965 661 1141 706 solverit
1157 661 1297 708 factis.
1321 668 1458 725 Super

66 745 178 791 quos
188 729 413 774 abundare
433 731 638 790 praecepit
654 732 869 791 justitiam
888 741 1096 787 nostram,
1122 742 1172 776 ut
1188 731 1395 779 faciamus
1415 746 1459 780 et

66 801 126 846 sic
147 801 394 846 doceamus.
415 803 472 845 Et
499 811 647 844 tamen
668 816 748 845 nec
771 811 948 861 propter
964 802 1061 846 illos
1084 803 1337 860 Pharisaeos,
1358 806 1458 866 qui-

66 872 148 917 bus
159 888 237 917 nos
251 888 340 917 non
361 887 435 932 per
450 871 747 932 prudentiam,
772 872 847 917 sed
870 889 946 932 per
964 873 1314 920 malevolentiam
1335 893 1457 922 com-

69 944 253 1004 paratis,
290 944 497 1003 praecepit
530 943 740 988 Dominus
775 943 914 988 deseri
948 945 1200 990 cathedram
1226 949 1389 1005 Moysi,
1414 949 1459 992 in

66 1031 152 1075 qua
164 1015 316 1075 utique
330 1014 550 1074 figurabat
573 1030 693 1059 suam
713 1034 720 1058 :
748 1015 895 1059 dicens
913 1015 1077 1075 quippe
1092 1016 1188 1062 illos
1202 1018 1458 1064 cathedram

66 1086 206 1144 Moysi
227 1085 424 1130 sedentes
445 1086 588 1129 dicere
611 1094 655 1128 et
678 1101 767 1129 non
784 1084 928 1130 facere
946 1106 957 1142 3
978 1096 1127 1130 monet
1145 1096 1289 1133 tamen
1312 1105 1458 1149 popu-

66 1156 131 1202 los
153 1157 294 1201 tacere
321 1172 420 1217 quae
442 1155 596 1200 dicunt
612 1191 622 1211 ‚
661 1165 703 1200 et
735 1172 823 1200 non
862 1156 1004 1201 facere
1041 1174 1140 1218 quae
1175 1160 1342 1205 faciunt
1358 1196 1368 1216 ‚
1406 1177 1460 1204 ne

66 1228 286 1273 cathedrae
319 1227 523 1272 sanctitas
553 1227 802 1281 deseratur,
829 1237 872 1271 et
908 1237 1086 1287 propter
1113 1239 1302 1288 pastores
1327 1232 1461 1276 malos

70 1299 210 1358 gregis
230 1298 372 1342 unitas
387 1296 621 1342 dividatur.

124 1370 368 1414 CXXXIX.
407 1370 668 1411 Pss'rlLrfflth
690 1365 799 1410 dixit
824 1385 832 1410 :
863 1386 882 1408 «
909 1369 966 1411 Et
988 1368 1146 1412 iterum
1169 1388 1177 1412 :
1201 1370 1345 1414 Omne
1363 1387 1461 1430 pec-

67 1449 213 1485 catum
229 1438 349 1499 quod
362 1437 606 1498 peccaverit
622 1438 771 1492 homo,
790 1446 910 1481 extra
928 1453 1085 1497 corpus
1108 1449 1197 1484 est:
1219 1441 1293 1499 qui
1313 1451 1457 1486 autem

68 1510 312 1572 peccaverit
327 1509 374 1553 in
387 1509 550 1566 Spiritu
565 1517 731 1563 sancto,
754 1523 842 1552 non
872 1509 909 1552 ei
929 1509 1191 1564 remittetur,
1214 1516 1294 1555 n'ec
1316 1512 1359 1555 in
1380 1512 1462 1557 hoc

68 1580 244 1636 saeculo,
270 1580 412 1624 necin
435 1579 602 1624 futuro.
632 1597 652 1619 »

127 1653 257 1696 CXL.
293 1653 572 1695 Aucusrnws
596 1648 818 1708 respondit
842 1667 851 1694 ε
877 1651 935 1693 Et
955 1649 1039 1694 hoe
1061 1665 1150 1695 non
1172 1651 1230 1695 ita
1253 1652 1459 1711 scriptum

69 1730 148 1775 est,
168 1731 211 1765 et
227 1719 326 1765 vide
342 1729 558 1781 quantum
583 1728 627 1763 te
649 1717 870 1763 fefellerit.
890 1720 1123 1779 Apostolus
1142 1721 1195 1765 ad
1213 1722 1462 1767 Corinthios

68 1792 274 1846 scribens,
297 1791 356 1836 ait
381 1810 389 1835 :
421 1810 439 1833 «
459 1792 599 1834 Omne
621 1798 849 1849 peecatum
872 1790 1185 1851 quodcumque
1201 1792 1354 1837 fecerit
1377 1794 1459 1838 ho-

73 1881 94 1904 »
129 1878 218 1918 mo,
242 1871 360 1907 extra
383 1877 542 1922 corpus
564 1870 642 1915 est,
668 1860 745 1920 qui
768 1869 912 1904 autem
947 1861 1204 1918 fornicatur,
1238 1861 1284 1906 in
1306 1879 1463 1923 corpus

74 1951 94 1974 »
128 1948 256 1977 suum
278 1942 427 1992 peccat
450 1934 481 1975 ².
511 1951 531 1972 >›
559 1934 652 1976 Hoc
674 1939 820 1974 autem
850 1930 968 1975 aliud
1000 1941 1089 1986 cst,
1131 1942 1173 1976 et
1205 1931 1324 1977 aliud
1353 1933 1462 1978 illud

71 2003 191 2063 quod
214 2003 422 2048 Dominus
445 2003 491 2045 in
524 2000 763 2060 Evangelio
791 2000 901 2045 dixit
926 2021 934 2045 ε
965 2020 984 2042 «
1012 2003 1155 2045 Omne
1172 2012 1401 2061 peccatum
1422 2013 1465 2046 et

75 2092 94 2115 ιι
130 2073 399 2132 blasphemia
417 2072 662 2116 dimittetur
675 2073 929 2117 hominibus
942 2092 952 2128 3
967 2073 1042 2132 qui
1063 2082 1211 2117 autem
1224 2075 1466 2133 peccaverit

76 2162 96 2185 »
131 2143 176 2187 in
211 2143 420 2204 Spiritum
455 2152 679 2196 sanctum,
704 2158 792 2187 non
824 2143 1070 2187 remittetur
1097 2144 1164 2198 ei,
1203 2160 1283 2188 nec
1316 2146 1361 2189 in
1384 2146 1466 2190 hoc

76 2233 97 2256 »
133 2214 314 2269 saeculo,
341 2229 420 2258 nec
448 2215 491 2257 in
515 2212 665 2258 futuro
689 2216 721 2257 3.
752 2234 770 2254 »
801 2216 865 2257 Tu
885 2223 1030 2258 autem
1054 2215 1224 2274 coepisti
1247 2231 1297 2259 ex
1325 2219 1466 2275 Apos-

77 2284 165 2330 tolo
200 2285 476 2338 sententiam,
512 2293 555 2328 et
589 2299 682 2328 eam
717 2293 923 2344 tanquam
959 2300 1044 2328 uua
1080 2285 1134 2329 sit
1155 2301 1207 2329 ex
1231 2287 1467 2344 Evangelio

76 2355 339 2399 terminasti:
365 2354 485 2414 quod
512 2364 551 2398 te
574 2369 661 2398 non
685 2353 816 2398 credo
840 2355 1014 2409 fraude,
1038 2355 1113 2399 sed
1135 2371 1279 2400 errore
1302 2356 1462 2400 fecisse.

77 2427 239 2470 Neutra
261 2425 377 2468 enim
401 2425 456 2469 ad
474 2440 562 2468 rem
587 2425 788 2483 pertinet,
815 2434 857 2468 et
879 2441 957 2469 cur
978 2425 1070 2470 haec
1093 2426 1251 2470 dixeris
1265 2461 1275 2480 ,
1297 2436 1340 2470 et
1362 2443 1470 2486 quo-

79 2495 301 2556 quomodo
318 2494 490 2549 dixeris,
515 2495 695 2538 omnino
718 2510 804 2539 non
827 2495 974 2539 video:
998 2497 1077 2539 nisi
1100 2496 1229 2552 forte,
1253 2498 1353 2557 quia
1367 2513 1468 2543 cum

135 2586 140 2602 ¹
160 2579 279 2612 Mattln.
300 2590 390 2620 xxm,
413 2588 444 2611 2.
465 2595 503 2601 —
519 2584 532 2602 ²
557 2589 568 2610 1
591 2581 664 2611 eor.
686 2588 730 2615 vi,
750 2578 800 2609 18.
817 2595 856 2601 „-
875 2575 888 2599 3
912 2578 1031 2610 Matth.
1053 2589 1110 2620 xn,
1126 2580 1179 2612 31.
