1825 3264
319 242 401 280 376
750 253 783 278 s.
821 249 1051 276 ArGt‘STlNI
1084 248 1266 275 EPISCOPI

316 315 523 377 paremini
542 315 596 358 ab
616 314 805 358 Ecclesia
825 329 923 374 quae
936 321 1028 357 toto
1041 312 1147 356 orbe
1160 310 1438 366 diffunditur,
1458 312 1528 356 cui
1545 326 1703 356 secun-

316 390 420 432 dum
456 387 696 444 Scripturas
736 386 902 429 divinas
923 420 933 440 ,
964 394 1053 428 tam
1080 398 1286 441 magnum
1308 417 1318 437 ‚
1362 391 1451 426 tam
1491 382 1666 426 firmum
1688 418 1699 438 ‚

316 468 402 502 tam
425 456 590 500 clarum
618 465 748 514 atque
775 454 1048 500 luculentum
1072 453 1369 497 testimonium
1393 451 1594 512 perhibet
1615 454 1702 510 Cy-

315 527 506 585 prianus.

375 599 532 640 XLIV.
576 595 871 649 Quamobrem
911 593 1087 638 attende
1125 592 1357 652 diligenter
1398 592 1454 636 de
1494 600 1586 636 tota
1625 592 1705 637 ista

317 667 558 727 quaestione
595 666 771 710 brevem
815 664 1190 709 ratiocinationem
1230 678 1388 706 meam.
1427 662 1469 707 Si
1504 671 1619 706 recte
1660 662 1707 706 in

319 736 554 782 Ecclesiam
572 737 840 795 recipiuntur
857 751 906 779 ex
925 734 1135 778 haereticis
1157 734 1392 787 venientes,
1418 741 1468 776 ut
1487 733 1532 776 in
1554 732 1614 776 eis
1635 747 1706 775 er-

319 823 390 852 ror
431 808 629 866 proprius
669 808 926 864 corrigatur,
966 804 1164 848 divinum
1206 813 1351 848 autem
1388 811 1706 847 sacramentum

319 894 407 922 non
425 878 692 921 rescindatur
710 897 721 934 3
742 877 853 920 bene
871 876 959 919 illic
980 875 1227 919 viventibus
1249 882 1458 933 tanquam
1478 872 1706 916 frumentis

319 948 552 993 Dominicis
576 946 856 1006 gratulamur.
882 947 923 991 Si
940 955 1103 998 autem,
1127 945 1236 987 sicut
1259 945 1437 1002 putatis,
1457 952 1501 986 et
1522 943 1707 1001 Cypria-

322 1034 428 1062 num
457 1018 576 1062 vobis
606 1019 651 1061 in
679 1019 761 1061 hac
789 1016 999 1060 sententia
1040 1016 1185 1059 favere
1208 1014 1396 1073 jactatis,
1429 1029 1518 1058 non
1546 1014 1710 1057 habent

322 1089 586 1146 baptismum
613 1108 624 1144 3
669 1095 784 1130 certe
826 1086 999 1130 admissi
1041 1084 1292 1143 simpliciter
1334 1083 1390 1128 ad
1431 1083 1668 1128 Ecclesiam
1694 1117 1705 1137 ‚

322 1159 564 1202 secundum
589 1156 793 1200 eumdem
825 1156 1108 1215 Cyprianum‚
1139 1163 1315 1214 propter
1349 1155 1548 1198 meritum
1579 1154 1711 1213 ipsius

323 1228 501 1272 unitatis
522 1226 838 1286 indulgentiam
862 1227 937 1270 Dei
954 1234 1192 1279 merentur,
1216 1239 1295 1268 nec
1312 1225 1367 1268 ab
1384 1224 1589 1269 Ecclesiae
1611 1239 1711 1268 mu-

325 1299 500 1343 neribus
523 1307 790 1357 separantur.
815 1301 870 1341 Et
887 1297 1154 1356 quicumque
1171 1295 1266 1340 illos
1283 1295 1524 1339 secundum
1546 1309 1710 1340 morem

326 1370 583 1413 anteriorem
604 1403 614 1422 ‚
636 1369 690 1411 de
712 1383 800 1426 quo
819 1383 907 1411 non
926 1367 1060 1410 tacuit
1077 1367 1320 1425 Cyprianus
1339 1400 1348 1420 ,
1372 1365 1622 1424 simpliciter
1636 1365 1713 1409 ad-

326 1440 521 1489 mittunt,
542 1448 584 1482 et
598 1448 712 1482 recte
728 1454 775 1481 ac
792 1439 969 1497 pacifice
992 1438 1160 1490 vivunt,
1188 1437 1300 1480 inter
1322 1436 1471 1479 eadem
1494 1436 1714 1480 frumenta

325 1511 480 1554 horreo
504 1510 716 1553 destinata
739 1509 1022 1568 deputantur.
1050 1508 1131 1560 Qui
1152 1516 1297 1550 autem
1319 1506 1387 1550 vel
1410 1508 1590 1550 scientes
1613 1521 1714 1551 con-

328 1588 388 1622 tra
413 1579 636 1622 veritatem
660 1579 704 1621 in
731 1580 787 1621 eis
813 1578 1071 1636 recipiendis
1092 1577 1363 1621 contentiose
1386 1576 1619 1630 dimicant,
1643 1575 1714 1620 vel

324 1650 465 1706 pravis
487 1658 617 1707 atque
633 1648 840 1706 perversis
860 1648 1052 1691 moribus
1070 1648 1223 1691 vivunt
1240 1682 1250 1702 ,
1276 1647 1322 1690 in
1339 1647 1509 1691 zizaniis
1532 1656 1574 1690 et
1592 1645 1714 1706 palea

325 1718 510 1760 flammis
541 1718 687 1761 debita
712 1717 952 1761 tolerantur
974 1736 982 1761 2
1004 1726 1180 1775 propter
1207 1732 1278 1760 eos
1306 1726 1451 1760 tamen
1480 1717 1714 1761 Ecclesiam

326 1803 425 1846 quse
448 1803 525 1846 per
546 1797 686 1831 totum
712 1788 863 1830 orbern
883 1796 1095 1830 terrarum
1114 1786 1296 1844 copiosis
1313 1786 1579 1830 successibus
1601 1785 1714 1830 dila·

326 1867 458 1911 tatur,
480 1858 563 1901 hoc
579 1867 660 1913 est,
682 1856 899 1901 frumenta
921 1857 1160 1910 Dominica‚
1186 1872 1284 1916 quae
1302 1872 1441 1915 usque
1462 1855 1515 1900 ad
1534 1871 1714 1900 messem

325 1928 486 1986 pariter
516 1936 717 1971 crescunt
735 1963 745 1981 ,
777 1927 846 1971 vel
874 1942 1010 1986 usque
1033 1926 1087 1970 ad
1110 1926 1434 1971 ventilationem
1458 1927 1617 1985 pariter
1637 1927 1715 1970 tri-

324 2006 544 2051 turantur,
584 2013 672 2041 non
701 2012 788 2040 esse
824 1997 1087 2050 deserenda,
1119 1996 1303 2055 imperat
1330 1999 1443 2040 Deus
1463 2032 1473 2050 ‚
1508 1997 1624 2040 testis
1651 2006 1714 2041 est

324 2068 583 2125 Cyprianus.
606 2071 668 2111 Ac
687 2083 761 2126 per
779 2069 878 2122 hoc,
899 2068 932 2111 si
954 2068 998 2110 in
1016 2067 1326 2111 communione
1348 2077 1713 2112 sacramentorum

325 2137 426 2180 mali
463 2137 683 2180 maculant
712 2137 874 2191 bonos,
904 2138 1081 2196 quando
1115 2137 1383 2195 temporibus
1415 2138 1620 2196 Cypriani
1646 2137 1714 2181 vel

325 2216 424 2251 ante
461 2209 731 2266 Cyprianum
768 2208 860 2251 sine
890 2208 1105 2266 baptismo
1121 2243 1131 2261 ,
1167 2209 1278 2252 sicut
1305 2209 1478 2266 putatiS‚
1524 2209 1714 2253 haeretici

323 2277 684 2335 suscipiebantur,
712 2276 946 2320 Ecclesiam
969 2278 1141 2335 periisse
1163 2278 1307 2331 dicite,
1334 2287 1376 2321 et
1393 2292 1468 2321 vos
1487 2279 1605 2321 unde
1622 2279 1713 2322 nati

324 2347 490 2391 fueritis
515 2347 745 2392 ostendite.
776 2348 818 2392 Si
840 2357 983 2391 autem
1003 2382 1013 2400 ‚
1040 2346 1161 2406 quod
1184 2348 1338 2391 veritas
1359 2347 1488 2391 etiam
1517 2363 1593 2407 per
1620 2350 1712 2406 Cy-

323 2418 524 2474 prianum
555 2417 699 2471 docet,
729 2432 829 2461 cum
868 2432 947 2476 pro
983 2417 1186 2461 Ecclesiae
1225 2433 1330 2476 pace
1367 2418 1497 2461 etiam
1539 2419 1711 2477 cognita

322 2486 481 2529 zizania
503 2486 760 2542 tolerantur,
787 2485 1007 2531 frumenta
1029 2502 1118 2530 non
1139 2484 1360 2531 maculant
1387 2506 1395 2531 :
1425 2505 1445 2528 «
1467 2486 1601 2532 Filius
1624 2503 1713 2532 ma-

324 2571 345 2594 »
380 2552 446 2599 lus
463 2555 552 2612 ipse
574 2571 618 2601 se
629 2557 797 2614 justum
811 2557 932 2613 dicit,
951 2557 1116 2603 exitum
1135 2567 1281 2603 autem
1294 2572 1423 2602 suum
1437 2572 1526 2604 non
1543 2557 1706 2615 abluit3
