1825 3264
309 270 471 301 CONTRA
505 268 707 300 er‘rERAs
740 270 974 311 PETILIANI,
1010 274 1094 302 Lm.
1129 275 1194 301 111.
1373 264 1453 302 185

74 341 314 386 abluendus
337 341 389 384 sit
411 340 485 399 qui
506 339 657 398 accipit
685 339 964 398 baptismum,
984 355 1082 384 cum
1104 341 1136 385 si
1160 340 1301 385 dantis
1332 356 1457 386 cons-

73 412 229 456 cientia
248 409 412 470 polluta
435 419 514 465 cst,
541 419 796 468 accepturus
818 410 1003 468 ignorat.
1031 410 1156 455 Unde
1186 427 1275 456 non
1297 413 1459 457 miran-

72 482 174 526 dum
194 491 256 526 est
277 481 498 525 hominem
524 496 600 540 pro
628 479 811 525 salsitate
833 481 1116 536 resistentem,
1135 496 1325 540 pressum
1350 497 1458 527 con-

72 553 350 598 travenientis
379 552 571 597 veritatis
601 551 835 610 angustiis,
878 552 1027 596 insana
1059 552 1205 612 potius
1240 553 1460 598 anhelasse

72 624 282 679 convicia,
318 638 449 684 quam
472 638 570 668 cum
594 622 666 666 illa
689 638 788 682 quae
809 622 924 667 vinci
958 638 1046 667 non
1076 632 1218 682 potest
1236 624 1461 669 ambulare

74 694 273 739 voluisse.

131 768 179 808 L.
204 767 328 809 Nunc
343 764 432 823 jam
453 764 650 819 obsecro,
672 763 819 822 paucis
842 763 1034 806 animum
1058 762 1287 819 intendite,
1313 773 1363 808 ut
1383 779 1462 809 vo-

74 836 138 881 bis
160 835 268 895 quid
296 836 510 890 timuerit,
537 844 586 880 ut
608 835 662 879 ad
688 836 772 879 hoc
793 850 882 878 non
908 834 1216 894 responderet,
1237 835 1462 879 evidenter

72 904 296 951 ostendam
312 941 323 960 ‚
348 914 390 949 ct
413 905 533 965 quod
558 906 790 950 obscurare
812 914 994 950 conatus
1012 914 1102 961 est,
1124 905 1169 949 in
1190 904 1334 950 lucem
1360 920 1461 965 pro-

74 976 223 1021 feram.
258 980 430 1021 Poterat
454 977 606 1036 utiquc
631 976 756 1020 nobis
784 976 1098 1036 quaerentibus,
1130 975 1249 1021 unde
1275 975 1463 1020 abluen-

73 1047 154 1090 dus
168 1047 222 1090 sit
234 1047 310 1106 qui
326 1046 480 1105 accipit
495 1047 758 1106 baptismum
777 1062 876 1090 cum
896 1046 1039 1090 dantis
1056 1046 1223 1106 polluta
1241 1047 1461 1091 conscien-

73 1118 129 1162 tia
163 1127 241 1173 est,
267 1127 310 1161 et
342 1118 425 1162 hoc
457 1117 529 1161 ille
556 1119 631 1178 qui
661 1127 723 1162 est
752 1127 1008 1178 accepturus
1039 1119 1224 1176 ignorat,
1259 1117 1462 1162 facillime

4 1207 8 1213 ’
75 1187 360 1247 respondere,
395 1203 417 1231 a
447 1188 633 1232 Domino
660 1191 774 1245 Deo,
806 1198 848 1232 et
876 1189 1055 1232 omnino
1079 1188 1360 1233 fidentissime
1391 1188 1460 1232 di-

74 1274 186 1314 cere,
205 1262 382 1303 Prorsus
399 1261 512 1303 Deus
528 1259 666 1303 abluit
680 1260 929 1318 accipientis
943 1259 1269 1313 conscientiam,
1285 1259 1463 1319 quando

0 1344 7 1368 ἰ
73 1330 336 1374 maculosam
365 1345 453 1373 non
475 1338 621 1373 sancte
644 1330 785 1373 dantis
811 1329 995 1387 ignorat.
1023 1328 1106 1374 Sed
1127 1330 1260 1374 homo
1279 1330 1355 1389 qui
1372 1331 1463 1388 jam

74 1408 200 1444 sectae
227 1409 380 1444 vestrae
408 1399 651 1444 intentione
679 1408 852 1444 coactus
874 1399 1016 1443 fuerat
1037 1398 1368 1443 mundationem
1393 1414 1467 1442 ac·-

74 1471 271 1531 cipientis
298 1472 342 1515 in
362 1471 624 1516 conscientia
643 1470 785 1515 dantis
801 1485 979 1530 ponere,
1001 1472 1164 1530 quippe
1181 1471 1258 1530 qui
1279 1470 1465 1526 dixerat,

9 1541 14 1577 ‘-
77 1560 96 1582 »
123 1543 400 1586 Conscientia
418 1557 609 1601 namque
625 1541 783 1596 dantis,
805 1560 824 1582 »
850 1540 934 1596 vel,
954 1560 974 1583 «
996 1550 1143 1585 sancte
1167 1540 1308 1585 dantis
1331 1549 1467 1584 atten-

10 1671 14 1675 ‚
75 1613 207 1666 ditur,
243 1628 341 1672 quae
378 1613 527 1656 abluat
554 1612 831 1671 accipientis;
855 1630 874 1652 »
905 1612 1047 1656 timuit
1072 1627 1127 1655 ne
1156 1610 1311 1655 melius
1333 1612 1467 1655 homo

13 1709 15 1722 2
78 1683 284 1742 baptizari
310 1682 530 1727 videretur
552 1683 605 1726 ab
627 1682 800 1727 occulto
822 1682 1000 1727 homine
1022 1682 1154 1737 malo,
1180 1697 1312 1742 quam
1337 1698 1360 1726 a
1383 1697 1470 1726 ma-

16 1779 17 1782 =
77 1753 235 1799 nifesto
256 1755 432 1798 homine
456 1755 573 1798 bono
592 1774 600 1799 :
621 1764 727 1798 tunc
746 1755 860 1798 enim
880 1769 968 1799 non
992 1770 1015 1798 a
1038 1755 1300 1798 conscientia
1322 1762 1470 1797 sancte

4 1825 19 1866 ’ζ
77 1823 218 1868 dantis
242 1824 451 1880 hominis,
478 1825 553 1870 sed
581 1825 635 1868 ab
658 1825 749 1884 ipsa
772 1824 1123 1869 excellentissima
1146 1825 1223 1868 Dei
1246 1824 1472 1868 sanctitate

77 1905 186 1939 esset
208 1894 469 1939 abluendus.
498 1898 591 1940 Hoc
613 1911 717 1955 ergo
739 1905 953 1950 metuens,
980 1911 1034 1939 ne
1059 1905 1177 1940 tanta
1200 1910 1299 1939 eum
1323 1910 1468 1954 seque·

13 2023 16 2026 Δ
80 1975 198 2010 retur
229 1965 499 2022 absurditas,
529 1966 598 2010 vel
626 1969 770 2026 potius
805 1966 1024 2011 dementia
1046 2001 1056 2021 ,
1094 1976 1140 2010 ut
1173 1982 1259 2026 qua
1304 1965 1473 2023 sugeret

8 2087 12 2091 ‚
79 2038 298 2092 nesciret,
344 2038 486 2082 noluit
527 2038 671 2082 dicere
714 2038 832 2081 unde
871 2038 925 2081 sit
961 2037 1211 2096 accipientis
1254 2035 1473 2080 abluenda

9 2099 14 2164 s
78 2107 358 2161 conscientia,
391 2109 568 2167 quando
594 2107 857 2152 maculosam
883 2108 1190 2152 conscientiam
1216 2122 1306 2151 non
1326 2115 1474 2151 sancte

80 2179 223 2222 dantis
246 2179 444 2237 ignorat,
469 2189 512 2224 et
529 2180 715 2238 litigioso
737 2180 921 2239 strepitu
945 2188 1103 2224 cuncta
1124 2179 1384 2238 perturbans
1405 2193 1475 2223 oe-

79 2248 244 2294 cultare
268 2248 422 2293 maluit
445 2249 552 2309 quid
576 2250 630 2294 ab
654 2266 705 2294 eo
729 2259 1015 2310 quaereretur,
1041 2265 1173 2309 quam
1190 2251 1273 2294 hoc
1295 2265 1475 2308 respon-

16 2307 21 2318 ”
80 2321 182 2364 dere
213 2321 444 2380 quaerenti,
474 2321 593 2364 unde
628 2322 770 2365 statim
795 2321 1081 2365 suffocaretur
1108 2339 1115 2365 :
1146 2335 1372 2379 nunquam
1408 2329 1477 2363 13„

80 2405 181 2435 men
204 2400 363 2451 putans
392 2392 446 2434 ab
476 2392 725 2435 hominibus
754 2392 866 2435 bene
894 2390 1081 2435 cordatis
1104 2390 1187 2448 legi
1211 2405 1333 2448 posse
1356 2388 1477 2434 litte-

82 2476 147 2506 ras
178 2471 370 2515 nostras,
410 2470 485 2504 aut
528 2461 582 2504 ab
625 2462 685 2504 eis
713 2461 799 2519 legi
830 2477 925 2506 suas
954 2462 1030 2521 qui
1059 2461 1259 2518 legissent
1278 2469 1320 2503 et
1342 2474 1473 2515 meas,

25 2547 27 2551 ’
89 2531 250 2592 quibus
275 2530 534 2591 respondere
557 2546 600 2574 se
622 2531 762 2574 finxit.

143 2604 217 2646 LI.
241 2604 352 2646 Nam
372 2602 456 2647 hoc
470 2599 590 2660 quod
606 2602 736 2647 modo
754 2600 860 2656 dixi,
885 2601 929 2645 in
953 2599 1025 2646 illa
1043 2600 1131 2660 ipsa
1155 2599 1346 2659 Epistola
1363 2614 1475 2655 mea,
