1825 3264
349 249 373 285 8
778 250 812 276 s.
849 244 1077 273 annosum
1110 241 1286 269 Emscom

350 322 469 385 quod
498 321 552 363 de
576 316 793 376 Scriptura
808 312 1003 373 posuisti.
1029 312 1136 354 Nam
1150 307 1250 367 quia
1269 303 1431 349 mortui
1446 301 1586 347 solent
1606 315 1725 359 mys-

347 396 429 440 tice
444 388 648 451 appellari
665 401 814 431 omnes
827 383 980 443 iniqui,
999 379 1275 425 manifestum
1297 385 1359 420 est
1379 394 1388 420 :
1413 374 1488 418 sed
1508 373 1715 445 Christus,

347 466 467 524 cujus
499 471 561 505 est
596 458 807 518 baptisma
839 469 990 499 verum
1008 488 1019 507 ,
1045 450 1164 511 quod
1198 456 1375 509 propter
1406 445 1592 490 hominis
1616 446 1716 514 Yltla

345 535 485 580 dicitis
502 532 675 583 falsum,
695 529 800 573 vivit
816 526 966 570 sedens
981 523 1035 568 ad
1054 522 1272 566 dexteram
1292 518 1441 569 Patris,
1466 525 1508 559 et
1522 522 1602 552 nec
1622 522 1713 567 lpsa

346 607 484 651 carnis
503 602 753 647 infirmitate
771 601 860 659 jam
882 596 1090 640 morietur
1105 628 1116 647 ,
1136 600 1173 633 et
1195 603 1309 632 mors
1334 585 1372 628 ei
1392 584 1502 628 ultra
1522 593 1612 622 non
1633 576 1712 623 do-

345 676 583 722 minabitur
603 690 612 715 :
639 673 762 732 cujus
783 669 995 728 baptismo
1012 665 1084 726 qui
1101 659 1344 717 baptizatur
1357 690 1367 705 2
1392 665 1481 728 11911
1498 666 1521 695 a
1539 658 1714 695 mortuo

678 752 695 786 t
715 742 748 785 Si
772 739 881 784 forte
908 727 1083 781 ministri
1105 724 1285 784 operarii
1311 721 1451 766 doloS1
1484 736 1562 765 sua
1588 736 1711 780 quae-

345 750 629 863 ξέῐξᾟξᾞῒιὲἇ
651 759 750 873 31138
768 814 866 852 Jesu
893 797 1038 852 (jn-isti
1055 830 1066 848 ,
1092 803 1135 837 et
1161 792 1451 852 Evangelium
1483 806 1572 836 non
1599 798 1713 835 caste

347 853 672 934 mhmnssiames‘
695 888 733 916 „s
755 876 967 920 Christum
990 879 1066 924 per
1087 864 1416 908 contentionem
1438 871 1481 906 et
1504 858 1712 905 invidiam

346 959 610 1020 pmdjcams„
625 972 636 991 ,
663 950 834 998 propter
856 935 1104 995 iniquitates
1125 950 1222 978 suas
1249 934 1411 978 mortui
1434 941 1535 977 suut
1562 929 1715 991 appel-

349 1030 462 1074 'andi
500 1016 792 1060 ,aramentum
814 1014 958 1048 tamen
976 1006 1052 1048 Dei
1069 1006 1153 1049 vivi
1169 1005 1308 1049 necin
1323 1013 1496 1047 mortuo
1511 1002 1710 1046 moritur.

348 1065 521 1146 Morsus
537 1077 650 1120 enim
675 1085 766 1120 erat
790 1076 940 1120 Simon
959 1075 1032 1119 ille
1055 1092 1076 1119 a
1101 1076 1304 1135 Philippo
1325 1075 1371 1118 in
1391 1073 1580 1118 Samaria
1604 1073 1714 1132 bap-

349 1158 487 1217 fittus,
526 1148 602 1206 qui
639 1150 809 1191 Donum
846 1148 923 1190 Dei
952 1146 1128 1190 volebat
1158 1146 1343 1205 pecunia
1382 1159 1635 1204 comparare
1660 1146 1671 1168 ¹
1701 1164 1711 1188 ε

337 1216 388 1260 ed
413 1217 588 1261 vivebat
610 1217 665 1261 ad
687 1220 780 1278 ejus
803 1232 981 1277 poenam
1007 1217 1219 1274 baptisma
1242 1215 1364 1275 quod
1386 1214 1591 1258 habebat.

377 1289 494 1331 xvi.
522 1291 664 1341 Quam
686 1289 740 1332 sit
758 1297 903 1332 autem
921 1288 1079 1332 falsum
1093 1288 1213 1347 quod
1230 1286 1335 1331 dicis
1353 1306 1360 1330 :
1383 1305 1401 1327 «
1419 1286 1564 1330 Ambo
1581 1285 1712 1329 vitam

321 1358 522 1416 baptismi
544 1373 634 1401 non
654 1358 834 1411 habent,
861 1367 904 1402 et
924 1359 1000 1418 qui
1020 1372 1246 1418 nunquam
1277 1357 1448 1416 penitus
1471 1357 1640 1409 habuit,
1666 1364 1708 1399 et

320 1429 394 1488 qui
420 1428 574 1472 habuit
595 1439 638 1472 et
661 1430 818 1483 amisit,
846 1447 866 1469 »
894 1430 996 1473 hinc
1017 1429 1120 1473 licet
1138 1429 1352 1483 advertas,
1373 1427 1494 1488 quod
1510 1428 1587 1488 qui
1606 1429 1715 1487 bap-

318 1500 435 1544 tizati
458 1509 717 1558 apostatant,
734 1511 777 1544 et
796 1516 870 1559 per
884 1501 1187 1559 poenitentiam
1209 1500 1410 1554 redeunt,
1427 1494 1516 1544 tion
1538 1501 1597 1544 eis
1618 1498 1713 1544 red-

316 1570 435 1614 ditur
457 1571 711 1630 baptismus,
737 1586 869 1631 quem
889 1571 922 1615 si
942 1573 1211 1625 amitterent,
1244 1570 1517 1615 redderetur.
1546 1571 1710 1615 Mortui

317 1657 419 1685 sane
434 1641 796 1701 vestriquomodo
810 1642 1031 1701 baptizant
1041 1643 1285 1687 secundum
1299 1657 1473 1686 sensum
1487 1643 1708 1686 vestrum?

320 1715 388 1756 An
408 1712 568 1755 mortui
596 1728 684 1756 non
707 1717 841 1770 sunt(
862 1722 911 1756 ut
933 1723 1088 1757 caetera
1110 1719 1281 1758 taceam'
1297 1748 1307 1767 ,
1337 1722 1380 1756 et
1413 1713 1555 1757 dicam
1589 1711 1710 1772 quod

319 1782 521 1826 omnibus
544 1792 697 1827 notum
717 1792 849 1844 atque
870 1784 1176 1844 quotidianum
1200 1786 1294 1842 est)
1309 1783 1465 1827 ebriosi
1483 1785 1501 1827 Ρ
1523 1785 1637 1829 Cum
1655 1783 1710 1827 de

317 1852 447 1897 vidua
470 1852 586 1898 dicat
606 1854 838 1913 Apostolus
863 1869 871 1895 z
903 1873 924 1897 «
959 1857 1067 1907 Quae
1089 1864 1237 1900 autem
1259 1856 1303 1899 in
1326 1854 1490 1898 deliciis
1512 1856 1616 1913 agit,
1640 1854 1709 1899 vi-

320 1942 340 1964 »
376 1939 479 1967 vens
504 1933 672 1969 mortua
694 1934 758 1969 est
776 1927 792 1949 ²
810 1927 828 1968 P
844 1944 864 1966 υ
892 1925 1055 1970 Deinde
1074 1927 1120 1969 in
1142 1924 1217 1971 illo
1238 1925 1424 1970 concilio
1441 1934 1600 1980 vestro,
1618 1940 1709 1986 quo

321 1996 628 2040 Maximianum
653 2011 755 2041 cum
778 1997 864 2041 suis
886 1997 1135 2042 auctoribus
1159 1997 1230 2042 vel
1250 1998 1337 2042 suis
1359 1997 1565 2041 ministris
1583 1997 1710 2041 dam-

324 2068 468 2115 nastis,
481 2067 641 2110 excidit
656 2067 735 2111 tibi
750 2083 881 2126 quam
900 2068 1158 2128 eloquenter
1174 2068 1388 2113 dixeritis:
1402 2068 1711 2128 AEgyptiorum
1776 2064 1783 2080 ”

322 2135 560 2180 admodum
584 2135 798 2194 exemplo,
820 2138 1097 2195 pereuntium
1121 2137 1348 2182 funeribus
1369 2138 1499 2196 plena
1520 2148 1622 2182 sunt
1637 2137 1713 2181 lit-

320 2216 439 2260 tora,
465 2206 625 2266 quihus
652 2207 696 2249 in
729 2208 819 2265 ipsa
846 2216 983 2251 morte
1010 2208 1147 2266 maj0r
1170 2216 1234 2251 est
1263 2222 1397 2266 poena
1414 2241 1425 2261 ‚
1460 2207 1583 2268 quod
1615 2218 1713 2267 post

319 2286 529 2321 extortam
551 2277 672 2336 aquis
690 2276 916 2321 ultricibus
945 2278 1152 2332 animam,
1178 2292 1258 2322 neo
1287 2278 1423 2337 ipsam
1445 2279 1711 2323 invenerunt

322 2347 587 2406 sepulturam
610 2350 628 2390 Ρ
653 2366 672 2388 »
699 2351 755 2391 Et
783 2358 927 2392 tamen
949 2364 1063 2392 unus
1095 2364 1247 2394 eorum
1280 2349 1525 2395 Felicianus
1561 2359 1710 2395 utrum

324 2419 543 2471 revixerit,
571 2433 644 2462 vos
665 2418 857 2462 videritis
879 2438 887 2462 :
913 2434 1060 2463 secum
1080 2428 1226 2464 tamen
1248 2421 1365 2480 apud
1392 2436 1468 2466 vos
1492 2422 1611 2466 intus
1631 2422 1710 2466 ha-

329 2490 416 2540 bet,
434 2504 542 2548 quos
565 2488 667 2533 foris
690 2498 886 2534 mortuus
908 2490 1157 2550 baptizavit:
1183 2492 1303 2538 Sicut
1319 2507 1421 2552 ergo
1438 2509 1462 2537 a
1479 2494 1579 2538 vivo
1601 2492 1710 2551 bap-

378 2582 384 2594 ¹
412 2576 486 2605 Act.
508 2585 575 2612 vni,
601 2575 637 2605 113
658 2579 687 2605 et
707 2576 837 2605 15⁷».—2
855 2576 934 2607 Tim.
956 2587 989 2616 v,
1006 2576 1038 2608 6.
