1825 3264
329 267 492 297 CONTRA
526 265 994 309 LITTERAS-PETILIANI,
1031 269 1114 298 Lm.
1150 271 1198 297 11.
1383 260 1460 297 121

80 337 166 381 huc
195 332 364 389 venitis,
395 333 588 378 desinitis
616 348 706 378 esse
724 334 845 394 quod
868 333 1040 380 odimus
1056 370 1068 392 ‚
1099 345 1143 381 ct
1167 334 1354 396 incipitis
1378 350 1468 383 esse

61 405 201 467 ‘quod
224 420 432 450 amamus.

137 478 310 523 CCXX.
340 479 601 522 PzTimes
621 474 728 520 dixit
753 493 762 520 ε
791 494 811 518 «
836 474 997 535 Eligite
1016 474 1194 520 tandem
1215 475 1270 520 de
1296 476 1469 522 duobus

79 546 264 591 alterum
283 547 393 608 quid
411 547 576 592 dicatis.
598 547 640 591 Si
655 546 904 591 innocentia
922 546 1045 591 vobis
1065 554 1146 600 est,
1163 560 1241 589 cur
1262 562 1340 592 nos
1355 547 1470 592 ferro

77 618 331 662 sectamini?
348 618 482 663 Autsi
504 631 597 662 reos
619 632 697 662 nos
719 615 876 672 dicitis,
901 616 1008 677 quid
1022 631 1101 660 nos
1121 617 1316 676 quaeritis
1337 617 1466 662 inno-

78 697 224 735 centes
248 689 266 729 ‘2
293 709 310 729 »

136 760 334 804 CCXXI.
377 761 655 804 Arcusnnus
694 758 917 819 respondit
945 777 955 804 z
980 759 1018 803 Ο
1041 757 1329 803 acutissimam
1347 773 1468 803 com-

75 827 341 889 plexionem,
367 845 422 873 an
446 830 589 889 potius
611 830 921 889 ineptissimam
945 828 1257 889 loquacitatem
1276 830 1292 872 ?
1313 831 1468 874 Nonne

76 900 136 945 ibi
158 901 342 960 proponi
360 900 467 944 solet
484 910 532 945 ut
554 900 738 959 eligatur
761 900 944 946 alterum
964 900 1019 945 de
1042 900 1217 944 duobus
1239 899 1358 960 quod
1377 916 1466 945 res-

75 971 344 1032 pondeatur,
370 972 446 1016 ubi
470 981 708 1032 utrumque
732 988 821 1018 non
845 981 986 1033 potest
1016 971 1118 1032 eligi
1139 973 1282 1016 PNam
1306 972 1340 1015 si
1360 973 1467 1017 mihi

74 1057 357 1102 proponeres,
371 1052 421 1087 ut
437 1042 641 1102 eligerem
659 1043 844 1088 alterum
861 1042 916 1088 de
936 1042 1113 1088 duobus
1132 1042 1241 1104 quid
1258 1041 1463 1099 dicerem,

75 1121 226 1156 utrum
249 1113 501 1157 innocentes
528 1127 584 1156 an
613 1123 819 1158 nocentes
840 1114 995 1168 simus,
1028 1113 1099 1158 vel
1119 1129 1266 1158 rursus
1296 1128 1347 1158 ex
1375 1113 1467 1158 aliis

75 1181 250 1227 duobus
273 1183 361 1227 sive
382 1197 433 1227 ex
454 1183 543 1227 istis
559 1217 571 1238 ,
597 1198 683 1228 non
707 1199 877 1244 possem
900 1185 981 1228 nisi
1003 1199 1142 1228 unum
1165 1184 1325 1244 eligere
1346 1184 1468 1244 quod

77 1252 266 1297 dicerem
289 1272 298 1298 ε
321 1268 439 1297 nunc
461 1268 564 1298 vero
587 1254 792 1313 proponis
814 1255 908 1299 haec
930 1255 1036 1310 duo,
1062 1263 1212 1298 utrum
1236 1269 1314 1299 nos
1337 1254 1466 1298 inno-

74 1332 220 1368 centes
240 1323 373 1368 simus
387 1358 399 1378 ,
423 1338 480 1367 an
501 1339 577 1368 vos
600 1324 661 1368 rei
683 1325 789 1379 sitis,
810 1334 854 1369 et
873 1326 936 1369 vis
954 1334 1004 1370 ut
1024 1340 1165 1369 unum
1187 1340 1238 1368 ex
1266 1325 1330 1368 his
1352 1324 1466 1370 duo-

74 1393 156 1438 bus
178 1393 335 1453 eligam
356 1393 477 1454 quod
504 1394 806 1454 respondeam.
829 1398 887 1439 At
903 1410 982 1454 ego
1005 1393 1109 1441 nolo
1127 1410 1266 1439 unum
1284 1395 1429 1439 dicere
1454 1416 1466 1453 3

75 1464 179 1525 quia
201 1473 439 1525 utrumque
459 1465 581 1519 dico,
609 1474 653 1510 et
674 1481 753 1510 nos
774 1466 1044 1521 innocentes,
1069 1474 1114 1510 et
1133 1480 1210 1510 vos
1239 1480 1348 1510 reos.
1382 1467 1469 1511 Nos

76 1549 167 1580 esse
191 1535 446 1581 innocentes
463 1535 648 1580 dicimus
671 1551 694 1580 a
712 1535 828 1581 falsis
844 1545 888 1581 et
905 1535 1184 1581 calumniosis
1198 1535 1469 1580 criminatio-

75 1605 206 1650 nibus
238 1607 420 1661 vestris,
451 1607 720 1667 quicumque
752 1606 796 1649 in
833 1606 1060 1651 Catholica
1093 1621 1321 1666 possumus
1352 1604 1469 1650 salva

75 1676 338 1721 conscientia
361 1675 523 1732 dicere,
540 1692 621 1722 nec
643 1686 813 1722 sanctos
835 1676 1005 1722 codices
1026 1692 1105 1722 nos
1125 1675 1368 1731 tradidisse,
1389 1691 1469 1720 nec

74 1745 292 1791 idolorum
322 1747 717 1807 supplicationibus
747 1748 1040 1803 consensisse,
1081 1762 1162 1792 nec
1202 1761 1469 1807 quemquam

75 1817 282 1863 occidisse
307 1839 319 1877 3
342 1818 412 1863 vel
429 1820 464 1863 si
485 1817 593 1879 quid
612 1819 730 1863 aliud
752 1818 855 1863 mali
878 1818 1024 1863 soletis
1046 1819 1234 1879 objicere
1259 1838 1269 1864 2
1294 1834 1375 1863 nec
1398 1832 1470 1863 eos

75 1888 150 1948 qui
164 1886 292 1944 forte,
308 1889 430 1950 quod
442 1890 619 1950 quidem
632 1905 713 1934 nec
727 1889 896 1949 deipsis
910 1891 1141 1949 probastis,
1158 1891 1234 1934 ista
1251 1889 1467 1944 fecerunt,

75 1967 227 2003 contra
245 1974 323 2003 nos
335 1975 520 2018 regnum
542 1959 775 2015 coelorum,
793 1959 870 2004 sed
887 1970 1039 2005 contra
1056 1976 1100 2004 se
1117 1961 1231 2020 ipsos
1245 1959 1467 2004 clausisse:

75 2029 178 2087 quia
210 2030 513 2088 unusquisque
548 2039 746 2074 nostrum
777 2030 990 2074 sarcinam
1025 2044 1146 2073 suam
1172 2037 1330 2088 portat.
1358 2031 1471 2073 Ecce

75 2099 211 2143 habes
226 2115 380 2144 unum.
403 2103 459 2144 Et
473 2115 549 2144 vos
566 2115 716 2145 omnes
731 2110 938 2145 nocentes
955 2109 998 2145 et
1011 2099 1240 2145 sceleratos
1255 2115 1361 2158 esse,
1382 2115 1471 2144 non

77 2168 182 2214 alios
196 2169 379 2214 aliorum
403 2170 657 2215 criminibus
675 2186 775 2231 quae
793 2170 909 2230 apud
923 2186 999 2215 vos
1023 2187 1047 2215 a
1068 2169 1333 2231 quibusdam
1357 2184 1472 2214 com·

0 2250 8 2281 r·
76 2241 327 2301 mittuntur,
353 2252 398 2287 et
421 2258 445 2286 a
464 2241 727 2302 quibusdam
750 2241 1133 2302 reprehenduntur
1148 2277 1159 2297 ,
1185 2242 1261 2286 sed
1291 2241 1472 2286 crimine

76 2311 316 2357 schismatis
333 2347 344 2368 ,
377 2329 401 2357 a
429 2328 519 2373 quo
547 2313 858 2358 immanissimo
880 2313 1102 2373 sacrilegio
1127 2329 1255 2358 nemo
1278 2322 1471 2357 vestrum

76 2397 120 2427 se
155 2392 297 2442 potest
325 2382 471 2428 dicere
503 2384 744 2428 immunem
767 2419 779 2439 ‚
824 2384 1019 2445 quandiu
1057 2399 1144 2429 non
1175 2383 1472 2428 communicat

78 2451 235 2496 unitati
258 2453 453 2497 omnium
477 2454 688 2512 gentium,
726 2455 805 2499 nisi
836 2465 1018 2514 cogatur
1040 2455 1181 2497 dicere
1199 2455 1254 2497 de
1276 2452 1469 2497 Ecclesia

78 2538 177 2582 quae
192 2537 268 2582 pcr
281 2538 430 2567 omnes
449 2533 598 2582 gentes
616 2524 898 2580 diffunditur,
919 2525 1129 2584 incipiens
1143 2523 1197 2568 ab
1210 2522 1466 2579 Jerusalem,

78 2592 301 2637 Christum
322 2593 453 2639 fuisse
468 2595 719 2639 mentitum.
734 2597 846 2640 Ecce
865 2596 998 2640 habes
1018 2594 1218 2640 alterum.
1244 2597 1356 2640 Ecce
1374 2593 1469 2639 red-
