1825 3264
289 256 371 295 488
719 271 751 295 s.
789 267 1017 296 Avensa-im
1048 268 1231 296 EPISCOPI

287 338 418 379 homo
440 335 695 394 sacrilegus,
720 350 801 380 nec
823 336 950 381 arbor
977 337 1091 381 bona
1122 344 1212 380 erat
1241 335 1286 378 in
1314 335 1507 394 sacrilegi
1529 336 1665 381 schis-

283 406 408 450 matis
432 405 636 450 societate
658 405 912 462 damnatus,
946 416 988 451 et
1018 405 1161 451 adhuc
1189 407 1233 450 in
1261 404 1414 450 eodem
1444 406 1668 466 sacrilegio

283 475 573 533 constitutus;
597 491 677 521 nec
701 478 841 522 bonus
864 487 955 522 erat
975 478 1052 537 qui
1080 477 1135 521 de
1158 477 1275 522 bono
1303 477 1506 534 thesauro
1528 477 1670 522 cordis

284 548 348 591 sui
370 546 583 606 proterret
606 548 720 593 bona
737 551 768 604 ¹,
794 548 972 609 quando
995 548 1049 593 de
1076 548 1151 593 illo
1175 558 1217 593 et
1241 547 1295 593 de
1318 547 1411 592 aliis
1430 549 1521 609 ejus
1547 549 1672 594 sociis

286 618 529 673 dicebatur,
554 638 573 661 «
595 621 791 672 Quorum
809 635 854 664 os
876 619 1180 664 maledictione
1204 628 1247 664 et
1265 618 1554 664 amaritudine
1575 618 1672 678 ple-

288 704 309 728 n
336 703 442 732 num
468 698 529 733 est
548 692 580 730 2.
600 707 620 730 »
645 692 701 733 Et
717 698 865 734 'tamen
884 690 1062 750 quando
1080 705 1180 734 cum
1199 689 1275 734 illo
1293 691 1421 734 vestri
1438 690 1674 734 concorda-

286 767 444 802 verunt
460 794 470 813 ,
502 759 765 819 baptismum
788 775 918 820 quem
944 759 1038 803 talis
1060 759 1261 814 dederat,
1287 775 1375 804 non
1399 759 1532 819 ipsius
1554 774 1644 804 esse
1659 794 1670 815 ,

285 828 359 872 sed
389 829 548 873 Christi
571 829 806 890 aliquando
827 831 869 874 vi
885 831 1078 874 veritatis
1097 830 1232 874 territi
1253 840 1567 888 cognoverunt.

345 901 510 942 XXXI.
538 903 629 958 Age
655 902 745 960 jam
772 901 994 944 videamus
1021 916 1099 945 suo
1129 900 1226 945 loco
1253 901 1298 944 in
1329 899 1509 959 epistola
1541 909 1589 944 tu
1621 899 1676 943 de

291 969 697 1014 R‘laximianensium
720 985 847 1014 causa
869 969 1091 1030 quomodo
1118 979 1160 1013 te
1187 985 1330 1014 exuas.
1362 971 1525 1013 Omnes
1560 969 1676 1013 enim

293 1039 367 1097 qui
392 1040 468 1082 has
490 1039 652 1083 litteras
672 1039 847 1098 legunt,
871 1049 1104 1099 expectant
1133 1040 1287 1099 procul
1315 1040 1450 1084 dubio
1479 1039 1548 1084 vel
1569 1038 1678 1099 quid

292 1109 395 1152 hinc
419 1124 438 1152 a
464 1118 506 1152 te
529 1109 694 1154 dictum
718 1111 792 1165 sit,
819 1110 896 1153 ubi
918 1110 1082 1154 dictum
1107 1111 1175 1165 sit,
1201 1109 1269 1154 vel
1292 1126 1315 1154 a
1344 1125 1415 1154 me
1445 1109 1552 1170 quid
1587 1124 1678 1153 res-

290 1194 492 1238 ponsum.
520 1183 672 1240 Itaque
695 1180 749 1224 de
772 1181 933 1240 Optato
951 1181 1214 1225 Gildoniano
1231 1181 1352 1240 quod
1375 1181 1555 1240 objectis
1572 1181 1680 1224 meis

290 1250 567 1309 respondisti,
590 1250 692 1295 nolo
717 1251 947 1306 discutere,
979 1251 1081 1296 nolo
1103 1253 1146 1295 in
1165 1252 1350 1297 hominis
1368 1267 1512 1307 causa,
1535 1253 1590 1295 de
1607 1267 1682 1296 cu-

287 1321 357 1380 ¹ius
379 1337 401 1364 a
423 1321 574 1365 vestris
598 1320 879 1366 damnatione
902 1322 963 1365 nil
980 1337 1077 1381 ago,
1102 1322 1265 1366 diutius
1291 1323 1527 1366 immorari.
1549 1322 1680 1366 Facio

289 1401 404 1436 certe
423 1394 639 1452 jacturam
660 1394 788 1453 hujus
817 1395 976 1454 objecti
994 1429 1004 1449 ,
1025 1403 1068 1438 et
1089 1395 1171 1438 hoc
1194 1393 1374 1438 fortasse
1396 1394 1514 1453 apud
1532 1402 1680 1453 poste-

295 1477 389 1516 ros,
430 1478 531 1506 cum
566 1462 681 1507 illius
712 1464 845 1508 fuerit
877 1463 1105 1508 obliterata
1135 1464 1343 1509 memoria
1379 1483 1388 1508 ι
1425 1478 1544 1508 nunc
1577 1478 1681 1508 vero

293 1533 491 1593 quandiu
520 1543 621 1577 sunt
651 1534 849 1578 homines
888 1536 964 1594 qui
993 1537 1127 1579 vitam
1156 1533 1270 1579 illius
1296 1549 1527 1594 moresque
1548 1549 1682 1579 nove-

295 1613 414 1658 runt,
440 1619 594 1663 parum
618 1620 688 1648 me
710 1606 765 1649 de
787 1605 862 1650 illo
883 1605 1052 1659 dixisse,
1079 1621 1210 1666 quam
1239 1604 1395 1650 falsum
1411 1606 1554 1666 potius
1574 1621 1683 1650 con-

296 1683 552 1732 querentur.
573 1677 725 1732 Neque
743 1675 859 1718 enim
881 1676 940 1719 sic
966 1675 1117 1733 legunt
1140 1676 1303 1720 litteras
1327 1685 1516 1731 nostraS,
1546 1684 1592 1719 ut
1615 1685 1680 1731 tu,

297 1744 372 1802 qui
407 1759 456 1786 ex
479 1759 549 1787 me
570 1744 744 1804 quaeris,
769 1744 842 1788 ille
863 1761 993 1805 quem
1030 1755 1238 1805 tanquam
1267 1746 1468 1806 rapidum
1499 1746 1683 1790 fluctum

294 1811 599 1872 appellaverim
616 1849 626 1867 ,
647 1813 754 1873 quid
775 1814 1064 1870 absorbuerit,
1087 1830 1189 1859 cum
1209 1814 1298 1859 illic
1312 1816 1473 1860 habeas
1492 1819 1682 1859 Praetex-

296 1893 431 1928 tatum
465 1894 508 1928 et
537 1885 822 1929 Felicianum.
863 1885 968 1929 Nam
1005 1885 1138 1929 verba
1171 1901 1267 1930 mea
1297 1885 1386 1930 illic
1429 1886 1487 1929 sic
1522 1901 1566 1929 se
1601 1886 1682 1929 ha-

299 1957 427 1999 bent:
458 1975 478 1997 «
509 1957 573 1999 Ita
612 1955 836 2015 quidemss,
867 1956 1073 2016 inquam,
1118 1957 1186 2001 isti
1222 1955 1435 2001 insultant
1473 1956 1682 2001 schisma-

295 2028 387 2070 ticis
420 2027 527 2081 suis,
566 2036 614 2070 ut
637 2043 709 2071 eos
737 2036 781 2071 et
810 2037 1004 2072 mortuos
1030 2037 1073 2072 et
1101 2027 1338 2087 insepultos
1373 2035 1530 2072 vocent
1562 2046 1571 2071 τ
1608 2028 1683 2071 sed

293 2106 409 2141 certe
431 2107 580 2156 optare
609 2098 858 2142 debuerunt
889 2107 939 2142 ut
970 2097 1283 2158 sepelirentur,
1316 2113 1372 2141 ne
1394 2097 1449 2142 de
1479 2096 1682 2141 multitu-

296 2168 397 2211 dine
423 2169 663 2227 jacentium
691 2169 737 2212 in
765 2167 910 2212 littore
936 2168 1195 2213 cadaverum
1223 2168 1566 2228 insepultorum,
1594 2167 1682 2211 Gil-

299 2239 513 2282 douianus
534 2241 719 2299 Optatus
741 2238 946 2283 incedens
960 2255 1059 2284 cnm
1083 2241 1254 2299 agmine
1274 2239 1450 2282 militari
1473 2248 1682 2297 tanquam

301 2310 478 2368 rapidus
493 2311 651 2354 fluctus
676 2309 789 2354 ultra
818 2309 1063 2369 prosiliens,
1083 2309 1351 2353 Feliciannm
1379 2317 1422 2352 et
1446 2311 1681 2352 Praetexta-

299 2388 390 2423 tum
422 2380 632 2425 introrsus
662 2390 810 2439 postea
834 2381 1086 2424 resorberet.
1123 2398 1142 2421 n
1177 2382 1281 2424 Haec
1309 2379 1442 2423 verba
1462 2393 1557 2422 mea
1579 2393 1681 2422 cum

298 2450 360 2493 ibi
383 2451 546 2509 legeris,
572 2468 650 2495 cur
669 2467 759 2497 non
781 2453 925 2497 omnia
943 2452 1147 2511 posuisti?
1169 2453 1257 2497 Cur
1274 2466 1343 2495 me
1364 2449 1500 2494 veluti
1521 2449 1675 2507 arguis,

340 2568 347 2581 ¹
374 2563 483 2595 Matth.
513 2575 574 2605 χιι,
603 2565 655 2597 35.
675 2581 715 2588 -
733 2572 744 2590 ²
771 2565 853 2599 Psal.
879 2577 949 2606 xm,
973 2566 1004 2598 3.
1021 2581 1060 2588 --
1079 2563 1089 2587 ³
1112 2564 1191 2598 Vide
1209 2564 1265 2598 lib.
1291 2575 1300 2597 ι
1329 2567 1440 2597 contra
1458 2562 1648 2596 Petilianum
1665 2585 1674 2603 ‚

296 2625 369 2656 cap.
394 2628 441 2647 ιο.
