1825 3264
327 271 406 306 100
750 271 782 300 s.
820 270 862 298 Αι
877 269 1049 298 Grs'nm
1083 268 1262 295 muscom

321 357 429 386 num
451 340 536 384 tela
560 336 860 392 trucidandus,
884 349 1016 395 quam
1043 334 1088 377 in
1113 341 1302 377 vestram
1323 330 1519 390 linguam
1547 329 1708 389 rebap-

325 409 527 456 tizandus
543 408 750 452 incurrat.

380 482 491 526 CXC
500 482 556 524 IL
573 482 832 524 Pnnmmrs
842 474 949 520 dixit
962 493 970 520 t
987 492 1006 517 «
1021 476 1195 519 Monem
1203 487 1250 516 us
1262 486 1338 517 vos
1351 485 1470 530 ergo,
1481 470 1514 514 si
1523 469 1712 514 libenter

323 550 527 605 audiatis,
556 558 600 594 et
628 550 658 593 si
682 563 772 593 non
799 546 986 590 libenter
1007 543 1197 603 accipitis
1213 578 1223 598 ,
1257 541 1543 587 admonemus
1568 561 1580 598 3
1606 539 1710 600 quia

321 622 533 667 Dominus
554 620 752 666 Christus
777 633 867 663 non
890 614 1121 662 occidendi
1138 615 1348 669 formam,
1374 611 1449 657 sed
1471 611 1708 666 moriendi,

322 691 575 739 Christianis
586 690 788 735 instituit.
801 692 911 736 Nam
923 688 956 732 si
969 687 1028 731 ita
1041 694 1334 746 repugnantes
1345 684 1561 744 diligeret,
1576 681 1714 728 nollet

322 778 402 822 pro
423 762 551 806 nobis
572 760 726 806 occidi.
755 779 776 801 »

382 835 579 879 CXCIII.
598 835 874 877 Atersnms
891 828 1114 889 respondit
1143 843 1151 868 :
1189 826 1361 872 Utinam
1393 825 1580 870 formam
1621 825 1714 883 ejus

323 911 610 962 sequerentur
627 910 838 959 martyres
859 899 989 944 vestri
1016 920 1026 955 3
1054 912 1144 942 non
1166 912 1210 941 se
1231 896 1568 956 praecipitarent,
1594 891 1716 954 quod

321 973 397 1017 ille
419 972 595 1018 diabolo
618 980 875 1031 suggerente
894 986 981 1015 non
1001 968 1117 1014 fecit.
1145 970 1232 1012 Vos
1252 977 1395 1011 autem
1417 982 1518 1012 cum
1536 966 1718 1026 majores

320 1053 489 1088 nostros
525 1044 655 1087 etiam
690 1041 920 1086 defunctos
954 1039 1061 1084 falso
1095 1039 1341 1083 testimonio
1374 1036 1687 1097 persequimini
1707 1070 1717 1092 ‚

320 1115 399 1158 ubi
421 1114 642 1173 accepistis
659 1114 772 1157 hanc
792 1112 980 1156 formam
999 1113 1017 1154 Ρ
1040 1110 1170 1163 Quod
1189 1125 1267 1153 nos
1288 1110 1541 1168 ignotorum
1565 1107 1716 1152 crimi-

322 1185 452 1228 nibus
472 1184 689 1228 maculare
714 1182 958 1237 conamini,
987 1196 1088 1226 cum
1113 1189 1356 1226 vestrorum
1385 1179 1614 1224 malefacta
1636 1195 1719 1223 no-

322 1254 485 1299 tissima
502 1255 624 1300 vobis
654 1255 805 1299 obesse
826 1253 989 1308 nolitis,
1018 1253 1095 1296 ubi
1118 1252 1341 1311 accepistis
1357 1252 1471 1295 hanc
1496 1250 1683 1295 formam
1703 1252 1722 1292 ?

326 1324 410 1369 Sed
440 1325 626 1367 nimium
657 1323 955 1382 superbimus,
982 1323 1016 1366 si
1038 1322 1093 1366 de
1115 1322 1239 1366 nobis
1268 1336 1591 1377 succensemus,
1619 1335 1722 1365 cum

325 1393 532 1438 adversus
552 1394 695 1452 ipsum
719 1393 956 1438 Dominum
974 1408 1049 1437 vos
1074 1391 1234 1436 falsum
1253 1393 1551 1437 testimonium
1579 1390 1723 1436 dicere

326 1464 551 1510 videamus
569 1483 578 1509 ι
597 1464 957 1525 quandoquidem
970 1465 1060 1523 ipse
1074 1465 1313 1509 Ecclesiam
1329 1480 1451 1509 suam
1468 1479 1544 1523 per
1568 1477 1723 1509 omnes

328 1543 479 1592 gentes
507 1543 551 1578 et
567 1535 762 1593 promisit
784 1543 827 1578 et
850 1534 1047 1578 exhibuit
1069 1556 1078 1591 3
1101 1543 1144 1578 et
1163 1550 1239 1579 vos
1267 1534 1574 1579 contradicitis.
1600 1535 1724 1578 Hanc

329 1620 436 1649 vero
457 1605 644 1649 formam
667 1620 748 1649 nec
769 1606 822 1649 ab
842 1605 942 1664 ipsis
965 1605 1127 1649 Judaeis
1157 1606 1508 1664 persecutoribus
1531 1604 1723 1664 accepis-

330 1677 383 1720 tis
407 1694 414 1719 :
441 1675 504 1719 illi
527 1678 642 1720 enim
669 1677 884 1735 persecuti
906 1685 1008 1720 sunt
1030 1692 1206 1720 carnem
1227 1677 1493 1729 ambulantis
1519 1678 1566 1721 in
1588 1686 1719 1731 terra,

329 1763 404 1792 vos
419 1748 704 1806 Evangelium
724 1747 910 1791 sedentis
927 1748 972 1791 in
985 1747 1114 1792 coelo.
1129 1749 1258 1801 Quod
1271 1749 1557 1806 Evangelium
1571 1747 1719 1792 mitius

333 1819 514 1877 pertulit
536 1820 806 1864 saevientium
823 1816 982 1878 ‘regum
1006 1820 1216 1875 flammas,
1237 1836 1368 1880 quam
1386 1830 1546 1865 vestras
1563 1819 1727 1880 patitur

330 1888 498 1947 linguas
524 1905 532 1930 ε
555 1905 655 1934 nam
678 1889 760 1933 illis
782 1890 1119 1934 incendentibus
1146 1890 1288 1934 unitas
1307 1891 1478 1945 mansit,
1509 1890 1633 1934 vobis
1659 1888 1727 1934 lo-

331 1960 568 2018 quentibus
595 1975 770 2003 manere
800 1975 889 2004 non
912 1960 1070 2019 potuit.
1098 1961 1184 2012 Qui
1208 1961 1340 2005 verba
1369 1960 1542 2005 Domini
1575 1969 1727 2004 exusta

333 2029 571 2086 cupiebant
599 2028 793 2084 aboleri,
821 2044 911 2073 non
941 2029 1178 2074 credebant
1202 2046 1325 2090 posse
1347 2030 1458 2075 lecta
1486 2029 1722 2075 contemni.

332 2101 430 2144 Non
454 2115 554 2157 ergo
573 2098 636 2142 illi
657 2100 702 2142 in
721 2099 961 2158 Evangelio
983 2110 1233 2145 exercerent
1257 2102 1454 2146 flammas
1471 2116 1584 2156 suas,
1609 2100 1644 2144 si
1668 2100 1727 2144 eis

332 2177 483 2212 contra
513 2169 802 2227 Evangelium
834 2171 1141 2227 permitteretis
1172 2170 1342 2229 linguas
1370 2181 1545 2216 vestras.
1580 2173 1631 2214 In
1654 2169 1728 2215 illa

335 2238 636 2298 persecutione
654 2238 941 2298 Evangelium
958 2241 1118 2285 Christi
1136 2241 1190 2285 ab
1205 2240 1295 2285 aliis
1308 2242 1587 2286 saevientibus
1605 2257 1729 2301 quae·
1767 2294 1783 2301 f

331 2309 591 2363 rebatur,ab
610 2308 700 2352 aliis
714 2310 1009 2353 metuentibus
1027 2311 1310 2369 prodebatur,
1332 2313 1385 2356 ab
1408 2312 1498 2357 aliis
1510 2313 1727 2357 saevienti-
1771 2310 1775 2312 ’

337 2379 417 2423 bus
444 2379 788 2434 incendebatur,
820 2381 874 2423 ab
908 2380 997 2424 aliis
1026 2381 1309 2440 diligentibus
1345 2383 1723 2438 abscondebatur,

337 2447 467 2491 nullis
489 2449 886 2494 contradicentibus
904 2452 1582 2511 oppugnabatur:sceleratiores
1603 2454 1727 2499 vobis

337 2520 644 2576 persecutionis
669 2531 805 2577 partes
829 2531 1043 2567 transacta
1074 2524 1270 2581 gentium
1297 2525 1600 2584 persecutione
1634 2540 1727 2570 sere-

336 2588 478 2632 vastis.
507 2590 591 2641 Qui
616 2591 775 2635 Christi
798 2607 957 2637 nomen
975 2594 1366 2653 persequebantur,
1391 2594 1562 2640 Christo
1583 2594 1724 2640 credi-
