1825 3264
255 276 418 307 eoNTnA
449 281 712 308 canscozsrum
747 281 1036 321 οοΝΑΤιεΤΑΜ,
1073 286 1157 312 Lis,
1195 288 1222 312 r.
1348 276 1432 314 309

46 343 390 388 emolumentum
406 345 552 388 saeculi
570 346 698 404 hujus
715 354 758 389 et
775 346 1011 390 humanam
1033 348 1211 405 gloriam
1230 366 1435 410 quaeren-

45 421 108 458 tes
122 412 162 457 id
183 429 381 472 agamu53
405 414 593 472 gaudere
612 414 776 459 debent
796 415 1024 460 dilectores
1045 418 1251 471 veritatis,
1272 421 1375 479 quia
1393 430 1437 466 et

43 484 124 528 hac
156 484 380 528 occasione
412 485 569 528 veritas
605 485 914 540 annuntiatur,
951 486 1064 530 sicut
1092 488 1326 546 Apostolus
1357 491 1434 549 qui

44 553 165 607 dicit,
182 572 198 592 α
227 556 282 597 Et
299 554 344 598 in
366 555 450 598 hoc
469 552 685 613 gaudebo.
707 572 726 594 »
746 554 788 598 Si
806 563 969 607 autem,
989 556 1128 615 (quod
1148 559 1237 601 Deo
1252 560 1436 603 maxime

43 632 197 668 notum
221 632 306 677 est,
335 633 378 668 et
400 624 518 683 quod
544 623 623 666 tibi
647 624 776 667 etiam
795 624 873 682 ipsi
892 659 903 678 ,
928 634 1144 684 quantum
1167 636 1230 671 est
1249 627 1436 672 faculta-

43 692 96 737 tis
119 693 323 737 humanae
339 728 354 748 ,
375 694 409 736 si
431 693 658 738 nobiscum
677 693 841 737 viveres
857 728 867 748 ,
894 703 1047 738 notum
1070 710 1159 739 esse
1176 699 1405 756 potuisset)
1423 733 1433 753 ‚

42 763 112 824 pia
141 761 433 806 sollicitudine
456 763 674 808 charitatis
706 764 751 806 in
780 765 907 823 hujus
936 765 1266 824 dispensationis
1286 768 1436 812 labore

42 847 288 889 versamur3
313 842 421 891 puto
440 848 714 893 nequaquam
731 834 846 893 juste
870 835 1128 893 reprehendi
1148 837 1436 881 ministerium

41 912 236 947 nostrum
250 937 261 957 ,
287 903 321 946 si
342 912 492 948 contra
515 903 734 964 quoslibet
753 904 1019 951 adversarios
1037 907 1230 952 veritatis
1248 907 1436 955 ferventi

44 973 200 1032 spiritu
221 988 297 1031 pro
315 974 497 1017 veritate
519 984 748 1019 certemus.

97 1044 153 1085 X.
187 1045 295 1087 Nam
328 1043 361 1086 si
393 1044 689 1088 contentiosus
723 1044 907 1088 habetur
931 1060 954 1088 a
976 1046 1100 1089 vobis
1122 1045 1189 1089 vel
1214 1045 1436 1091 animosus

40 1121 301 1172 paratorque
329 1113 514 1156 rixarum
536 1148 546 1167 ,
576 1115 769 1174 quisquis
790 1115 993 1174 cuiquam
1018 1117 1226 1160 sermonis
1251 1116 1436 1161 alterca-

39 1183 203 1228 tionem
237 1183 305 1227 vel
335 1183 495 1228 inferre
523 1185 591 1228 vel
621 1184 779 1230 referre
808 1187 1055 1245 curaverit3
1080 1186 1225 1231 videte
1248 1187 1358 1247 quid
1382 1187 1437 1232 de

40 1253 134 1313 ipso
166 1253 348 1296 Domino
382 1256 485 1297 Jesu
520 1255 708 1308 Christo,
744 1257 923 1315 ejusque
958 1256 1088 1300 servis
1123 1258 1350 1315 Prophetis
1394 1266 1438 1302 et

41 1321 259 1382 Apostolis
282 1323 486 1367 sentiatis.
516 1326 681 1383 Nempe
707 1325 821 1368 enim
846 1327 1055 1369 Dominus
1075 1327 1164 1384 ipse
1188 1326 1322 1370 Filius
1343 1327 1434 1381 Dei,

43 1392 261 1451 numquid
290 1407 391 1436 cum
421 1392 521 1436 solis
545 1393 773 1452 Discipulis
794 1393 865 1438 vel
888 1394 1026 1438 turbis
1047 1396 1122 1454 qui
1157 1395 1202 1438 in
1225 1410 1325 1438 eum
1348 1410 1438 1438 cre-

43 1461 268 1515 diderunt,
285 1476 340 1505 an
362 1476 451 1505 non
474 1461 603 1505 etiam
627 1478 725 1506 cum
749 1464 933 1507 inimicis
954 1464 1239 1518 tentantibus,
1265 1464 1438 1508 obtrec-

42 1532 237 1576 tantibus
254 1566 264 1586 ,
285 1532 656 1590 interrogantibus
675 1567 685 1587 ,
712 1532 1023 1587 resistentibus,
1050 1533 1433 1588 maledicentibus,

41 1601 195 1645 habuit
222 1600 277 1644 de
309 1602 488 1645 veritate
520 1604 790 1646 sermonem?
808 1603 1033 1662 Numquid
1056 1618 1155 1646 eum
1183 1603 1310 1646 etiam
1335 1618 1436 1646 cum

42 1686 129 1715 una
154 1670 334 1714 muliere
358 1671 413 1714 de
431 1672 671 1730 quaestione
693 1673 900 1716 orationis
923 1682 1074 1716 contra
1097 1672 1348 1731 opinionem
1365 1671 1436 1715 vel

43 1742 248 1786 haeresem
291 1743 659 1786 Samaritanorum
699 1744 839 1801 piguit
877 1743 1132 1802 disputare?
1166 1741 1250 1788 Sed
1285 1741 1433 1797 illam,

42 1812 203 1872 inquis,
228 1811 490 1856 credituram
516 1828 604 1857 esse
632 1814 902 1872 praesciebat.
935 1814 1050 1866 Quid
1075 1813 1201 1856 toties
1230 1811 1435 1855 adversus

45 1881 236 1936 Judaeos,
254 1882 507 1936 Pharisaeos,
528 1882 804 1936 Sadducaeos,
831 1898 919 1927 non
942 1882 1081 1926 solum
1105 1882 1282 1925 minime
1300 1879 1435 1924 credi-

45 1960 184 2005 turos,
212 1967 359 1995 verum
389 1953 516 1995 etiam
537 1953 719 1996 maxime
737 1951 1083 1996 contradicturos
1112 1961 1155 1995 et
1189 1960 1434 2009 persecutu-

45 2037 130 2076 ros,
146 2036 291 2065 coram
310 2022 355 2063 in
376 2037 422 2065 os
440 2036 589 2065 eorum
608 2037 738 2081 quam
757 2021 893 2065 multa
913 2021 1085 2065 locutus
1100 2022 1360 2065 estPNonne
1378 2020 1433 2063 ab

43 2092 102 2135 eis
126 2092 258 2145 ultro,
295 2105 395 2135 cum
422 2091 577 2145 voluit,
612 2091 733 2151 quod
761 2091 900 2135 voluit
923 2091 1161 2149 inquisivit,
1199 2099 1248 2134 ut
1282 2104 1434 2133 eorum

43 2161 138 2205 illos
156 2162 434 2219 responsione
450 2161 724 2205 convinceret
742 2163 759 2204 P
778 2163 931 2204 Nonne
952 2159 1034 2203 illis
1056 2159 1204 2203 dolose
1223 2157 1434 2202 tentando

44 2231 341 2291 quaerentibus
363 2267 374 2289 ,
411 2246 509 2275 cum
549 2231 773 2289 redarguti
807 2232 1187 2280 obmutescerent,
1223 2230 1313 2272 sine
1344 2227 1433 2271 ulla

44 2302 326 2359 ambiguitate
352 2302 606 2360 respondit?
633 2301 764 2354 Quod
786 2316 885 2345 cum
911 2300 1096 2354 faceret,
1122 2298 1268 2343 nullus
1293 2313 1342 2341 ex
1368 2298 1433 2341 his

42 2370 202 2429 legitur
217 2370 272 2414 ad
289 2386 387 2414 eum
404 2371 676 2430 sequendum
699 2371 829 2414 fuisse
847 2385 1094 2414 conversus.
1117 2371 1173 2412 Et
1190 2369 1342 2427 utique
1359 2382 1433 2410 no-

41 2450 186 2493 verat,
222 2441 322 2499 quia
351 2441 552 2498 praescius
585 2449 703 2493 erat,
734 2439 842 2482 nihil
872 2453 915 2483 se
953 2438 1007 2482 ad
1041 2453 1191 2481 eorum
1218 2436 1429 2490 salutem,

45 2524 145 2554 cum
168 2510 261 2553 haec
284 2509 338 2552 ad
361 2524 432 2553 eos
453 2508 522 2552 vel
551 2509 593 2551 in
617 2523 704 2562 eos,
729 2507 796 2551 vel
819 2508 1023 2551 adversus
1041 2522 1111 2550 eos
1128 2505 1306 2559 diceret,
1332 2519 1435 2563 pro-

48 2577 260 2624 futurum.
307 2579 391 2623 Sed
427 2593 505 2623 nos
548 2576 725 2622 fortasse
758 2592 835 2622 suo
870 2577 1057 2621 firmavit
1094 2574 1293 2634 exemplo
1312 2609 1322 2630 ,
1359 2573 1434 2633 qui
