1825 3264
325 264 409 303 382
748 275 783 300 s.
817 268 1048 301 Aucus'nm
1078 271 1261 300 nuscum

823 612 1052 664 LIBER
1098 611 1204 663 ΙΙΙ.

319 791 574 854 Relcqaam
587 801 781 853 partem
795 789 845 838 Γ
842 791 1031 853 pzstolae
1052 790 1315 847 Cresconzi,
1342 786 1535 851 szngula
1555 784 1707 833 brevi-

567 874 641 910 ter
662 880 726 910 ex·
746 880 803 910 οι
803 862 914 909 dzne
936 861 1181 925 refellens,
1200 859 1456 923 percurri&

377 1218 411 1259 I.
441 1217 485 1260 S1
508 1216 734 1260 tardorum
762 1216 869 1260 mihi
898 1217 1069 1275 ingenia
1101 1213 1295 1261 curanda
1319 1229 1408 1260 non
1440 1222 1597 1269 essent,
1631 1212 1709 1273 qui

317 1287 558 1346 intelligere
582 1297 823 1347 nequeunt,
850 1303 919 1332 me
945 1288 1119 1332 duobus
1146 1287 1442 1333 voluminibus
1470 1285 1706 1345 superiori-

321 1358 399 1401 bus
417 1358 471 1401 ad
493 1373 666 1402 causam
686 1367 840 1413 totam,
861 1375 960 1418 quae
987 1368 1061 1402 tua
1076 1393 1087 1413 ‚
1110 1358 1246 1402 frater
1263 1357 1490 1411 Cresconi,
1521 1355 1706 1415 epistola

318 1429 581 1483 continetur,
603 1429 752 1472 multis
770 1428 909 1473 modis
927 1429 986 1473 ita
1005 1427 1288 1488 respondisse,
1308 1437 1359 1471 ut
1376 1428 1503 1471 etiam
1522 1426 1594 1470 illa
1607 1441 1707 1486 quae

317 1498 378 1541 ibi
398 1507 574 1552 restant,
595 1500 685 1558 jam
708 1497 849 1543 soluta
873 1508 1003 1559 atque
1030 1499 1235 1543 frustrata
1261 1498 1371 1552 sint,
1384 1498 1477 1557 jam
1506 1496 1661 1541 debuit
1684 1511 1709 1540 a

317 1583 387 1611 me
409 1569 511 1612 huic
534 1569 654 1627 operi
676 1569 773 1613 finis
795 1569 976 1628 imponi.
1007 1568 1092 1614 Sed
1123 1569 1224 1628 quia
1247 1567 1374 1611 multi
1401 1575 1519 1622 sunt,
1546 1566 1706 1627 quibus

316 1639 474 1681 servire
496 1654 574 1682 nos
596 1640 816 1693 convenit,
842 1640 918 1699 qui
940 1639 1084 1683 omnia
1107 1638 1286 1698 depulsa
1309 1653 1400 1682 esse
1417 1653 1505 1682 non
1528 1645 1702 1697 putant,

316 1709 395 1753 nisi
419 1709 522 1753 locis
544 1710 630 1753 suis
651 1710 779 1753 etiam
793 1709 962 1768 singula
986 1719 1322 1768 pertractentur,
1347 1707 1518 1752 residua
1538 1722 1704 1752 sermo-

316 1779 381 1822 nis
404 1780 467 1822 tui
490 1779 678 1823 breviter
695 1795 746 1823 ex
764 1778 915 1823 ordine
939 1778 1174 1823 refellenda
1195 1794 1462 1838 percurram.

374 1853 430 1893 ΙΙ.
458 1851 684 1910 Quidquid
708 1850 762 1894 de
784 1851 991 1909 Cypriani
1014 1849 1271 1894 venerabilis
1306 1850 1506 1907 martyris
1524 1883 1535 1904 ,
1575 1858 1618 1892 et
1652 1849 1707 1892 de

313 1921 607 1979 quorumdam
626 1924 637 1947 ¹
668 1921 955 1965 Orientalium
991 1922 1142 1966 litteris
1187 1922 1466 1965 inserendum
1518 1919 1702 1979 putasti,

312 1991 432 2051 quod
458 1992 517 2036 eis
546 1991 755 2051 placuerit
779 1992 897 2051 apud
919 1993 1144 2037 haereticos
1160 2001 1203 2036 et
1225 1992 1523 2036 schismaticos
1553 1991 1707 2034 datum

313 2062 559 2121 improbare
583 2061 783 2120 baptismi
813 2073 1150 2116 sacramentum,
1177 2062 1285 2106 nihil
1303 2062 1486 2121 impedit
1512 2075 1705 2106 caussam

312 2146 517 2188 nostram,
543 2133 578 2176 si
601 2148 694 2177 eam
711 2131 948 2176 Ecclesiam
973 2134 1225 2186 retinemus,
1247 2148 1379 2192 quam
1404 2148 1493 2176 non
1514 2131 1706 2176 deseruit

307 2203 570 2262 Cyprianus,
593 2204 725 2246 etiam
747 2218 848 2247 cum
867 2203 995 2247 multi
1016 2205 1107 2263 ejus
1130 2202 1308 2260 collegae
1328 2203 1374 2246 in
1396 2203 1509 2246 hanc
1526 2211 1704 2246 senten-

358 2329 368 2344 ¹
390 2326 436 2355 De
458 2322 572 2354 litteris
600 2322 685 2354 forte
707 2321 876 2353 Fir-miliani
902 2324 1052 2353 Cmsareae
1080 2322 1290 2363 Cappadociae
1312 2321 1453 2363 episcopi
1472 2320 1630 2362 Cvpriano
1651 2320 1705 2351 in-

310 2379 448 2421 scriptiS,
466 2384 497 2411 et
512 2380 597 2411 inter
613 2378 821 2420 Cyprianicas
834 2377 982 2419 vulgatis,
996 2378 1109 2421 quibus
1120 2379 1289 2410 lconiensis
1303 2377 1424 2411 concilii
1437 2388 1493 2419 pro
1511 2375 1707 2418 baptizandis

310 2433 467 2467 haercticis
486 2439 557 2467 acta
576 2438 757 2467 narrantur.
775 2435 925 2466 Eamdem
942 2435 983 2465 dc
998 2434 1223 2466 haereticorum
1239 2435 1397 2469 baptismo
1415 2432 1607 2465 sententiam
1632 2432 1707 2464 tulit

313 2491 517 2531 Synna-leuse
530 2491 699 2523 concilium
719 2491 831 2522 codem
847 2491 916 2522 fere
934 2495 1081 2532 tempore
1098 2490 1310 2522 celebratum.
1331 2491 1393 2522 Sed
1408 2500 1500 2521 suum
1518 2489 1600 2521 istud
1613 2488 1705 2529 judi-

314 2544 399 2576 cium
416 2546 594 2577 Orientales
609 2546 810 2587 postmodum
826 2550 1049 2587 correxerunt,
1065 2550 1100 2577 ut
1115 2545 1166 2577 hic
1184 2545 1296 2587 legitur
1312 2545 1406 2577 infra.
1423 2545 1502 2578 Vide
1520 2543 1704 2581 Eusebium,

312 2596 369 2631 lib.
388 2609 447 2640 vu,
466 2609 538 2642 cap.
559 2600 592 2638 3,
611 2603 645 2632 et
657 2600 829 2642 Nicephor.
849 2599 907 2632 lib.
927 2610 970 2640 vn,
986 2610 1058 2642 cap.
1079 2610 1111 2641 7,
1131 2601 1151 2632 8
1170 2603 1203 2632 et
1218 2610 1251 2641 9.
