<?xml version="1.0" encoding="UTF-8"?>
<!DOCTYPE html PUBLIC "-//W3C//DTD XHTML 1.0 Transitional//EN"
    "http://www.w3.org/TR/xhtml1/DTD/xhtml1-transitional.dtd">
<html xmlns="http://www.w3.org/1999/xhtml" xml:lang="en" lang="en">
 <head>
  <title>
</title>
<meta http-equiv="Content-Type" content="text/html;charset=utf-8" />
  <meta name='ocr-system' content='tesseract 3.04.00' />
  <meta name='ocr-capabilities' content='ocr_page ocr_carea ocr_par ocr_line ocrx_word'/>
</head>
<body>
  <div class='ocr_page' id='page_1' title='image "./operaomniaaccura32auguuoft_0436.png"; bbox 0 0 1825 3264; ppageno 0'>
   <div class='ocr_carea' id='block_1_1' title="bbox 353 264 1292 309">
    <p class='ocr_par' dir='ltr' id='par_1_1' title="bbox 353 264 1292 309">
     <span class='ocr_line' id='line_1_1' title="bbox 353 264 1292 309; baseline 0.002 -5"><span class='ocrx_word' id='word_1_1' title='bbox 353 264 434 308; x_wconf 71' lang='lat'>426</span> <span class='ocrx_word' id='word_1_2' title='bbox 782 275 815 309; x_wconf 73' lang='grc' dir='ltr'>ς,</span> <span class='ocrx_word' id='word_1_3' title='bbox 852 277 1080 309; x_wconf 69' lang='lat' dir='ltr'>mensum</span> <span class='ocrx_word' id='word_1_4' title='bbox 1114 277 1292 307; x_wconf 66' lang='lat' dir='ltr'>:mecon</span> 
     </span>
    </p>
   </div>
   <div class='ocr_carea' id='block_1_2' title="bbox 348 339 1801 1386">
    <p class='ocr_par' dir='ltr' id='par_1_2' title="bbox 348 339 1801 896">
     <span class='ocr_line' id='line_1_2' title="bbox 350 339 1732 403; baseline 0.003 -18"><span class='ocrx_word' id='word_1_5' title='bbox 350 351 443 385; x_wconf 91' lang='lat' dir='ltr'>tum</span> <span class='ocrx_word' id='word_1_6' title='bbox 462 350 540 385; x_wconf 91' lang='lat' dir='ltr'>est.</span> <span class='ocrx_word' id='word_1_7' title='bbox 565 339 681 394; x_wconf 86' lang='lat' dir='ltr'>Quid</span> <span class='ocrx_word' id='word_1_8' title='bbox 703 340 839 396; x_wconf 80' lang='lat' dir='ltr'>aliud,</span> <span class='ocrx_word' id='word_1_9' title='bbox 863 341 944 387; x_wconf 85' lang='lat' dir='ltr'>nisi</span> <span class='ocrx_word' id='word_1_10' title='bbox 965 341 1086 402; x_wconf 88' lang='lat' dir='ltr'>quod</span> <span class='ocrx_word' id='word_1_11' title='bbox 1105 357 1204 401; x_wconf 89' lang='lat' dir='ltr'>pars</span> <span class='ocrx_word' id='word_1_12' title='bbox 1228 343 1383 388; x_wconf 88' lang='lat' dir='ltr'>Donati</span> <span class='ocrx_word' id='word_1_13' title='bbox 1409 344 1497 403; x_wconf 86' lang='lat' dir='ltr'>jam</span> <span class='ocrx_word' id='word_1_14' title='bbox 1528 343 1655 392; x_wconf 79' lang='lat' dir='ltr'>sciret</span> <span class='ocrx_word' id='word_1_15' title='bbox 1685 359 1732 390; x_wconf 84' lang='lat' dir='ltr'>se</span> 
     </span>
     <span class='ocr_line' id='line_1_3' title="bbox 350 409 1732 473; baseline 0.001 -18"><span class='ocrx_word' id='word_1_16' title='bbox 350 410 404 455; x_wconf 87' lang='lat' dir='ltr'>ad</span> <span class='ocrx_word' id='word_1_17' title='bbox 421 409 538 456; x_wconf 86' lang='lat' dir='ltr'>illam</span> <span class='ocrx_word' id='word_1_18' title='bbox 557 426 734 470; x_wconf 86' lang='lat' dir='ltr'>poenam</span> <span class='ocrx_word' id='word_1_19' title='bbox 748 412 959 457; x_wconf 82' lang='lat' dir='ltr'>aurariam</span> <span class='ocrx_word' id='word_1_20' title='bbox 972 427 1070 456; x_wconf 92' lang='lat' dir='ltr'>cum</span> <span class='ocrx_word' id='word_1_21' title='bbox 1086 413 1252 456; x_wconf 87' lang='lat' dir='ltr'>caeteris</span> <span class='ocrx_word' id='word_1_22' title='bbox 1266 413 1477 457; x_wconf 85' lang='lat' dir='ltr'>haereticis</span> <span class='ocrx_word' id='word_1_23' title='bbox 1491 415 1732 473; x_wconf 81' lang='lat' dir='ltr'>pertinere?</span> 
     </span>
     <span class='ocr_line' id='line_1_4' title="bbox 349 481 1734 542; baseline 0.002 -16"><span class='ocrx_word' id='word_1_24' title='bbox 349 497 450 526; x_wconf 90' lang='lat' dir='ltr'>cum</span> <span class='ocrx_word' id='word_1_25' title='bbox 466 482 627 542; x_wconf 91' lang='lat' dir='ltr'>quibus</span> <span class='ocrx_word' id='word_1_26' title='bbox 648 491 823 541; x_wconf 85' lang='lat' dir='ltr'>propter</span> <span class='ocrx_word' id='word_1_27' title='bbox 833 482 1185 526; x_wconf 84' lang='lat' dir='ltr'>communionem</span> <span class='ocrx_word' id='word_1_28' title='bbox 1199 481 1296 526; x_wconf 88' lang='lat' dir='ltr'>talis</span> <span class='ocrx_word' id='word_1_29' title='bbox 1312 484 1636 542; x_wconf 81' lang='lat' dir='ltr'><strong>persecutionis,</strong></span> <span class='ocrx_word' id='word_1_30' title='bbox 1656 493 1734 530; x_wconf 86' lang='lat' dir='ltr'>aut</span> 
     </span>
     <span class='ocr_line' id='line_1_5' title="bbox 348 552 1732 613; baseline 0.001 -15"><span class='ocrx_word' id='word_1_31' title='bbox 348 567 628 598; x_wconf 86' lang='lat' dir='ltr'>communem</span> <span class='ocrx_word' id='word_1_32' title='bbox 658 568 702 597; x_wconf 91' lang='lat' dir='ltr'>se</span> <span class='ocrx_word' id='word_1_33' title='bbox 723 552 905 613; x_wconf 89' lang='lat' dir='ltr'>deputet</span> <span class='ocrx_word' id='word_1_34' title='bbox 927 553 1088 597; x_wconf 89' lang='lat' dir='ltr'>habere</span> <span class='ocrx_word' id='word_1_35' title='bbox 1105 553 1316 613; x_wconf 85' lang='lat' dir='ltr'>justitiam</span> <span class='ocrx_word' id='word_1_36' title='bbox 1335 574 1346 612; x_wconf 79' lang='lat'>3</span> <span class='ocrx_word' id='word_1_37' title='bbox 1382 563 1457 598; x_wconf 90' lang='lat' dir='ltr'>aut</span> <span class='ocrx_word' id='word_1_38' title='bbox 1483 555 1517 598; x_wconf 92' lang='lat' dir='ltr'>si</span> <span class='ocrx_word' id='word_1_39' title='bbox 1540 569 1630 599; x_wconf 91' lang='lat' dir='ltr'>non</span> <span class='ocrx_word' id='word_1_40' title='bbox 1651 555 1732 599; x_wconf 84' lang='lat' dir='ltr'>de-</span> 
     </span>
     <span class='ocr_line' id='line_1_6' title="bbox 351 623 1730 684; baseline 0.001 -16"><span class='ocrx_word' id='word_1_41' title='bbox 351 632 498 683; x_wconf 87' lang='lat' dir='ltr'>putat,</span> <span class='ocrx_word' id='word_1_42' title='bbox 523 639 613 668; x_wconf 89' lang='lat' dir='ltr'>non</span> <span class='ocrx_word' id='word_1_43' title='bbox 635 639 679 668; x_wconf 90' lang='lat' dir='ltr'>se</span> <span class='ocrx_word' id='word_1_44' title='bbox 696 623 794 668; x_wconf 92' lang='lat' dir='ltr'>ideo</span> <span class='ocrx_word' id='word_1_45' title='bbox 813 626 947 684; x_wconf 87' lang='lat' dir='ltr'>jactet</span> <span class='ocrx_word' id='word_1_46' title='bbox 959 625 1138 684; x_wconf 88' lang='lat' dir='ltr'>justam,</span> <span class='ocrx_word' id='word_1_47' title='bbox 1152 625 1255 684; x_wconf 91' lang='lat' dir='ltr'>quia</span> <span class='ocrx_word' id='word_1_48' title='bbox 1277 640 1326 670; x_wconf 90' lang='lat' dir='ltr'>ea</span> <span class='ocrx_word' id='word_1_49' title='bbox 1343 639 1474 683; x_wconf 88' lang='lat' dir='ltr'>poena</span> <span class='ocrx_word' id='word_1_50' title='bbox 1488 628 1730 680; x_wconf 72' lang='lat' dir='ltr'>coercetur,</span> 
     </span>
     <span class='ocr_line' id='line_1_7' title="bbox 352 695 1801 756; baseline 0.002 -17"><span class='ocrx_word' id='word_1_51' title='bbox 352 712 437 755; x_wconf 86' lang='lat' dir='ltr'>qua</span> <span class='ocrx_word' id='word_1_52' title='bbox 458 695 647 740; x_wconf 81' lang='lat' dir='ltr'>coe&#39;rceri</span> <span class='ocrx_word' id='word_1_53' title='bbox 661 704 705 740; x_wconf 86' lang='lat' dir='ltr'>et</span> <span class='ocrx_word' id='word_1_54' title='bbox 719 711 789 739; x_wconf 90' lang='lat' dir='ltr'>eas</span> <span class='ocrx_word' id='word_1_55' title='bbox 806 696 989 740; x_wconf 85' lang='lat' dir='ltr'>haereses</span> <span class='ocrx_word' id='word_1_56' title='bbox 1003 695 1123 741; x_wconf 88' lang='lat' dir='ltr'>videt</span> <span class='ocrx_word' id='word_1_57' title='bbox 1137 711 1244 756; x_wconf 88' lang='lat' dir='ltr'>quas</span> <span class='ocrx_word' id='word_1_58' title='bbox 1262 695 1461 740; x_wconf 90' lang='lat' dir='ltr'>concedit</span> <span class='ocrx_word' id='word_1_59' title='bbox 1474 696 1650 756; x_wconf 86' lang='lat' dir='ltr'>injustas</span> <span class='ocrx_word' id='word_1_60' title='bbox 1664 711 1674 737; x_wconf 74' lang='grc' dir='ltr'><em>ε</em></span> <span class='ocrx_word' id='word_1_61' title='bbox 1690 705 1734 742; x_wconf 86' lang='lat' dir='ltr'>et</span> <span class='ocrx_word' id='word_1_62' title='bbox 1798 730 1801 745; x_wconf 71' lang='grc'><strong>,</strong></span> 
     </span>
     <span class='ocr_line' id='line_1_8' title="bbox 351 755 1800 825; baseline 0.001 -16"><span class='ocrx_word' id='word_1_63' title='bbox 351 764 530 810; x_wconf 89' lang='lat' dir='ltr'>tandem</span> <span class='ocrx_word' id='word_1_64' title='bbox 548 765 777 823; x_wconf 84' lang='lat' dir='ltr'>intelligat,</span> <span class='ocrx_word' id='word_1_65' title='bbox 799 764 919 825; x_wconf 88' lang='lat' dir='ltr'>quod</span> <span class='ocrx_word' id='word_1_66' title='bbox 934 765 1092 810; x_wconf 83' lang='lat' dir='ltr'><strong>Christi</strong></span> <span class='ocrx_word' id='word_1_67' title='bbox 1108 774 1342 823; x_wconf 79' lang='lat' dir='ltr'><strong>martyrem</strong></span> <span class='ocrx_word' id='word_1_68' title='bbox 1357 781 1446 810; x_wconf 91' lang='lat' dir='ltr'>non</span> <span class='ocrx_word' id='word_1_69' title='bbox 1461 764 1565 810; x_wconf 72' lang='lat' dir='ltr'>facit</span> <span class='ocrx_word' id='word_1_70' title='bbox 1581 780 1729 824; x_wconf 87' lang='lat' dir='ltr'>poena,</span> <span class='ocrx_word' id='word_1_71' title='bbox 1798 755 1800 765; x_wconf 25' lang='grc' dir='ltr'>Α</span> 
     </span>
     <span class='ocr_line' id='line_1_9' title="bbox 351 834 1733 896; baseline 0.001 -17"><span class='ocrx_word' id='word_1_72' title='bbox 351 834 427 880; x_wconf 91' lang='lat' dir='ltr'>sed</span> <span class='ocrx_word' id='word_1_73' title='bbox 448 851 575 880; x_wconf 89' lang='lat' dir='ltr'>causa</span> <span class='ocrx_word' id='word_1_74' title='bbox 598 856 606 880; x_wconf 92' lang='lat'>:</span> <span class='ocrx_word' id='word_1_75' title='bbox 632 851 710 880; x_wconf 91' lang='lat' dir='ltr'>nos</span> <span class='ocrx_word' id='word_1_76' title='bbox 731 845 875 880; x_wconf 89' lang='lat' dir='ltr'>autem</span> <span class='ocrx_word' id='word_1_77' title='bbox 901 851 1038 896; x_wconf 89' lang='lat' dir='ltr'>usque</span> <span class='ocrx_word' id='word_1_78' title='bbox 1056 836 1164 880; x_wconf 88' lang='lat' dir='ltr'>adeo</span> <span class='ocrx_word' id='word_1_79' title='bbox 1187 851 1320 880; x_wconf 89' lang='lat' dir='ltr'>saevos</span> <span class='ocrx_word' id='word_1_80' title='bbox 1332 846 1627 895; x_wconf 84' lang='lat' dir='ltr'>persecutores</span> <span class='ocrx_word' id='word_1_81' title='bbox 1643 850 1733 880; x_wconf 88' lang='lat' dir='ltr'>esse</span> 
     </span>
    </p>

    <p class='ocr_par' dir='ltr' id='par_1_3' title="bbox 349 899 1799 1386">
     <span class='ocr_line' id='line_1_10' title="bbox 351 899 1799 965; baseline 0 -16"><span class='ocrx_word' id='word_1_82' title='bbox 351 917 519 964; x_wconf 83' lang='lat' dir='ltr'>arguat,</span> <span class='ocrx_word' id='word_1_83' title='bbox 542 915 590 950; x_wconf 92' lang='lat' dir='ltr'>ut</span> <span class='ocrx_word' id='word_1_84' title='bbox 607 921 686 950; x_wconf 91' lang='lat' dir='ltr'>nec</span> <span class='ocrx_word' id='word_1_85' title='bbox 706 915 802 965; x_wconf 90' lang='lat' dir='ltr'>post</span> <span class='ocrx_word' id='word_1_86' title='bbox 819 905 1041 964; x_wconf 87' lang='lat' dir='ltr'>imperiale</span> <span class='ocrx_word' id='word_1_87' title='bbox 1060 907 1313 965; x_wconf 89' lang='lat' dir='ltr'>rescriptum</span> <span class='ocrx_word' id='word_1_88' title='bbox 1330 921 1485 949; x_wconf 87' lang='lat' dir='ltr'>aurum</span> <span class='ocrx_word' id='word_1_89' title='bbox 1507 905 1616 949; x_wconf 89' lang='lat' dir='ltr'>illud</span> <span class='ocrx_word' id='word_1_90' title='bbox 1629 906 1732 950; x_wconf 84' lang='lat' dir='ltr'>fisco</span> <span class='ocrx_word' id='word_1_91' title='bbox 1796 899 1799 926; x_wconf 33' lang='grc' dir='ltr'>’ἶ</span> 
     </span>
     <span class='ocr_line' id='line_1_11' title="bbox 350 974 1797 1035; baseline 0.001 -16"><span class='ocrx_word' id='word_1_92' title='bbox 350 977 572 1035; x_wconf 78' lang='lat' dir='ltr'>Crispinus</span> <span class='ocrx_word' id='word_1_93' title='bbox 588 975 853 1035; x_wconf 82' lang='lat' dir='ltr'>expenderit,</span> <span class='ocrx_word' id='word_1_94' title='bbox 870 976 1187 1034; x_wconf 84' lang='lat' dir='ltr'>indulgentiam</span> <span class='ocrx_word' id='word_1_95' title='bbox 1207 975 1267 1018; x_wconf 89' lang='lat' dir='ltr'>illi</span> <span class='ocrx_word' id='word_1_96' title='bbox 1282 974 1504 1019; x_wconf 85' lang='lat' dir='ltr'>catholicis</span> <span class='ocrx_word' id='word_1_97' title='bbox 1522 975 1734 1034; x_wconf 88' lang='lat' dir='ltr'>episcopis</span> <span class='ocrx_word' id='word_1_98' title='bbox 1796 1000 1797 1005; x_wconf 63' lang='lat'>=</span> 
     </span>
     <span class='ocr_line' id='line_1_12' title="bbox 350 1038 1797 1105; baseline 0 -15"><span class='ocrx_word' id='word_1_99' title='bbox 350 1047 701 1105; x_wconf 75' lang='lat' dir='ltr'>impetrantibus,</span> <span class='ocrx_word' id='word_1_100' title='bbox 716 1057 757 1090; x_wconf 87' lang='lat' dir='ltr'>et</span> <span class='ocrx_word' id='word_1_101' title='bbox 775 1062 892 1090; x_wconf 88' lang='lat' dir='ltr'>nunc</span> <span class='ocrx_word' id='word_1_102' title='bbox 907 1048 1017 1090; x_wconf 88' lang='lat' dir='ltr'>inter</span> <span class='ocrx_word' id='word_1_103' title='bbox 1030 1047 1141 1105; x_wconf 88' lang='lat' dir='ltr'>ipsas</span> <span class='ocrx_word' id='word_1_104' title='bbox 1157 1047 1285 1090; x_wconf 87' lang='lat' dir='ltr'>etiam</span> <span class='ocrx_word' id='word_1_105' title='bbox 1300 1046 1609 1090; x_wconf 87' lang='lat' dir='ltr'>recentissimas</span> <span class='ocrx_word' id='word_1_106' title='bbox 1619 1046 1734 1104; x_wconf 84' lang='lat' dir='ltr'>leges</span> <span class='ocrx_word' id='word_1_107' title='bbox 1794 1038 1797 1056; x_wconf 62' lang='lat'><em>²</em></span> 
     </span>
     <span class='ocr_line' id='line_1_13' title="bbox 351 1116 1734 1176; baseline 0.001 -17"><span class='ocrx_word' id='word_1_108' title='bbox 351 1117 709 1176; x_wconf 81' lang='lat' dir='ltr'>proscriptionem</span> <span class='ocrx_word' id='word_1_109' title='bbox 727 1117 876 1160; x_wconf 87' lang='lat' dir='ltr'>vestris</span> <span class='ocrx_word' id='word_1_110' title='bbox 891 1117 1099 1175; x_wconf 86' lang='lat' dir='ltr'>episcopis</span> <span class='ocrx_word' id='word_1_111' title='bbox 1115 1117 1429 1160; x_wconf 82' lang='lat' dir='ltr'>comminantes</span> <span class='ocrx_word' id='word_1_112' title='bbox 1443 1116 1488 1160; x_wconf 84' lang='lat' dir='ltr'>in</span> <span class='ocrx_word' id='word_1_113' title='bbox 1502 1131 1547 1160; x_wconf 88' lang='lat' dir='ltr'>re</span> <span class='ocrx_word' id='word_1_114' title='bbox 1559 1116 1734 1175; x_wconf 83' lang='lat' dir='ltr'>propria</span> 
     </span>
     <span class='ocr_line' id='line_1_14' title="bbox 358 1185 1734 1241; baseline -0.001 -11"><span class='ocrx_word' id='word_1_115' title='bbox 358 1202 533 1230; x_wconf 87' lang='lat' dir='ltr'>securus</span> <span class='ocrx_word' id='word_1_116' title='bbox 549 1187 710 1241; x_wconf 86' lang='lat' dir='ltr'>sedeat,</span> <span class='ocrx_word' id='word_1_117' title='bbox 733 1196 776 1230; x_wconf 89' lang='lat' dir='ltr'>et</span> <span class='ocrx_word' id='word_1_118' title='bbox 793 1185 995 1231; x_wconf 86' lang='lat' dir='ltr'>catholici</span> <span class='ocrx_word' id='word_1_119' title='bbox 1013 1186 1157 1230; x_wconf 89' lang='lat' dir='ltr'>clerici</span> <span class='ocrx_word' id='word_1_120' title='bbox 1171 1186 1284 1230; x_wconf 87' lang='lat' dir='ltr'>inter</span> <span class='ocrx_word' id='word_1_121' title='bbox 1302 1201 1454 1230; x_wconf 87' lang='lat' dir='ltr'>manus</span> <span class='ocrx_word' id='word_1_122' title='bbox 1468 1185 1734 1231; x_wconf 89' lang='lat' dir='ltr'>Circumcel-</span> 
     </span>
     <span class='ocr_line' id='line_1_15' title="bbox 349 1255 1793 1316; baseline 0.001 -16"><span class='ocrx_word' id='word_1_123' title='bbox 349 1256 516 1301; x_wconf 88' lang='lat' dir='ltr'>lionum</span> <span class='ocrx_word' id='word_1_124' title='bbox 539 1257 885 1316; x_wconf 82' lang='lat' dir='ltr'>clericorumque</span> <span class='ocrx_word' id='word_1_125' title='bbox 906 1266 1148 1301; x_wconf 88' lang='lat' dir='ltr'>vestrorum</span> <span class='ocrx_word' id='word_1_126' title='bbox 1164 1291 1176 1312; x_wconf 92' lang='lat'>,</span> <span class='ocrx_word' id='word_1_127' title='bbox 1201 1256 1353 1301; x_wconf 91' lang='lat' dir='ltr'>domos</span> <span class='ocrx_word' id='word_1_128' title='bbox 1367 1292 1378 1312; x_wconf 88' lang='lat'>,</span> <span class='ocrx_word' id='word_1_129' title='bbox 1403 1257 1568 1301; x_wconf 89' lang='lat' dir='ltr'>victum</span> <span class='ocrx_word' id='word_1_130' title='bbox 1584 1292 1595 1312; x_wconf 90' lang='lat'>,</span> <span class='ocrx_word' id='word_1_131' title='bbox 1614 1255 1734 1301; x_wconf 87' lang='lat' dir='ltr'>salu·</span> <span class='ocrx_word' id='word_1_132' title='bbox 1792 1263 1793 1266; x_wconf 75' lang='grc'>’</span> 
     </span>
     <span class='ocr_line' id='line_1_16' title="bbox 349 1327 1123 1386; baseline 0 -15"><span class='ocrx_word' id='word_1_133' title='bbox 349 1338 437 1372; x_wconf 89' lang='lat' dir='ltr'>tem</span> <span class='ocrx_word' id='word_1_134' title='bbox 462 1343 510 1371; x_wconf 90' lang='lat' dir='ltr'>ac</span> <span class='ocrx_word' id='word_1_135' title='bbox 532 1328 682 1372; x_wconf 90' lang='lat' dir='ltr'>lumen</span> <span class='ocrx_word' id='word_1_136' title='bbox 703 1328 894 1386; x_wconf 88' lang='lat' dir='ltr'>corporis</span> <span class='ocrx_word' id='word_1_137' title='bbox 916 1327 1123 1386; x_wconf 88' lang='lat' dir='ltr'>pendant.</span> 
     </span>
    </p>
   </div>
   <div class='ocr_carea' id='block_1_3' title="bbox 410 1395 1814 1457">
    <p class='ocr_par' dir='ltr' id='par_1_4' title="bbox 410 1395 1814 1457">
     <span class='ocr_line' id='line_1_17' title="bbox 410 1395 1814 1457; baseline -0.001 -16"><span class='ocrx_word' id='word_1_138' title='bbox 410 1401 505 1441; x_wconf 83' lang='lat' dir='ltr'>LII.</span> <span class='ocrx_word' id='word_1_139' title='bbox 529 1400 631 1442; x_wconf 79' lang='lat' dir='ltr'>Haec</span> <span class='ocrx_word' id='word_1_140' title='bbox 666 1398 741 1457; x_wconf 89' lang='lat' dir='ltr'>qui</span> <span class='ocrx_word' id='word_1_141' title='bbox 767 1397 951 1452; x_wconf 75' lang='lat' dir='ltr'>faciunt,</span> <span class='ocrx_word' id='word_1_142' title='bbox 986 1397 1093 1457; x_wconf 84' lang='lat' dir='ltr'>quid</span> <span class='ocrx_word' id='word_1_143' title='bbox 1115 1410 1194 1454; x_wconf 82' lang='lat' dir='ltr'>ego</span> <span class='ocrx_word' id='word_1_144' title='bbox 1222 1395 1363 1440; x_wconf 90' lang='lat' dir='ltr'>dicam</span> <span class='ocrx_word' id='word_1_145' title='bbox 1384 1396 1642 1451; x_wconf 86' lang='lat' dir='ltr'>latronibus,</span> <span class='ocrx_word' id='word_1_146' title='bbox 1666 1396 1734 1455; x_wconf 90' lang='lat' dir='ltr'>pi-</span> <span class='ocrx_word' id='word_1_147' title='bbox 1808 1414 1814 1419; x_wconf 87' lang='lat'><strong>·</strong></span> 
     </span>
    </p>
   </div>
   <div class='ocr_carea' id='block_1_4' title="bbox 349 1464 1794 1738">
    <p class='ocr_par' dir='ltr' id='par_1_5' title="bbox 349 1464 1794 1738">
     <span class='ocr_line' id='line_1_18' title="bbox 350 1464 1732 1525; baseline -0.001 -14"><span class='ocrx_word' id='word_1_148' title='bbox 350 1468 475 1521; x_wconf 88' lang='lat' dir='ltr'>ratis,</span> <span class='ocrx_word' id='word_1_149' title='bbox 513 1466 762 1512; x_wconf 89' lang='lat' dir='ltr'>truculento</span> <span class='ocrx_word' id='word_1_150' title='bbox 785 1466 910 1511; x_wconf 89' lang='lat' dir='ltr'>alicui</span> <span class='ocrx_word' id='word_1_151' title='bbox 935 1467 1080 1525; x_wconf 83' lang='lat' dir='ltr'>generi</span> <span class='ocrx_word' id='word_1_152' title='bbox 1109 1466 1416 1520; x_wconf 86' lang='lat' dir='ltr'>barbarorum,</span> <span class='ocrx_word' id='word_1_153' title='bbox 1441 1464 1620 1525; x_wconf 88' lang='lat' dir='ltr'>quando</span> <span class='ocrx_word' id='word_1_154' title='bbox 1651 1480 1732 1510; x_wconf 91' lang='lat' dir='ltr'>nec</span> 
     </span>
     <span class='ocr_line' id='line_1_19' title="bbox 349 1532 1794 1596; baseline -0.001 -15"><span class='ocrx_word' id='word_1_155' title='bbox 349 1539 429 1596; x_wconf 85' lang='lat' dir='ltr'>ipsi</span> <span class='ocrx_word' id='word_1_156' title='bbox 461 1532 656 1583; x_wconf 88' lang='lat' dir='ltr'>omnium</span> <span class='ocrx_word' id='word_1_157' title='bbox 679 1537 989 1582; x_wconf 84' lang='lat' dir='ltr'>crudelitatum</span> <span class='ocrx_word' id='word_1_158' title='bbox 1019 1538 1224 1596; x_wconf 86' lang='lat' dir='ltr'>magistro</span> <span class='ocrx_word' id='word_1_159' title='bbox 1249 1536 1424 1581; x_wconf 89' lang='lat' dir='ltr'>diabolo</span> <span class='ocrx_word' id='word_1_160' title='bbox 1450 1537 1734 1595; x_wconf 89' lang='lat' dir='ltr'>comparandi</span> <span class='ocrx_word' id='word_1_161' title='bbox 1792 1588 1794 1590; x_wconf 23' lang='lat'>¹</span> 
     </span>
     <span class='ocr_line' id='line_1_20' title="bbox 349 1605 1789 1666; baseline -0.001 -15"><span class='ocrx_word' id='word_1_162' title='bbox 349 1610 473 1651; x_wconf 88' lang='lat' dir='ltr'>sunt?</span> <span class='ocrx_word' id='word_1_163' title='bbox 496 1607 574 1651; x_wconf 88' lang='lat' dir='ltr'>Ille</span> <span class='ocrx_word' id='word_1_164' title='bbox 592 1617 789 1652; x_wconf 89' lang='lat' dir='ltr'>sanctum</span> <span class='ocrx_word' id='word_1_165' title='bbox 807 1609 946 1652; x_wconf 87' lang='lat' dir='ltr'>virum</span> <span class='ocrx_word' id='word_1_166' title='bbox 972 1608 1057 1652; x_wconf 87' lang='lat' dir='ltr'>Job</span> <span class='ocrx_word' id='word_1_167' title='bbox 1080 1607 1283 1651; x_wconf 86' lang='lat' dir='ltr'>omnibus</span> <span class='ocrx_word' id='word_1_168' title='bbox 1305 1608 1395 1666; x_wconf 88' lang='lat' dir='ltr'>ejus</span> <span class='ocrx_word' id='word_1_169' title='bbox 1413 1607 1542 1651; x_wconf 90' lang='lat' dir='ltr'>rebus</span> <span class='ocrx_word' id='word_1_170' title='bbox 1560 1605 1729 1661; x_wconf 89' lang='lat' dir='ltr'>ablatis,</span> <span class='ocrx_word' id='word_1_171' title='bbox 1788 1652 1789 1662; x_wconf 13' lang='grc' dir='ltr'>ἵ</span> 
     </span>
     <span class='ocr_line' id='line_1_21' title="bbox 351 1677 1788 1738; baseline 0 -17"><span class='ocrx_word' id='word_1_172' title='bbox 351 1678 597 1737; x_wconf 84' lang='lat' dir='ltr'>gravissimo</span> <span class='ocrx_word' id='word_1_173' title='bbox 617 1677 796 1722; x_wconf 87' lang='lat' dir='ltr'>vulnere</span> <span class='ocrx_word' id='word_1_174' title='bbox 819 1693 841 1721; x_wconf 93' lang='lat' dir='ltr'>a</span> <span class='ocrx_word' id='word_1_175' title='bbox 863 1679 1003 1737; x_wconf 90' lang='lat' dir='ltr'>capite</span> <span class='ocrx_word' id='word_1_176' title='bbox 1026 1693 1164 1738; x_wconf 86' lang='lat' dir='ltr'>usque</span> <span class='ocrx_word' id='word_1_177' title='bbox 1186 1678 1240 1722; x_wconf 91' lang='lat' dir='ltr'>ad</span> <span class='ocrx_word' id='word_1_178' title='bbox 1268 1679 1399 1736; x_wconf 86' lang='lat' dir='ltr'>pedes</span> <span class='ocrx_word' id='word_1_179' title='bbox 1427 1677 1662 1736; x_wconf 87' lang='lat' dir='ltr'>percussit,</span> <span class='ocrx_word' id='word_1_180' title='bbox 1690 1686 1734 1721; x_wconf 89' lang='lat' dir='ltr'>et</span> <span class='ocrx_word' id='word_1_181' title='bbox 1786 1699 1788 1734; x_wconf 77' lang='lat' dir='ltr'>j</span> 
     </span>
    </p>
   </div>
   <div class='ocr_carea' id='block_1_5' title="bbox 352 1740 1825 1806">
    <p class='ocr_par' dir='ltr' id='par_1_6' title="bbox 352 1740 1825 1806">
     <span class='ocr_line' id='line_1_22' title="bbox 352 1740 1825 1806; baseline -0.001 -14"><span class='ocrx_word' id='word_1_182' title='bbox 352 1758 496 1792; x_wconf 90' lang='lat' dir='ltr'>tamen</span> <span class='ocrx_word' id='word_1_183' title='bbox 519 1748 603 1792; x_wconf 83' lang='lat' dir='ltr'>fuit</span> <span class='ocrx_word' id='word_1_184' title='bbox 624 1748 712 1792; x_wconf 89' lang='lat' dir='ltr'>illic</span> <span class='ocrx_word' id='word_1_185' title='bbox 735 1749 911 1806; x_wconf 84' lang='lat' dir='ltr'>integris</span> <span class='ocrx_word' id='word_1_186' title='bbox 931 1749 1095 1806; x_wconf 79' lang='lat' dir='ltr'>integer</span> <span class='ocrx_word' id='word_1_187' title='bbox 1115 1748 1352 1792; x_wconf 86' lang='lat' dir='ltr'>luminibus</span> <span class='ocrx_word' id='word_1_188' title='bbox 1371 1749 1509 1802; x_wconf 91' lang='lat' dir='ltr'>locus,</span> <span class='ocrx_word' id='word_1_189' title='bbox 1534 1762 1615 1791; x_wconf 91' lang='lat' dir='ltr'>nec</span> <span class='ocrx_word' id='word_1_190' title='bbox 1628 1761 1733 1791; x_wconf 84' lang='lat' dir='ltr'>ocu·</span> <span class='ocrx_word' id='word_1_191' title='bbox 1786 1740 1788 1795; x_wconf 63' lang='lat'>?</span> <span class='ocrx_word' id='word_1_192' title='bbox 1824 1783 1825 1791; x_wconf 68' lang='grc'>,</span> 
     </span>
    </p>
   </div>
   <div class='ocr_carea' id='block_1_6' title="bbox 349 1818 1733 1948">
    <p class='ocr_par' dir='ltr' id='par_1_7' title="bbox 349 1818 1733 1948">
     <span class='ocr_line' id='line_1_23' title="bbox 351 1818 1733 1878; baseline -0.001 -16"><span class='ocrx_word' id='word_1_193' title='bbox 351 1819 414 1862; x_wconf 88' lang='lat' dir='ltr'>los</span> <span class='ocrx_word' id='word_1_194' title='bbox 432 1820 522 1878; x_wconf 87' lang='lat' dir='ltr'>ejus</span> <span class='ocrx_word' id='word_1_195' title='bbox 541 1820 737 1872; x_wconf 80' lang='lat' dir='ltr'>extinxit,</span> <span class='ocrx_word' id='word_1_196' title='bbox 765 1819 887 1878; x_wconf 88' lang='lat' dir='ltr'>cujus</span> <span class='ocrx_word' id='word_1_197' title='bbox 910 1827 1049 1862; x_wconf 87' lang='lat' dir='ltr'>totum</span> <span class='ocrx_word' id='word_1_198' title='bbox 1075 1818 1119 1862; x_wconf 92' lang='lat' dir='ltr'>in</span> <span class='ocrx_word' id='word_1_199' title='bbox 1137 1826 1395 1877; x_wconf 86' lang='lat' dir='ltr'>potestatem</span> <span class='ocrx_word' id='word_1_200' title='bbox 1428 1832 1586 1876; x_wconf 90' lang='lat' dir='ltr'>corpus</span> <span class='ocrx_word' id='word_1_201' title='bbox 1609 1831 1733 1861; x_wconf 90' lang='lat' dir='ltr'>acce-</span> 
     </span>
     <span class='ocr_line' id='line_1_24' title="bbox 349 1887 1729 1948; baseline -0.001 -16"><span class='ocrx_word' id='word_1_202' title='bbox 349 1890 428 1948; x_wconf 86' lang='lat' dir='ltr'>pit.</span> <span class='ocrx_word' id='word_1_203' title='bbox 470 1892 633 1933; x_wconf 89' lang='lat' dir='ltr'>Verum</span> <span class='ocrx_word' id='word_1_204' title='bbox 661 1890 754 1933; x_wconf 84' lang='lat' dir='ltr'>haec</span> <span class='ocrx_word' id='word_1_205' title='bbox 784 1889 987 1933; x_wconf 87' lang='lat' dir='ltr'>videlicet</span> <span class='ocrx_word' id='word_1_206' title='bbox 1013 1904 1099 1932; x_wconf 89' lang='lat' dir='ltr'>nen</span> <span class='ocrx_word' id='word_1_207' title='bbox 1129 1887 1408 1946; x_wconf 86' lang='lat' dir='ltr'>perferuntur</span> <span class='ocrx_word' id='word_1_208' title='bbox 1448 1887 1502 1932; x_wconf 89' lang='lat' dir='ltr'>ad</span> <span class='ocrx_word' id='word_1_209' title='bbox 1537 1897 1729 1942; x_wconf 89' lang='lat' dir='ltr'>vestros,</span> 
     </span>
    </p>
   </div>
   <div class='ocr_carea' id='block_1_7' title="bbox 350 1957 1825 2018">
    <p class='ocr_par' dir='ltr' id='par_1_8' title="bbox 350 1957 1825 2018">
     <span class='ocr_line' id='line_1_25' title="bbox 350 1957 1825 2018; baseline -0.001 -16"><span class='ocrx_word' id='word_1_210' title='bbox 350 1974 448 2002; x_wconf 89' lang='lat' dir='ltr'>cnm</span> <span class='ocrx_word' id='word_1_211' title='bbox 485 1959 708 2018; x_wconf 87' lang='lat' dir='ltr'>Crispinus</span> <span class='ocrx_word' id='word_1_212' title='bbox 751 1958 951 2002; x_wconf 88' lang='lat' dir='ltr'>maluerit</span> <span class='ocrx_word' id='word_1_213' title='bbox 981 1959 1284 2015; x_wconf 82' lang='lat' dir='ltr'>Carthaginem</span> <span class='ocrx_word' id='word_1_214' title='bbox 1321 1972 1525 2016; x_wconf 81' lang='lat' dir='ltr'>pergere,</span> <span class='ocrx_word' id='word_1_215' title='bbox 1560 1957 1733 2015; x_wconf 88' lang='lat' dir='ltr'>propria</span> <span class='ocrx_word' id='word_1_216' title='bbox 1782 1983 1783 1986; x_wconf 62' lang='lat'><em>=</em></span> <span class='ocrx_word' id='word_1_217' title='bbox 1820 1994 1825 2005; x_wconf 79' lang='grc'>,</span> 
     </span>
    </p>
   </div>
   <div class='ocr_carea' id='block_1_8' title="bbox 350 2027 1734 2158">
    <p class='ocr_par' dir='ltr' id='par_1_9' title="bbox 350 2027 1734 2158">
     <span class='ocr_line' id='line_1_26' title="bbox 351 2027 1733 2088; baseline -0.001 -16"><span class='ocrx_word' id='word_1_218' title='bbox 351 2030 585 2088; x_wconf 76' lang='lat' dir='ltr'>pertinacia</span> <span class='ocrx_word' id='word_1_219' title='bbox 621 2030 834 2088; x_wconf 87' lang='lat' dir='ltr'>superari,</span> <span class='ocrx_word' id='word_1_220' title='bbox 868 2028 1211 2073; x_wconf 86' lang='lat' dir='ltr'>mausuetudinis</span> <span class='ocrx_word' id='word_1_221' title='bbox 1243 2027 1496 2086; x_wconf 88' lang='lat' dir='ltr'>episcopalis</span> <span class='ocrx_word' id='word_1_222' title='bbox 1528 2027 1733 2071; x_wconf 90' lang='lat' dir='ltr'>interces-</span> 
     </span>
     <span class='ocr_line' id='line_1_27' title="bbox 350 2097 1734 2158; baseline -0.002 -15"><span class='ocrx_word' id='word_1_223' title='bbox 350 2100 468 2143; x_wconf 86' lang='lat' dir='ltr'>sione</span> <span class='ocrx_word' id='word_1_224' title='bbox 488 2100 753 2143; x_wconf 82' lang='lat' dir='ltr'>mitissimam</span> <span class='ocrx_word' id='word_1_225' title='bbox 771 2100 816 2143; x_wconf 91' lang='lat' dir='ltr'>in</span> <span class='ocrx_word' id='word_1_226' title='bbox 838 2114 881 2142; x_wconf 92' lang='lat' dir='ltr'>se</span> <span class='ocrx_word' id='word_1_227' title='bbox 907 2098 1120 2158; x_wconf 86' lang='lat' dir='ltr'>prolatam</span> <span class='ocrx_word' id='word_1_228' title='bbox 1145 2113 1342 2142; x_wconf 84' lang='lat' dir='ltr'>recusare</span> <span class='ocrx_word' id='word_1_229' title='bbox 1363 2097 1637 2151; x_wconf 84' lang='lat' dir='ltr'>sententiam,</span> <span class='ocrx_word' id='word_1_230' title='bbox 1656 2111 1734 2156; x_wconf 89' lang='lat' dir='ltr'>ap-</span> 
     </span>
    </p>
   </div>
   <div class='ocr_carea' id='block_1_9' title="bbox 348 2167 1825 2234">
    <p class='ocr_par' dir='ltr' id='par_1_10' title="bbox 348 2167 1825 2234">
     <span class='ocr_line' id='line_1_28' title="bbox 348 2167 1825 2234; baseline -0.001 -22"><span class='ocrx_word' id='word_1_231' title='bbox 348 2169 510 2228; x_wconf 87' lang='lat' dir='ltr'>pellare</span> <span class='ocrx_word' id='word_1_232' title='bbox 527 2169 581 2214; x_wconf 85' lang='lat' dir='ltr'>ad</span> <span class='ocrx_word' id='word_1_233' title='bbox 609 2171 698 2228; x_wconf 86' lang='lat' dir='ltr'>ejus</span> <span class='ocrx_word' id='word_1_234' title='bbox 729 2168 839 2213; x_wconf 85' lang='lat' dir='ltr'>filios</span> <span class='ocrx_word' id='word_1_235' title='bbox 856 2170 980 2229; x_wconf 86' lang='lat' dir='ltr'>cujus</span> <span class='ocrx_word' id='word_1_236' title='bbox 1009 2169 1104 2228; x_wconf 80' lang='lat' dir='ltr'>lege</span> <span class='ocrx_word' id='word_1_237' title='bbox 1133 2184 1176 2212; x_wconf 89' lang='lat' dir='ltr'>se</span> <span class='ocrx_word' id='word_1_238' title='bbox 1209 2168 1422 2212; x_wconf 88' lang='lat' dir='ltr'>irretitum</span> <span class='ocrx_word' id='word_1_239' title='bbox 1456 2167 1649 2221; x_wconf 80' lang='lat' dir='ltr'>videbat,</span> <span class='ocrx_word' id='word_1_240' title='bbox 1684 2175 1735 2211; x_wconf 90' lang='lat' dir='ltr'>ut</span> <span class='ocrx_word' id='word_1_241' title='bbox 1780 2172 1782 2174; x_wconf 77' lang='grc'><strong>’</strong></span> <span class='ocrx_word' id='word_1_242' title='bbox 1816 2214 1825 2234; x_wconf 58' lang='lat' dir='ltr'>a</span> 
     </span>
    </p>
   </div>
   <div class='ocr_carea' id='block_1_10' title="bbox 349 2236 1734 2579">
    <p class='ocr_par' dir='ltr' id='par_1_11' title="bbox 349 2236 1734 2579">
     <span class='ocr_line' id='line_1_29' title="bbox 351 2236 1734 2298; baseline -0.002 -15"><span class='ocrx_word' id='word_1_243' title='bbox 351 2241 556 2284; x_wconf 82' lang='lat' dir='ltr'>excitaret</span> <span class='ocrx_word' id='word_1_244' title='bbox 581 2239 792 2283; x_wconf 78' lang='lat' dir='ltr'>universae</span> <span class='ocrx_word' id='word_1_245' title='bbox 822 2241 933 2298; x_wconf 91' lang='lat' dir='ltr'>parti</span> <span class='ocrx_word' id='word_1_246' title='bbox 967 2239 1149 2293; x_wconf 88' lang='lat' dir='ltr'>Donati,</span> <span class='ocrx_word' id='word_1_247' title='bbox 1175 2238 1295 2298; x_wconf 86' lang='lat' dir='ltr'>quod</span> <span class='ocrx_word' id='word_1_248' title='bbox 1321 2236 1436 2282; x_wconf 91' lang='lat' dir='ltr'>solus</span> <span class='ocrx_word' id='word_1_249' title='bbox 1464 2238 1630 2296; x_wconf 86' lang='lat' dir='ltr'>perpeti</span> <span class='ocrx_word' id='word_1_250' title='bbox 1653 2252 1734 2281; x_wconf 91' lang='lat' dir='ltr'>nec</span> 
     </span>
     <span class='ocr_line' id='line_1_30' title="bbox 349 2307 1733 2370; baseline -0.001 -16"><span class='ocrx_word' id='word_1_251' title='bbox 349 2310 539 2365; x_wconf 89' lang='lat' dir='ltr'>volebat,</span> <span class='ocrx_word' id='word_1_252' title='bbox 565 2326 644 2355; x_wconf 90' lang='lat' dir='ltr'>nec</span> <span class='ocrx_word' id='word_1_253' title='bbox 660 2311 914 2368; x_wconf 86' lang='lat' dir='ltr'>cogebatur,</span> <span class='ocrx_word' id='word_1_254' title='bbox 937 2326 1067 2370; x_wconf 85' lang='lat' dir='ltr'>quam</span> <span class='ocrx_word' id='word_1_255' title='bbox 1090 2310 1218 2354; x_wconf 90' lang='lat' dir='ltr'>unius</span> <span class='ocrx_word' id='word_1_256' title='bbox 1242 2309 1307 2352; x_wconf 87' lang='lat' dir='ltr'>sui</span> <span class='ocrx_word' id='word_1_257' title='bbox 1328 2308 1566 2368; x_wconf 87' lang='lat' dir='ltr'>presbyteri</span> <span class='ocrx_word' id='word_1_258' title='bbox 1595 2307 1733 2352; x_wconf 88' lang='lat' dir='ltr'>auda-</span> 
     </span>
     <span class='ocr_line' id='line_1_31' title="bbox 350 2376 1733 2436; baseline -0.002 -12"><span class='ocrx_word' id='word_1_259' title='bbox 350 2381 567 2425; x_wconf 85' lang='lat' dir='ltr'>cissimum</span> <span class='ocrx_word' id='word_1_260' title='bbox 600 2390 643 2425; x_wconf 85' lang='lat' dir='ltr'>et</span> <span class='ocrx_word' id='word_1_261' title='bbox 685 2380 1062 2425; x_wconf 89' lang='lat' dir='ltr'>invidiosissimum</span> <span class='ocrx_word' id='word_1_262' title='bbox 1098 2378 1266 2424; x_wconf 84' lang='lat' dir='ltr'>facinus</span> <span class='ocrx_word' id='word_1_263' title='bbox 1300 2378 1387 2423; x_wconf 90' lang='lat' dir='ltr'>sola</span> <span class='ocrx_word' id='word_1_264' title='bbox 1424 2376 1733 2436; x_wconf 86' lang='lat' dir='ltr'>degradatione</span> 
     </span>
     <span class='ocr_line' id='line_1_32' title="bbox 350 2443 1646 2509; baseline -0.002 -15"><span class='ocrx_word' id='word_1_265' title='bbox 350 2452 518 2509; x_wconf 88' lang='lat' dir='ltr'>punire.</span> <span class='ocrx_word' id='word_1_266' title='bbox 1641 2443 1646 2446; x_wconf 40' lang='lat'>⁵</span> 
     </span>
     <span class='ocr_line' id='line_1_33' title="bbox 410 2517 1733 2579; baseline -0.002 -16"><span class='ocrx_word' id='word_1_267' title='bbox 410 2522 529 2563; x_wconf 84' lang='lat' dir='ltr'>Ltll.</span> <span class='ocrx_word' id='word_1_268' title='bbox 562 2520 801 2564; x_wconf 87' lang='lat' dir='ltr'>Restitutus</span> <span class='ocrx_word' id='word_1_269' title='bbox 825 2520 1003 2579; x_wconf 86' lang='lat' dir='ltr'>quidam</span> <span class='ocrx_word' id='word_1_270' title='bbox 1027 2520 1070 2564; x_wconf 92' lang='lat' dir='ltr'>in</span> <span class='ocrx_word' id='word_1_271' title='bbox 1093 2519 1269 2578; x_wconf 85' lang='lat' dir='ltr'>regione</span> <span class='ocrx_word' id='word_1_272' title='bbox 1292 2517 1562 2577; x_wconf 91' lang='lat' dir='ltr'>Hipponensi</span> <span class='ocrx_word' id='word_1_273' title='bbox 1593 2525 1733 2561; x_wconf 88' lang='lat' dir='ltr'>vester</span> 
     </span>
    </p>
   </div>
   <div class='ocr_carea' id='block_1_11' title="bbox 352 2576 1825 2650">
    <p class='ocr_par' dir='ltr' id='par_1_12' title="bbox 352 2576 1825 2650">
     <span class='ocr_line' id='line_1_34' title="bbox 352 2576 1825 2650; baseline 0.001 -20"><span class='ocrx_word' id='word_1_274' title='bbox 352 2589 578 2646; x_wconf 73' lang='lat' dir='ltr'>presbyter</span> <span class='ocrx_word' id='word_1_275' title='bbox 601 2589 683 2635; x_wconf 84' lang='lat' dir='ltr'>fuit</span> <span class='ocrx_word' id='word_1_276' title='bbox 706 2591 781 2650; x_wconf 91' lang='lat' dir='ltr'>qui</span> <span class='ocrx_word' id='word_1_277' title='bbox 805 2606 907 2635; x_wconf 88' lang='lat' dir='ltr'>cum</span> <span class='ocrx_word' id='word_1_278' title='bbox 939 2590 994 2636; x_wconf 84' lang='lat' dir='ltr'>ad</span> <span class='ocrx_word' id='word_1_279' title='bbox 1016 2589 1273 2636; x_wconf 83' lang='lat' dir='ltr'>catholicam</span> <span class='ocrx_word' id='word_1_280' title='bbox 1295 2603 1444 2648; x_wconf 84' lang='lat' dir='ltr'>pacem</span> <span class='ocrx_word' id='word_1_281' title='bbox 1463 2621 1474 2643; x_wconf 91' lang='lat'>‚</span> <span class='ocrx_word' id='word_1_282' title='bbox 1496 2595 1730 2646; x_wconf 87' lang='lat' dir='ltr'>antequam</span> <span class='ocrx_word' id='word_1_283' title='bbox 1788 2645 1792 2650; x_wconf 23' lang='grc'>1</span> <span class='ocrx_word' id='word_1_284' title='bbox 1822 2576 1825 2589; x_wconf 66' lang='lat'><strong><em>⁴</em></strong></span> 
     </span>
    </p>
   </div>
   <div class='ocr_carea' id='block_1_12' title="bbox 1751 501 1825 3264">
    <p class='ocr_par' dir='ltr' id='par_1_13' title="bbox 1751 501 1825 3264">
     <span class='ocr_line' id='line_1_35' title="bbox 1751 501 1825 3264; baseline 0 0"><span class='ocrx_word' id='word_1_285' title='bbox 1751 501 1825 3264; x_wconf 95' lang='lat' dir='ltr'> </span> 
     </span>
    </p>
   </div>
  </div>
 </body>
</html>
