1825 3264
266 292 347 331 524
701 300 733 329 s.
773 300 1001 330 Aucusnm
1034 302 1214 330 13121300121

259 368 446 413 mittitur
463 366 576 412 foras
597 401 606 419 ‚
642 366 696 410 de
717 382 804 427 qua
827 365 931 411 dicit
955 368 1164 412 Dominus
1186 367 1241 411 ad
1276 367 1495 411 Abraham
1521 387 1531 413 2
1554 387 1576 410 «
1599 371 1648 411 ln

263 458 281 479 »
317 438 478 482 semine
514 446 591 481 tuo
626 436 939 482 benedicentur
972 452 1121 482 omnes
1159 439 1339 495 gentes¹
1382 456 1390 483 :
1431 436 1530 480 »de
1563 453 1649 497 qua

258 507 515 569 praedictum
537 507 696 567 legitur
712 543 722 563 ‚
748 508 866 568 quod
890 508 971 552 erit
995 509 1038 552 in
1066 507 1307 552 novissimis
1330 507 1486 552 diebus
1508 507 1649 552 mani-

258 579 391 623 festus
412 593 536 622 mons
554 578 739 633 Domini,
757 587 799 622 et
814 579 991 623 venient
1015 577 1069 622 ad
1085 593 1185 622 eum
1208 578 1418 622 universae
1438 587 1589 637 gentes
1603 581 1619 604 ‘²
1638 596 1647 622 :

257 648 311 693 de
332 665 418 708 qua
442 649 700 708 praedictum
717 649 888 693 canitur
914 668 922 693 z
953 668 973 690 «
991 649 1472 693 Commemorabuntur
1492 658 1535 693 et
1550 664 1652 693 con-

261 739 280 762 »
306 729 530 765 vertentur
552 718 606 763 ad
631 721 862 764 Dominum
893 719 1082 763 universi
1112 720 1220 763 fines
1244 728 1369 763 terrae
1390 755 1401 776 ,
1426 728 1469 763 et
1498 719 1653 764 adora-

260 810 279 833 »
308 791 420 834 bunt
450 791 495 833 in
518 800 754 849 conspectu
783 792 874 850 ejus
905 790 1117 834 universae
1136 789 1287 849 patriae
1321 790 1517 848 gentium
1541 791 1556 815 ³
1593 809 1601 834 :
1629 808 1648 831 »

257 862 311 906 de
333 878 418 922 qua
439 860 700 921 praedicatur
716 860 838 921 quod
855 862 900 905 in
916 870 1011 905 toto
1031 860 1197 904 mundo
1216 859 1449 905 fructificet
1472 870 1515 904 et
1540 876 1653 905 cres-

257 936 354 978 cat*
372 947 529 992 :quam
552 934 641 992 ipse
668 933 874 976 Dominus
891 931 997 976 dicit
1020 931 1189 976 dilatari
1206 947 1282 991 per
1305 946 1455 975 omnes
1481 941 1649 989 gentes,

257 1003 564 1062 incipientibus
588 1002 642 1046 ab
665 1001 905 1046 Jerusalem
925 1004 938 1027 ⁵
961 1018 969 1042 :
1006 1017 1110 1056 non,
1138 1001 1337 1061 inquam,
1363 1000 1485 1046 vides
1506 1002 1541 1046 si
1559 1002 1653 1046 haec

256 1073 445 1117 mittitur
468 1073 597 1126 foras,
621 1086 717 1115 eam
743 1087 842 1116 cum
869 1075 982 1130 Lege
1006 1072 1081 1115 Dei
1103 1106 1113 1126 ,
1139 1087 1238 1116 cum
1269 1072 1496 1132 Prophetis
1516 1107 1527 1127 ,
1553 1088 1653 1117 cum

258 1143 436 1189 Psalmis
457 1179 466 1197 ‚
493 1159 592 1187 cum
618 1142 858 1202 Apostolis,
883 1157 982 1186 cum
1015 1143 1106 1201 ipso
1137 1142 1373 1202 Evangelio
1391 1178 1401 1198 ,
1433 1158 1531 1187 cum
1564 1152 1655 1188 toto

256 1215 445 1274 denique
460 1217 735 1258 Testamento
753 1224 904 1258 etcum
921 1214 1013 1274 ipso
1031 1213 1205 1258 haerede
1229 1213 1341 1257 mitti
1366 1212 1504 1257 foras?
1521 1214 1652 1267 Quod

256 1285 374 1331 nefas
392 1285 638 1340 statuendis,
664 1287 696 1329 si
718 1286 1026 1345 perhorrescis,
1052 1286 1086 1330 si
1110 1285 1406 1329 contremiscis
1422 1320 1432 1340 ‚
1455 1285 1553 1329 vide
1577 1285 1654 1329 ubi

256 1359 343 1403 sitis
359 1394 370 1412 ‚
387 1367 430 1402 et
452 1356 588 1401 redite
611 1358 725 1402 intro
743 1377 750 1402 :
778 1359 986 1418 quoniam
1008 1373 1097 1401 non
1113 1357 1299 1411 misistis,
1319 1356 1394 1400 sed
1413 1372 1488 1401 vos
1506 1357 1651 1416 potius

257 1429 399 1472 existis
418 1427 669 1473 foras.Vide
684 1428 792 1488 quid
812 1429 939 1473 faeiat
951 1428 1143 1473 animosa
1155 1429 1336 1472 caecitas.
1354 1428 1522 1471 Dicitur
1535 1428 1654 1487 quod

253 1501 540 1545 Maximianus
565 1500 832 1544 Primianum
857 1500 1020 1543 miserit
1038 1498 1176 1553 foras,
1205 1508 1247 1543 et
1271 1499 1436 1542 ridetur
1459 1519 1468 1543 ι
1489 1499 1651 1543 dicitur

255 1571 372 1629 quod
410 1586 507 1630 pars
547 1570 702 1615 Donati
738 1570 907 1614 labores
944 1570 1249 1630 Apostolorum
1289 1585 1364 1629 per
1398 1570 1654 1632 universum

255 1641 471 1685 mundum
500 1642 810 1686 fructificantes
842 1651 885 1686 et
913 1651 1155 1687 crescentes
1187 1642 1296 1686 misit
1325 1642 1464 1697 toras,
1495 1651 1538 1686 et
1563 1657 1655 1686 non

257 1712 533 1755 exhorretur.

317 1783 471 1825 LXXI.
484 1784 546 1826 Ne
564 1781 670 1841 quid
689 1796 790 1825 sane
814 1781 975 1825 fallaris
994 1791 1069 1825 aut
1089 1780 1229 1835 fallas,
1248 1782 1455 1840 quoniam
1471 1782 1515 1825 id
1536 1781 1656 1841 quod

258 1861 343 1896 tam
367 1852 520 1896 crebro
542 1853 895 1906 commemoravi,
917 1868 1006 1896 non
1026 1851 1257 1896 advertens
1276 1852 1342 1895 vel
1364 1860 1404 1895 te
1424 1851 1657 1897 advertisse

257 1922 554 1976 dissimulans,
582 1922 735 1965 dixisse
768 1937 835 1966 me
862 1923 1048 1966 atlirmas
1087 1942 1094 1966 :
1138 1941 1156 1963 «
1191 1924 1288 1966 Non
1325 1936 1414 1965 esse
1438 1922 1657 1967 frumenta

260 1993 508 2047 Dominica,
541 2008 669 2052 quam
706 2008 786 2051 ego
815 1993 1051 2037 Ecclesiam
1088 1992 1347 2036 catholicam
1378 1993 1436 2036 sic
1468 1994 1653 2047 asserui,

259 2065 481 2123 quomodo
499 2079 591 2107 eam
614 2079 732 2108 nunc
761 2065 909 2108 asserit
933 2064 1155 2123 Scriptura
1179 2063 1339 2106 divina.
1376 2082 1394 2103 »
1424 2069 1657 2108 Frumenta

261 2133 351 2178 sola
386 2135 430 2177 in
455 2135 611 2178 horreo
645 2133 960 2188 recondentur,
978 2148 1096 2177 nunc
1114 2133 1305 2179 Ecclesia
1330 2143 1537 2193 tanquam
1560 2149 1656 2178 area

262 2219 362 2247 cum
394 2203 516 2262 palea
549 2204 791 2248 trituratur.
820 2206 911 2248 Hoc
934 2213 997 2248 est
1025 2203 1145 2263 quod
1167 2219 1242 2247 vos
1266 2213 1391 2261 urget
1410 2219 1458 2247 ac
1481 2205 1653 2263 premit,

263 2283 305 2318 et
327 2274 408 2317 nisi
445 2275 720 2331 corrigamini
742 2275 955 2333 extinguit
982 2294 990 2319 :
1027 2275 1128 2334 quia
1152 2275 1283 2333 hujus
1317 2289 1426 2317 areae
1455 2274 1621 2333 paleam
1642 2309 1653 2330 ,

263 2343 381 2403 quod
404 2359 477 2388 vos
501 2359 590 2388 csse
612 2345 895 2399 monstrastis,
913 2359 1001 2388 non
1021 2359 1096 2388 vos
1124 2358 1245 2402 posse
1268 2342 1451 2387 tolerare
1473 2343 1652 2399 dixistis,

264 2423 494 2472 purgatum
518 2415 787 2460 frumentum
809 2416 1087 2475 impudenter
1105 2430 1179 2459 vos
1196 2429 1284 2458 esse
1304 2414 1484 2459 finxistis
1507 2430 1580 2459 :ac
1598 2415 1656 2459 sic

263 2498 313 2526 ex
334 2484 424 2542 ipsa
450 2499 546 2528 area
573 2485 691 2529 vanis
710 2486 937 2530 calumniis
961 2485 1240 2539 turbulentis,
1262 2494 1470 2545 tanquam
1492 2484 1656 2530 levissi-

313 2590 319 2603 ¹
348 2586 426 2615 Gen.
451 2595 530 2625 xur,
563 2586 614 2617 18.
638 2602 679 2608 —-
698 2593 710 2608 ²
733 2588 803 2618 lsai.
825 2597 857 2622 ιι,
879 2595 911 2618 2.
928 2603 969 2609 —
986 2585 999 2609 ³
1020 2586 1098 2618 psal.
1129 2596 1195 2626 xxi,
1217 2586 1267 2619 28,
1290 2586 1358 2613 —4
1385 2586 1499 2619 Coloss.
1521 2598 1546 2627 1,
1565 2587 1595 2619 6.
1616 2602 1656 2609 —·

268 2636 280 2658 '¹
305 2638 367 2668 [ur
405 2648 493 2671 niv,
522 2639 567 2679 ᾗῇ.

1780 299 1785 467 ξ

1780 492 1786 713 ἑ

1781 767 1784 860 ἱ
