1825 3264
345 231 396 269 16
775 242 807 267 s.
846 237 1076 267 Ancus-rim
1110 239 1291 267 nmscom

335 307 480 361 disus,
517 307 576 351 sic
608 321 682 365 per
713 305 847 350 verba
881 305 1043 351 Christi
1071 305 1147 349 ubi
1179 305 1232 349 sit
1254 303 1446 349 Ecclesia
1467 302 1724 361 didicimus,

337 395 358 417 »
388 381 467 421 Per
500 390 650 420 omnes
665 410 677 430 ,
711 375 873 436 inquit,
905 383 1071 434 gentes,
1091 375 1304 434 incipiens
1320 373 1377 418 ab
1398 372 1682 418 Jerusalem1.
1701 390 1723 414 ι)

332 448 402 491 ΑΙ)
427 447 509 491 isto
544 446 744 491 universo
768 445 824 491 ad
855 455 1022 506 partem
1055 444 1298 506 quamlibet
1329 444 1524 505 quisquis
1557 453 1728 504 separat

330 517 554 561 hominem
571 552 582 573 ,
603 515 675 561 ille
697 516 863 562 diaboli
884 516 998 561 filius
1016 525 1060 561 et
1080 514 1300 561 homicida
1323 515 1614 560 convincitur.
1643 514 1728 560 Sed

328 597 370 632 et
392 588 574 633 verbum
587 623 598 643 ,
616 587 737 648 quod
751 589 843 648 ipse
859 588 1070 648 posuisti,
1092 597 1142 631 ut
1163 587 1218 631 de
1236 587 1412 631 diabolo
1439 587 1619 641 diceres,
1646 585 1726 630 Ille

327 669 551 704 accusator
575 657 660 703 fuit
681 694 693 714 ,
720 668 763 704 et
785 659 832 702 in
858 659 1038 702 veritate
1053 673 1143 703 non
1155 658 1294 713 stetit,
1319 657 1420 702 vide
1432 658 1478 701 in
1495 672 1604 717 quos
1616 671 1725 702 con-

325 730 485 775 veniat.
521 731 743 775 Accusatis
775 730 890 774 enim
922 730 1073 775 orbem
1100 738 1315 774 terrarum
1347 729 1601 775 criminibus
1619 727 1727 773 alio-

325 815 439 856 rum,
468 816 578 861 quos
603 801 735 845 etiam
767 801 882 860 ipsos
907 815 1108 845 accusare
1131 801 1276 860 potius
1301 815 1435 861 quam
1466 799 1726 844 convincere

324 871 525 930 potuistis
541 893 553 930 3
573 881 616 917 et
632 872 679 916 in
695 872 876 916 veritate
888 873 918 918 C
927 872 1053 916 hristi
1067 886 1157 916 non
1169 871 1360 916 stetistis.
1374 869 1455 915 Ille
1462 871 1579 915 enim
1591 870 1698 914 dicit
1711 887 1723 916 ι

322 943 561 989 Ecclesiam
593 959 670 1004 per
691 959 841 989 omnes
871 953 1024 1003 gentes
1054 943 1336 1004 incipientem
1361 943 1416 988 ab
1445 941 1686 988 Jerusalem
1710 960 1720 987 :

322 1030 398 1060 vos
413 1025 576 1071 autem,
597 1016 643 1059 in
666 1024 788 1075 parte
813 1016 987 1060 Donati.

379 1088 544 1131 XXXI.
592 1089 851 1131 Pmmmus
885 1086 1025 1130 dixit:
1057 1104 1078 1128 «
1115 1087 1260 1131 Tertio
1306 1101 1485 1146 quoque
1519 1084 1717 1130 similiter

319 1167 646 1216 persecutorum
672 1157 940 1201 dementiam
964 1157 1048 1202 hoc
1072 1158 1251 1202 nomine
1272 1156 1490 1218 appellat:
1518 1176 1539 1199 «
1557 1160 1721 1216 Proge-

320 1245 340 1268 »
368 1228 458 1271 nies
494 1229 758 1287 viperarum,
795 1227 1019 1288 quomodo
1041 1226 1215 1285 fugietis
1229 1228 1446 1288 judicium
1472 1227 1722 1286 gehennae?

319 1316 339 1337 »
368 1297 563 1357 Ideoque
590 1299 719 1342 mitto
746 1298 802 1342 ad
831 1313 907 1342 vos
939 1298 1180 1356 Prophetas
1196 1333 1206 1352 ,
1228 1308 1271 1343 et
1294 1299 1536 1358 sapientes,
1556 1307 1600 1342 et
1620 1297 1723 1342 scri·

320 1384 339 1408 »
369 1368 473 1425 bas,
503 1377 546 1411 et
574 1382 627 1411 ex
650 1367 735 1411 illis
762 1367 984 1422 occidetis,
1020 1376 1062 1411 et
1090 1368 1372 1427 crucifigetis,
1410 1377 1454 1413 et
1483 1366 1719 1427 flagellabi-

318 1456 339 1479 »
365 1439 419 1482 tis
447 1439 492 1483 in
516 1439 748 1498 synagogis
771 1438 922 1483 vestris
942 1473 952 1493 ‚
978 1437 1119 1484 donec
1142 1441 1288 1484 veniat
1314 1455 1443 1500 super
1471 1455 1547 1484 vos
1574 1438 1717 1484 omnis

317 1527 338 1549 »
364 1509 538 1568 sanguis
546 1510 688 1569 justus
701 1544 711 1563 ,
730 1524 861 1569 quem
876 1507 1088 1554 effudistis
1101 1510 1147 1553 in
1163 1519 1324 1554 terram
1338 1526 1361 1554 a
1377 1510 1587 1569 sanguine
1599 1507 1713 1554 Abel

317 1597 337 1619 >›
358 1580 487 1638 justi,
525 1596 663 1641 usque
692 1581 747 1624 ad
781 1581 1036 1638 sanguinem
1076 1581 1294 1625 Zachariae
1332 1580 1411 1625 filii
1451 1580 1675 1625 Barachiae
1697 1614 1709 1634 ,

319 1668 338 1691 »
366 1667 498 1711 quem
543 1652 761 1696 occidistis
790 1652 902 1695 inter
926 1650 1140 1711 templum
1162 1661 1205 1696 et
1227 1651 1360 1697 altare
1375 1655 1407 1694 ¹2.
1439 1670 1458 1693 »
1485 1650 1712 1712 Numquid

313 1735 414 1765 vere
438 1723 669 1767 carnaliter
692 1733 794 1766 sunt
813 1722 890 1766 filii
919 1723 1165 1781 viperarum
1184 1759 1195 1778 ,
1218 1733 1379 1768 ac'non
1406 1723 1543 1783 magis
1566 1731 1713 1767 mente

312 1803 546 1851 serpentes,
563 1804 606 1837 et
619 1793 815 1852 trilingui
828 1793 1007 1848 malitia,
1030 1803 1238 1853 tactuque
1254 1794 1483 1839 mortifero
1497 1804 1541 1838 et
1555 1793 1712 1854 spiritu

313 1866 467 1907 veneni
490 1866 749 1922 flagrantes?
774 1867 884 1908 Vere
903 1866 1063 1924 viperae
1085 1865 1189 1910 facti
1212 1877 1336 1922 sunt,
1361 1866 1438 1925 qui
1460 1865 1710 1911 insontibus

310 1935 483 1994 populis
507 1946 668 1981 mortes
692 1938 907 1981 morsibus
928 1946 1210 1981 vomuerunt.
1243 1956 1262 1978 »

369 2010 556 2052 XXXII.
579 2013 856 2053 Anousniws
878 2008 1102 2067 respondit
1127 2028 1136 2054 :
1159 2011 1262 2053 Haec
1287 2009 1320 2053 si
1359 2008 1498 2053 dicam
1525 2007 1579 2052 de
1604 2008 1705 2051 tali-

312 2078 392 2121 bus
417 2094 505 2123 esse
539 2079 669 2133 dicta,
703 2079 851 2139 quales
893 2095 968 2123 vos
1000 2080 1123 2134 estis,
1159 2078 1505 2138 respondebitis,
1543 2078 1699 2122 Proba.

312 2148 427 2201 Quid
450 2150 564 2192 enim
580 2184 591 2198 ,
620 2159 668 2193 tu
694 2150 922 2209 probasti?
944 2153 1032 2193 Aut
1053 2151 1087 2193 si
1109 2166 1160 2193 eo
1182 2159 1308 2208 putas
1327 2149 1502 2207 probari
1524 2164 1613 2207 quo
1635 2148 1706 2192 di-

310 2230 488 2273 cuntur,
510 2235 599 2264 non
617 2235 726 2278 opus
743 2229 806 2263 est
832 2219 984 2264 eadem
1008 2229 1217 2278 repetere.
1241 2220 1391 2263 Recita
1415 2218 1489 2262 illa
1512 2219 1603 2277 ipsa
1626 2218 1705 2262 tibi

311 2300 353 2335 et
369 2307 391 2335 a
409 2292 533 2336 nobis
556 2293 601 2335 in
622 2307 712 2336 vos.
736 2294 849 2336 Ecce
867 2299 910 2334 et
925 2306 1004 2349 ego
1024 2291 1205 2350 probavi
1225 2326 1235 2343 ,
1256 2291 1290 2334 si
1308 2292 1391 2335 hoc
1414 2299 1479 2334 est
1499 2290 1701 2349 probare.

312 2365 369 2406 Et
391 2371 537 2406 tamen
564 2361 678 2406 disce
704 2361 813 2421 quid
837 2361 892 2406 sit
914 2361 1114 2420 probare.
1137 2364 1288 2421 Neque
1310 2362 1425 2405 enim
1440 2361 1705 2406 extrinsecus

314 2449 463 2492 quaero
483 2433 749 2478 documenta
766 2468 777 2487 ,
801 2442 851 2477 ut
869 2448 943 2477 vos
964 2433 1130 2491 viperas
1155 2433 1349 2492 probem.
1373 2435 1487 2477 Ecce
1510 2432 1700 2493 idipsum

314 2503 534 2562 vipereum
555 2513 633 2558 est,
654 2519 744 2548 non
758 2503 917 2548 habere
932 2503 976 2547 in
989 2519 1062 2548 ore
1075 2504 1398 2549 firmamentum
1410 2501 1704 2558 veritatis,sed

365 2597 369 2609 ¹
394 2591 469 2621 Luc.
491 2599 578 2627 xxiv,
597 2588 651 2631 47.
671 2606 711 2612 -
731 2597 741 2611 ²
760 2589 877 2622 Matth.
901 2600 997 2630 xxm,
1018 2589 1070 2621 32.
