1825 3264
327 252 489 283 CONTRA
522 252 725 282 nna-nas
757 254 990 295 rantum,
1027 258 1108 285 Lm.
1146 260 1193 285 11.
1405 247 1460 287 63

75 318 144 364 Ad
165 320 276 363 viam
292 319 472 380 Justitiae
490 318 654 373 redeat,
680 319 755 379 qui
779 331 995 365 erraverat
1016 331 1066 367 ut
1086 323 1259 382 periret.
1280 340 1301 364 α
1322 325 1378 368 Et
1394 339 1460 367 su-

77 406 98 432 »
122 404 199 450 per
219 390 470 434 cathedram
494 389 749 449 pestilentiae
771 405 860 435 non
882 392 1006 436 sedit.
1029 410 1047 433 »
1069 395 1180 438 Cum
1196 395 1254 438 ita
1270 409 1462 440 commo-

73 470 190 514 neat,
214 475 241 505 o
261 461 420 515 miseri,
447 460 555 520 quid
576 461 758 505 sedetis?
779 479 799 503 «
819 460 902 506 Sed
924 462 969 505 in
991 461 1087 521 lege
1111 466 1282 509 Domini
1303 464 1462 510 volun-

75 547 97 572 »
123 539 184 576 tas
205 532 296 591 ejus
311 565 323 586 ‚
348 539 391 576 et
413 532 459 576 in
475 531 571 591 lege
593 532 765 576 Domini
789 532 1072 577 meditabitur
1089 533 1160 578 die
1177 549 1226 579 ac
1244 545 1386 580 nocte.
1407 539 1462 580 Et

74 617 95 642 υ
119 601 201 646 erit
213 600 331 646 velut
342 601 509 661 lignum
520 602 641 662 quod
651 601 897 661 plantatum
909 612 972 647 est
984 603 1095 648 circa
1107 603 1320 649 decursus
1333 622 1462 666 aqua-

74 689 96 713 »
121 686 235 726 rum,
252 671 372 732 quod
384 671 576 716 fructum
587 687 715 716 suum
726 671 849 717 dabit
862 673 906 717 in
924 682 1119 733 tempore
1132 690 1225 720 suo.
1240 678 1296 720 Et
1308 675 1460 721 folium

75 759 96 784 υ
120 743 212 802 ejus
241 758 331 788 non
362 742 551 799 decidet,
582 752 626 787 et
647 743 794 788 omnia
828 760 1119 806 quaecumque
1142 746 1310 802 fecerit,
1343 762 1464 806 pros-

74 829 96 855 »
119 828 222 873 pera
236 813 489 874 procedent.
506 817 602 860 Non
614 814 673 858 sic
694 814 831 874 impii,
851 830 939 860 non
956 817 1031 871 sic,
1050 815 1126 861 sed
1143 827 1352 877 tauquam
1368 818 1464 877 pul-

73 900 94 926 »
118 885 182 929 vis
199 899 331 944 quem
362 885 534 945 projicit
561 894 719 930 ventus
743 901 766 929 a
795 884 904 930 facie
934 896 1075 931 terrae.
1103 889 1263 948 Implet
1293 888 1460 943 ocu108‚

73 972 94 997 ι»
119 964 169 1000 ut
189 965 389 1001 excaecet.
414 959 648 1016 Propterea
668 971 756 1001 non
773 967 985 1015 exurgent
1003 959 1123 1018 impii
1137 960 1180 1002 in
1189 959 1373 1019 judicio,
1392 974 1465 1003 ne-

75 1045 96 1068 »
121 1042 207 1087 que
228 1036 474 1087 peccatores
485 1028 530 1072 in
542 1028 724 1073 concilio
733 1030 963 1088 justorum.
980 1031 1197 1083 Quoniam
1215 1031 1294 1076 scit
1312 1032 1462 1076 Domi-

77 1114 97 1138 »
120 1111 202 1141 nus
216 1097 305 1142 vias
316 1098 552 1157 justorum,
575 1106 619 1141 et
644 1098 726 1142 iter
739 1099 972 1158 impiorum
990 1101 1127 1159 periet
1150 1103 1180 1144 1.
1210 1120 1230 1142 »

129 1170 289 1213 CVIII.
325 1171 602 1214 AUGUSTINUS
625 1170 850 1228 respondit
876 1189 885 1214 z
921 1171 1027 1223 Quis
1056 1187 1134 1216 nos
1156 1172 1201 1215 in
1233 1172 1464 1231 Scripturis

70 1237 287 1284 discernat
321 1241 417 1285 hacc
445 1239 534 1284 duo
558 1255 715 1299 genera
738 1241 965 1285 hominum
989 1244 1006 1285 Ρ
1036 1243 1120 1287 Sed
1153 1257 1229 1287 vos
1265 1242 1464 1286 maledici

73 1309 208 1369 paleae
229 1310 409 1356 crimina
435 1311 567 1354 etiam
593 1309 820 1354 frumentis
843 1311 1027 1370 objicitis
1054 1333 1064 1368 3
1088 1322 1130 1356 et
1152 1327 1260 1363 cum
1279 1313 1368 1356 sola
1393 1328 1464 1372 pa-

71 1377 139 1424 lea
173 1380 290 1435 sitis,
315 1378 456 1425 solum
487 1378 762 1424 frumentum
792 1395 868 1425 vos
899 1396 988 1425 esse
1014 1382 1215 1441 jactatis„
1236 1383 1464 1441 Prophetae

71 1459 219 1495 autem
239 1450 420 1495 veridici
444 1459 683 1510 utrumque
711 1452 796 1495 hoc
830 1467 966 1511 genus
988 1462 1087 1497 ante
1113 1452 1461 1507 ventilationem,

70 1535 172 1580 quae
190 1522 236 1565 in
254 1521 324 1566 die
342 1521 496 1581 judicii
518 1521 668 1565 futura
690 1529 768 1577 est,
795 1523 1058 1581 permixtum
1088 1538 1178 1568 esse
1199 1512 1354 1568 dicunt
1388 1538 1466 1582 per

72 1600 215 1636 totum
237 1593 470 1648 mundum,
486 1592 533 1637 id
551 1601 630 1648 est,
646 1607 724 1652 per
741 1602 882 1638 totum
899 1609 1054 1654 agrum
1073 1595 1260 1639 Domini.
1276 1597 1464 1639 Verum-

73 1671 219 1707 tamen
239 1662 454 1708 admoneo
468 1672 519 1707 ut
547 1663 677 1707 istum
704 1663 894 1722 primum
919 1666 1138 1709 Psalmum
1163 1680 1302 1724 graece
1323 1664 1462 1724 legas:

72 1733 131 1777 ita
153 1748 243 1778 non
264 1734 444 1778 audebis
465 1749 545 1794 pro
574 1734 755 1778 crimine
779 1735 968 1794 objicere
999 1737 1096 1780 orbi
1121 1746 1333 1780 terrarum
1364 1751 1466 1795 par-

39 1863 42 1865 Δ
74 1813 162 1848 tem
182 1807 357 1850 Macarii
375 1826 387 1864 3
410 1806 514 1867 quia
537 1804 647 1850 forte
669 1804 883 1865 intelliges
900 1809 1023 1867 cujus
1040 1808 1216 1852 Macarii
1234 1808 1286 1852 sit
1300 1822 1396 1867 pars
1421 1808 1466 1850 in

73 1876 277 1921 omnibus
298 1879 472 1932 sanctis,
497 1892 597 1937 quae
622 1891 700 1936 per
722 1892 873 1922 omnes
897 1888 1044 1937 gentes
1078 1879 1397 1923 benedicuntur
1419 1878 1464 1920 in

73 1946 236 1991 semine
256 1948 458 1991 Abrahae.
499 1947 630 2001 Quod
660 1947 774 1991 enim
797 1949 1004 2008 scriptum
1027 1958 1091 1993 est
1113 1950 1248 1993 latine
1275 1969 1283 1993 :
1310 1969 1330 1991 «
1355 1952 1465 1991 Bea-

77 2025 179 2060 »tus
202 2017 292 2063 vir:
317 2036 336 2058 »
355 2032 492 2076 graece
515 2019 665 2073 habet,
691 2028 843 2073 suzim
863 2029 951 2071 ανὴρ,
979 2018 1057 2063 Ille
1078 2028 1224 2063 autem
1252 2018 1465 2062 Macarius

73 2088 149 2148 qui
171 2089 293 2133 vobis
317 2089 541 2149 displicet,
568 2092 601 2134 si
639 2092 778 2136 malus
801 2089 906 2145 fuit,
939 2105 1020 2134 nec
1041 2090 1085 2133 in
1108 2090 1190 2134 hac
1225 2100 1340 2134 sorte
1372 2098 1462 2144 est,

74 2173 155 2203 nec
172 2159 274 2204 huic
295 2160 397 2205 sorti
419 2161 558 2205 obest.
588 2162 630 2206 Si
658 2171 802 2206 autem
826 2161 982 2214 bonus,
1007 2175 1116 2219 opus
1137 2175 1264 2204 suum
1282 2160 1462 2219 probet,

74 2238 126 2274 ut
145 2230 189 2273 in
210 2245 253 2274 se
275 2230 368 2290 ipso
389 2231 547 2275 habeat
567 2231 764 2290 gloriam,
790 2240 833 2275 et
853 2246 941 2275 non
963 2231 1009 2274 in
1031 2229 1185 2275 altero.

134 2301 250 2346 CIX.
288 2304 550 2347 Patruinus
573 2302 680 2346 dixit
713 2321 722 2346 :
764 2321 783 2344 «
832 2302 976 2347 Nostri
1014 2310 1158 2345 autem
1195 2300 1465 2359 baptismatis

75 2370 353 2416 laudesidem
375 2373 738 2433 psalmographus
751 2373 997 2418 decantavit
1020 2387 1030 2414 z
1055 2391 1075 2414 »
1098 2373 1309 2417 Dominus
1329 2371 1462 2429 pascit

79 2460 100 2483 »
136 2457 220 2497 me,
239 2452 283 2487 et
298 2443 404 2488 nihil
429 2444 533 2488 mihi
550 2444 704 2499 deerit,
724 2444 769 2488 in
791 2444 888 2489 loco
911 2459 1081 2503 pascuae
1098 2444 1157 2486 ibi
1183 2457 1251 2486 me
1271 2440 1465 2486 colloca-

79 2531 101 2555 »
135 2514 211 2558 vit.
245 2516 383 2573 Super
424 2529 583 2575 aquam
612 2513 858 2560 refectionis
896 2513 1099 2558 educavit
1137 2526 1207 2557 me
1221 2545 1232 2564 ‚
1274 2511 1463 2557 animam

133 2604 142 2621 ¹
162 2597 242 2631 Psal.
266 2609 290 2640 1,
313 2598 385 2631 1-6.
