1825 3264
369 235 385 270 1
399 233 449 270 12
789 241 822 267 s.
860 237 1090 267 Acots'rim
1123 237 1302 266 zmscom

423 308 572 352 CCVI.
599 307 656 350 Et
681 303 787 359 ubi,
812 304 979 364 inquies
995 338 1005 358 ‚
1029 302 1259 362 impletum
1297 310 1361 346 est
1388 300 1509 361 quod
1539 301 1749 346 Dominus

364 377 469 422 dicit
495 395 503 420 :
532 395 552 418 «
578 374 734 420 Veniet
749 383 936 435 tempus,
952 383 1001 418 ut
1020 375 1097 434 qui
1116 388 1191 418 vos
1209 372 1430 428 occiderit,
1455 381 1582 432 putet
1598 387 1643 416 se
1661 375 1750 417 Deo

367 466 387 489 »
413 446 607 492 officium
630 445 827 490 faeere1?
847 465 864 487 »
882 447 1034 505 Neque
1050 444 1166 488 enim
1188 443 1272 488 hoc
1289 443 1344 487 de
1362 443 1546 502 Paganis
1564 441 1650 487 dici
1671 458 1751 503 po-

364 518 463 573 tuit,
484 517 561 578 qui
574 531 663 561 non
685 524 860 576 propter
886 518 1038 570 Deum,
1061 513 1135 559 sed
1156 523 1332 574 propter
1353 512 1471 558 idola
1485 513 1752 558 Christianos

364 588 749 650 persequebantur.
776 589 872 634 Non
893 585 1064 642 videtis,
1091 586 1124 631 si
1147 586 1230 631 hoc
1251 585 1305 630 de
1326 585 1392 629 his
1417 584 1752 645 imperatoribus

364 661 530 706 dictum
557 669 682 715 esset,
702 659 778 720 qui
801 658 993 718 gaudent
1017 658 1072 702 de
1089 657 1266 703 nomine
1290 656 1522 702 christiano
1540 691 1551 711 ,
1575 657 1660 702 hoc
1680 671 1752 701 eos

365 732 517 792 utique
539 732 758 792 praecipue
780 729 909 775 fuisse
939 731 1155 791 jussuros,
1188 738 1237 773 ut
1261 726 1567 773 occideremini
1595 746 1603 772 :
1631 725 1753 787 quod

364 817 588 862 nunquam
613 802 791 846 omnino
808 801 1045 860 jusserunt.
1077 799 1160 845 Sed
1183 798 1313 843 vestri
1329 797 1475 842 hostili
1500 812 1620 842 more
1641 795 1752 856 legi-

365 873 446 917 bus
468 872 754 932 repugnando
767 887 920 931 poenas
939 871 1108 915 debitas
1124 869 1276 927 luunt3
1295 878 1338 914 et
1351 869 1618 914 voluntarias
1637 883 1753 912 mor-

364 952 426 987 tes
448 958 559 998 suas,
576 942 682 986 dum
698 943 824 987 nobis
840 941 1073 986 invidiosas
1094 950 1268 1001 putant,
1289 941 1370 984 sibi
1384 940 1646 1000 perniciosas
1664 954 1752 983 non

364 1022 537 1071 putant.
565 1012 691 1066 Quod
721 1013 754 1056 si
782 1013 837 1056 de
870 1012 1044 1071 regibus
1067 1027 1228 1057 nomen
1253 1012 1413 1056 Christi
1432 1010 1753 1055 honorantibus

364 1083 474 1127 illud
504 1099 526 1127 a
552 1083 735 1128 Domino
759 1082 926 1127 dictum
959 1098 1049 1127 esse
1079 1083 1372 1138 arbitrantur,
1411 1090 1610 1142 quaerant
1648 1080 1752 1141 quid

364 1153 588 1199 Catholica
610 1154 655 1197 in
677 1153 854 1197 Oriente
868 1168 1065 1213 perpessa
1087 1154 1156 1209 sit,
1185 1153 1364 1213 quando
1387 1153 1547 1197 Valens
1569 1152 1757 1212 impera-

364 1225 439 1269 bat
471 1226 670 1269 Arianus.
703 1228 812 1270 Ecce
834 1225 1068 1281 haberem,
1094 1241 1183 1285 quo
1206 1225 1496 1284 intelligerem
1523 1223 1756 1283 impletum

364 1311 452 1340 esse
473 1328 484 1347 ,
508 1296 629 1356 quod
655 1296 864 1340 Dominus
896 1297 956 1340 ait
986 1316 994 1340 ε
1035 1315 1052 1336 «
1080 1296 1237 1340 Veniet
1259 1306 1454 1355 tempus,
1495 1304 1543 1339 ut
1567 1294 1644 1354 qui
1681 1308 1757 1338 vos

366 1384 386 1407 »
399 1366 620 1422 occiderit,
642 1376 767 1426 putet
782 1382 826 1411 se
842 1367 1036 1412 officium
1060 1370 1148 1411 Deo
1171 1365 1313 1411 facere
1332 1382 1437 1410 :nne
1459 1365 1539 1410 sibi
1559 1365 1615 1408 ad
1629 1363 1757 1408 famae

366 1435 546 1494 gloriam
568 1437 760 1481 haeretici
783 1447 1078 1491 assumerent,
1095 1438 1129 1481 si
1150 1436 1257 1496 quid
1281 1437 1485 1481 adversus
1511 1450 1663 1480 eorum
1687 1449 1757 1478 er-

365 1521 505 1551 rorem
541 1508 820 1566 imperatores
852 1507 1055 1552 catholici
1089 1508 1408 1567 praecepissent.
1443 1510 1758 1551 Verumtamen

366 1586 534 1637 tempus
564 1577 676 1622 illud
707 1587 804 1637 post
836 1580 1129 1623 ascensionem
1163 1580 1333 1622 Domini
1365 1577 1636 1638 completum
1668 1590 1758 1620 esse

365 1649 678 1693 reminiscimur
702 1671 712 1707 3
737 1660 884 1694 sancta
910 1651 1131 1710 Scriptura
1154 1651 1282 1710 hujus
1305 1651 1366 1694 rei
1404 1649 1522 1694 testis
1555 1647 1759 1694 omnibus

365 1727 469 1764 nota
497 1729 575 1764 est.
595 1719 737 1764 Judaei
768 1721 1009 1781 putabant,
1034 1737 1078 1765 se
1111 1720 1306 1765 officium
1336 1723 1426 1764 Deo
1453 1719 1595 1764 facere
1614 1753 1625 1774 ‚
1656 1732 1757 1762 cum

366 1790 595 1848 Apostolos
612 1790 886 1836 occidebant.
915 1796 1034 1836 Inter
1056 1793 1135 1837 hos
1153 1793 1229 1852 qui
1251 1792 1444 1837 officium
1467 1794 1559 1837 Deo
1579 1790 1760 1836 arbitra-

367 1860 527 1906 bantur
541 1877 586 1906 se
608 1862 829 1917 exhibere,
847 1863 977 1908 etiam
1004 1863 1159 1909 Saulus
1181 1873 1344 1918 noster,
1369 1851 1569 1908 nondum
1593 1870 1755 1916 noster,

367 1929 452 1974 fuit
474 1952 482 1977 2
508 1933 566 1977 ita
589 1943 638 1978 ut
655 1934 738 1979 hoc
755 1935 869 1979 inter
889 1934 1040 1979 laudes
1057 1951 1154 1979 suas
1177 1935 1416 1995 praeteritas
1434 1943 1477 1978 et
1494 1933 1757 1978 obliviscen-

367 1999 442 2046 das
465 2012 692 2048 enumeret
711 2024 720 2049 :
742 2024 762 2046 «
781 2005 1008 2060 Hebraeus,
1028 2006 1187 2065 inquit,
1206 2021 1257 2049 ex
1283 2005 1492 2059 HebraeiS,
1514 2004 1755 2048 secundum

369 2090 388 2113 »
424 2072 566 2131 legem
591 2075 851 2130 Pharisaeus‚
873 2076 1114 2121 secundum
1145 2076 1471 2120 aemulationem
1493 2088 1758 2134 persequens

369 2160 389 2183 »
426 2144 662 2188 Ecclesiam
681 2149 712 2189 2.
743 2164 762 2186 »
785 2149 899 2191 Ecce
913 2147 988 2207 qui
1004 2147 1187 2206 putabat
1207 2146 1400 2191 ollicium
1421 2162 1466 2190 se
1489 2149 1578 2191 Deo
1596 2145 1754 2199 facere,

367 2228 465 2256 cum
490 2213 676 2258 faciebat
699 2215 819 2275 'quod
846 2231 944 2261 mox
968 2217 1058 2275 ipse
1077 2232 1302 2276 perpessus
1328 2227 1406 2261 est.
1433 2219 1540 2261 Nam
1565 2216 1756 2276 quadra-

369 2283 486 2341 ginta
509 2284 651 2328 Judaei
683 2287 1017 2345 conjuraverant
1040 2296 1090 2331 ut
1112 2287 1409 2332 interficerent
1430 2303 1546 2343 eum,
1578 2286 1756 2347 quando

367 2353 574 2399 fecithoc
601 2355 780 2400 tribuno
809 2357 1078 2402 innotescere
1095 2394 1105 2412 ‚
1131 2367 1178 2402 ut
1207 2373 1357 2403 corum
1381 2357 1555 2402 insidias
1590 2365 1755 2401 armato

368 2424 504 2468 milite
527 2435 672 2485 septus
688 2427 934 2472 evaderet³.
970 2428 1053 2473 Sed
1069 2428 1266 2473 nondum
1289 2438 1380 2473 crat
1402 2429 1478 2488 qui
1500 2428 1540 2472 ei
1559 2428 1723 2472 diceret
1743 2445 1751 2470 :

370 2493 485 2546 Quid
504 2495 580 2540 tibi
599 2506 677 2552 est,
699 2513 788 2543 non
807 2499 1101 2558 cumregibus,
1116 2498 1193 2543 sed
1209 2514 1310 2544 curn
1331 2499 1520 2544 tribunis
1540 2499 1755 2558 armisque

420 2585 426 2600 ¹
456 2580 547 2612 Joan.
575 2592 641 2622 xvi,
662 2593 692 2614 2.
709 2600 749 2606 -
764 2591 775 2607 ²
794 2584 907 2627 Philip.
926 2595 971 2627 ni,
987 2583 1019 2617 5.
1037 2601 1073 2608 —·
1093 2582 1105 2608 3
1128 2588 1200 2619 Act.
1221 2594 1315 2623 xxm,
1338 2584 1388 2617 13.
