1825 3264
349 258 404 296 26
783 265 815 292 s.
852 265 1080 293 Aucus-run
1117 264 1295 291 ssrlscom

347 345 516 382 constet
540 349 593 378 an
618 334 674 376 ita
703 333 787 386 sit,
819 346 947 375 nemo
976 338 1269 389 persecutores
1292 335 1480 371 accuset.
1511 326 1556 371 Si
1592 324 1734 370 dicitis
1791 330 1797 340 ”

347 409 473 451 etiam
487 403 777 449 schismaticos
791 402 1135 461 persecutionem
1152 399 1237 458 pati
1252 412 1341 441 non
1355 396 1571 451 debuisse,
1583 410 1735 457 quaero
1791 459 1793 462 .

346 489 494 522 utrum
512 485 554 519 et
573 474 628 518 de
638 473 835 525 basilicis,
857 473 901 515 in
921 471 1082 530 quibus
1103 469 1363 513 insidiantur
1388 467 1444 511 ad
1465 467 1736 512 seducendos
1788 471 1793 477 '

344 547 538 589 infirmos
557 579 567 598 ,
594 542 750 602 expelli
780 557 857 601 per
886 541 1103 585 ordinatas
1130 547 1363 598 potestates
1394 552 1484 581 non
1518 536 1737 581 debeant?
1775 541 1796 559 ’-

348 617 391 661 Si
430 615 569 659 dicitis
606 630 686 658 nec
719 614 802 656 hoc
831 612 1005 664 debere,
1049 609 1217 653 reddite
1249 609 1369 668 prius
1411 607 1738 652 Maximianistis
1784 643 1789 666 .-

349 686 556 738 basilicas‚
587 693 629 728 et
651 685 710 727 sic
736 682 961 726 nobiscnm
983 680 1109 737 agite.
1143 681 1184 724 Si
1207 678 1347 723 dicitis
1359 677 1534 733 debere,
1553 678 1736 738 quaerite

339 756 429 815 jam
458 755 565 814 quid
600 753 689 812 pati
725 751 913 795 debeant
943 766 965 793 a
991 749 1279 808 potestatibus
1306 747 1541 803 ordinatis,
1576 748 1654 808 qui
1675 747 1738 791 eis
1789 808 1795 814 u

344 824 582 869 resistendo
606 823 680 867 Dei
710 820 974 865 ordinationi
997 819 1217 863 resistunt.
1249 819 1372 864 Unde
1389 827 1535 878 aperte
1556 821 1738 878 Aposto-

344 896 412 939 lus
434 894 537 938 dicit
557 913 565 937 :
595 913 612 931 «
641 895 736 936 Non
760 892 872 934 enim
899 891 991 933 sinc
1019 905 1147 933 causa
1171 889 1363 948 gladium
1387 897 1557 948 portat,
1581 887 1740 932 vindex

349 984 369 1007 »
405 975 468 1009 est
506 965 621 1008 enim
662 964 706 1006 in
736 964 838 1005 iram
859 962 896 1004 ei
913 962 988 1021 qui
1012 960 1125 1005 male
1140 961 1228 1020 agit
1249 963 1277 1004 ¹.
1302 979 1322 1002 »
1349 960 1480 1014 Quod
1500 960 1534 1005 si
1556 959 1736 1004 omnino

348 1034 580 1093 diligenter
602 1034 781 1077 veritate
805 1041 985 1075 tractata
1011 1031 1095 1074 hoc
1126 1031 1352 1074 inventum
1382 1030 1514 1074 fuerit
1532 1065 1544 1085 ,
1575 1038 1627 1074 ut
1656 1044 1737 1074 nec
1786 1026 1790 1028 ἡ

345 1104 597 1164 perjudicia
629 1102 801 1161 publica
829 1100 1091 1145 schismatici
1122 1099 1288 1160 aliquid
1309 1100 1398 1159 pati
1420 1099 1632 1154 debeant,
1659 1114 1755 1150 nec,

345 1175 399 1217 de
417 1174 521 1217 locis
545 1172 800 1216 insidiarum
821 1183 863 1215 et
882 1170 1152 1215 fallaciarum
1175 1186 1350 1214 suarum
1370 1169 1474 1230 pelli
1491 1191 1502 1228 3
1520 1179 1564 1215 et
1582 1169 1741 1214 dixeri-

346 1245 398 1286 tis
413 1245 533 1287 vobis
550 1243 794 1301 displicere,
820 1241 940 1301 quod
962 1242 1293 1285 Maximianistae
1312 1257 1335 1284 a
1358 1241 1622 1301 quibusdam
1644 1256 1740 1285 ves-

346 1315 420 1356 tris
448 1314 525 1356 ista
549 1312 737 1371 perpessi
759 1321 882 1367 sunt,
908 1327 985 1355 cur
1008 1327 1096 1355 non
1125 1311 1302 1355 liberius
1324 1311 1379 1355 de
1408 1320 1501 1355 toto
1523 1326 1626 1369 agro
1651 1314 1738 1355 Do-

346 1384 468 1436 mini,
489 1384 533 1426 id
548 1392 627 1437 est,
654 1382 706 1425 de
731 1391 823 1426 toto
846 1381 1012 1425 mundo
1035 1380 1224 1425 clamant
1243 1380 1464 1425 frumenta
1479 1381 1705 1426 Dominica
1727 1400 1735 1426 :

345 1456 433 1498 Nec
457 1452 511 1495 ad
534 1468 610 1496 nos
639 1452 827 1510 pertinet
849 1451 968 1511 quod
1007 1451 1165 1495 zizania
1190 1451 1260 1494 vel
1282 1452 1402 1511 quod
1429 1451 1554 1511 palea
1592 1460 1739 1495 nostra

346 1524 609 1576 committit,
656 1523 759 1581 quia
802 1521 999 1580 displicet
1033 1522 1188 1566 nobis?
1221 1523 1262 1566 Si
1288 1522 1410 1566 vobis
1446 1521 1648 1566 sufficere
1682 1521 1738 1566 ad

345 1595 648 1653 purgationem
674 1593 892 1647 fatemini,
926 1593 1132 1652 quoniam
1157 1592 1372 1654 quidquid
1396 1592 1498 1636 mali
1523 1594 1573 1638 fit
1594 1609 1617 1638 a
1640 1608 1738 1637 ves-

346 1667 447 1719 tris,
498 1664 695 1723 displicet
725 1664 848 1708 vobis
878 1684 884 1707 :
913 1679 1048 1724 quare
1095 1680 1171 1708 vos
1201 1679 1302 1721 ergo
1334 1664 1598 1723 separastis?
1621 1664 1733 1708 Hinc

347 1737 459 1779 enim
495 1751 568 1779 vos
593 1745 763 1779 accusat
787 1736 877 1793 ipsa
900 1744 1039 1778 vestra
1065 1725 1280 1778 defensioss
1305 1735 1347 1779 Si
1366 1735 1482 1778 enim
1506 1743 1735 1794 propterea

344 1821 419 1850 vos
441 1807 495 1848 ab
518 1806 674 1865 iniquis
693 1806 822 1864 partis
850 1806 1003 1849 Donati
1021 1821 1108 1848 non
1132 1806 1364 1864 separatis,
1381 1806 1482 1865 quia
1497 1806 1735 1866 unusquis-

346 1891 431 1934 qne
452 1877 660 1919 sarcinam
679 1891 797 1919 suam
820 1885 962 1934 portat
983 1911 992 1929 ,
1010 1891 1088 1919 cur
1109 1876 1162 1919 ab
1186 1876 1345 1936 iniquis
1367 1876 1482 1920 orbis
1500 1885 1732 1931 terrarum,

345 1962 453 2005 qnos
480 1947 641 2005 putatis
664 1956 739 1990 aut
761 1947 944 2004 fingitis,
973 1962 1049 1990 vos
1072 1947 1327 2005 separastis?
1349 1950 1418 1991 An
1439 1956 1489 1991 ut
1520 1947 1731 1992 sarcinam

347 2017 587 2060 schismatis
611 2032 760 2060 omncs
779 2018 938 2075 pariter
961 2017 1214 2075 portaretis?

404 2089 560 2128 XLVI.
589 2090 643 2129 Et
665 2102 765 2130 cum
789 2087 1025 2145 quaerimus
1049 2103 1071 2131 a
1089 2087 1227 2141 vobis,
1249 2102 1358 2146 quos
1380 2096 1572 2132 vestrum
1595 2102 1619 2131 a
1638 2101 1736 2132 nos—

348 2155 422 2197 tris
444 2155 634 2212 probetis
653 2156 826 2199 occisos.
854 2155 1025 2199 Nullam
1050 2157 1229 2215 quidem
1255 2157 1395 2214 legem
1424 2158 1479 2200 ab
1504 2158 1734 2216 imPerato-

346 2224 465 2266 ribus
487 2225 631 2266 datam
664 2234 712 2268 ut
741 2225 1046 2268 occideremini
1067 2226 1225 2269 recolo.
1250 2225 1317 2269 Illi
1334 2235 1478 2270 autem
1497 2227 1551 2270 de
1573 2227 1733 2287 quibus

346 2294 575 2336 maximam
596 2293 802 2337 invidiam
832 2294 973 2338 facere
998 2294 1183 2350 soletis²,
1210 2295 1431 2341 Marculus
1453 2306 1496 2341 et
1520 2301 1731 2354 Donatus,

347 2373 395 2405 ut
416 2363 679 2407 moderatius
693 2364 890 2418 dixerim,
918 2365 1133 2408 incertum
1152 2375 1214 2409 est
1237 2374 1386 2409 utrum
1404 2382 1448 2411 se
1473 2367 1551 2426 ipsi
1577 2371 1732 2427 praeci-

346 2432 593 2489 pitaverint,
632 2434 742 2477 sicut
770 2443 907 2477 vestra
941 2434 1138 2478 doctrina
1167 2451 1256 2479 non
1297 2445 1432 2480 cessat
1467 2437 1732 2496 quotidianis

346 2501 572 2558 exemplis3
594 2517 649 2545 an
670 2518 772 2546 vero
786 2503 964 2562 alicujus
987 2505 1208 2562 potestatis
1219 2506 1341 2564 jussu
1357 2507 1611 2566 praecipitati
1626 2508 1725 2554 sint.

397 2589 402 2605 ¹
433 2585 523 2615 Rom⁴
544 2594 610 2624 xin,
632 2584 661 2625 lq.
678 2603 717 2609 —
734 2593 745 2609 ²
763 2587 841 2619 Vide
857 2586 914 2619 lib.
935 2598 972 2620 nr
989 2592 1097 2621 contra
1116 2590 1266 2621 Crescon.
1287 2601 1317 2621 n.
1343 2588 1395 2631 54.
