1825 3264
261 283 424 314 CONTRA
454 285 720 313 cunscomtm
751 283 1039 322 nonnisi-AM,
1074 285 1157 312 nn.
1194 285 1260 311 111.
1370 271 1456 311 443

74 367 97 391 »
131 348 382 394 extendens.
419 351 574 394 Semen
606 349 723 393 enim
752 358 880 394 tuum
903 348 1180 393 haereditabit
1212 356 1376 407 genteS,
1415 357 1459 393 et

74 439 96 463 »
129 420 324 466 civitates
345 436 444 482 quae
465 420 647 465 desertae
664 430 786 465 erant
802 454 814 475 ‚
838 420 1116 464 inhabitabis.
1138 422 1233 464 Non
1255 429 1318 465 est
1338 418 1459 480 quod

74 510 95 533 »
126 500 310 545 metuas,
348 491 602 550 praevalebis
633 493 748 536 enim
776 511 786 537 :
810 506 890 535 nec
917 492 1144 536 erubescas
1167 490 1287 551 quod
1313 490 1457 536 detes-

75 578 96 603 »
129 561 271 606 tabilis
307 561 463 619 fueris,
504 561 804 607 confusionem
842 562 957 606 enim
997 563 1040 605 in
1069 571 1328 621 perpetuum
1352 561 1457 606 obli·

74 649 96 673 »
125 632 323 686 visceris,
364 632 612 691 ignominiae
648 631 868 677 viduitatis
901 641 987 676 tuae
1026 647 1115 676 non
1146 633 1226 676 eris
1259 646 1453 676 memor:

75 719 97 743 n
127 703 334 761 quoniam
359 718 438 761 ego
467 718 562 747 sum
593 703 804 747 Dominus
824 703 901 763 qui
920 701 1030 747 facio
1057 711 1115 757 te,
1140 703 1349 747 Dominus
1378 717 1458 746 no-

74 789 96 813 »
127 787 227 817 men
243 774 281 817 ei
300 794 311 829 3
330 782 374 817 et
390 775 467 833 qui
484 774 595 817 eruit
612 782 654 816 te
675 808 686 828 ,
711 773 800 832 ipse
823 777 934 818 Deus
956 773 1085 817 Israel
1103 774 1315 817 universae
1333 782 1459 818 terrae

73 861 95 885 »
125 842 402 888 vocabitur¹.
431 861 452 883 »

131 916 334 958 LXXIII.
359 917 409 957 In
425 914 490 958 his
510 921 626 958 certe
645 913 798 958 litteris
818 913 974 958 sanctis
995 913 1232 958 Ecclesiam
1251 913 1357 957 dicit
1374 914 1461 969 Cy-

71 985 263 1044 prianus,
299 993 349 1029 ut
381 983 544 1029 diceret
558 988 575 1010 ‘²
601 985 698 1029 :Sic
728 984 917 1029 Ecclesia
943 985 1113 1029 Domini
1141 983 1240 1028 luce
1267 982 1457 1043 perfusa,

71 1070 148 1115 per
176 1056 326 1100 orbem
367 1065 507 1100 totum
543 1056 684 1100 radios
719 1071 818 1100 suos
850 1056 1057 1115 porrexit,
1090 1071 1228 1100 ramos
1257 1071 1355 1099 suos
1384 1070 1461 1114 per

71 1126 317 1170 universam
357 1135 515 1170 terram
549 1127 673 1185 copia
708 1127 917 1170 ubertatis
954 1126 1163 1170 extendit.
1188 1125 1316 1180 Huic,
1341 1127 1460 1169 Cres-

71 1197 186 1252 coni,
212 1206 344 1242 tantae
365 1196 703 1241 manifestationi
721 1198 968 1242 divinorum
990 1197 1274 1257 Eloquiorum
1294 1197 1460 1241 calum-

72 1267 217 1322 niaris,
247 1267 458 1312 intuendo
484 1267 653 1311 residua
677 1268 873 1326 gentium
895 1302 906 1322 ‚
932 1283 1031 1328 quae
1053 1266 1252 1312 nondum
1274 1282 1461 1326 occupa-

72 1338 134 1382 vit
164 1337 375 1393 Ecclesia,
409 1348 452 1383 et
489 1348 651 1398 quanta
691 1339 1003 1398 occupaverit,
1045 1339 1162 1382 unde
1199 1338 1252 1382 ad
1291 1338 1461 1382 residua

72 1408 261 1454 tenenda
297 1409 495 1468 quotidie
536 1409 818 1463 diffunditur,
862 1424 948 1452 non
985 1408 1185 1453 attendis.
1229 1409 1461 1462 Quomodo

72 1480 188 1523 enim
226 1480 551 1539 prophetiarum
592 1479 770 1523 istarum
803 1478 996 1523 futuram
1028 1478 1338 1537 perfectionem
1372 1494 1461 1523 non

70 1563 219 1608 negas,
243 1550 319 1610 qui
343 1558 512 1593 tantum
536 1558 809 1608 provectum,
831 1549 901 1593 cui
923 1548 1108 1593 debetur
1126 1550 1216 1608 ipsa
1231 1549 1458 1608 perfectio,

71 1635 231 1679 negare
248 1636 338 1665 non
356 1620 530 1664 dubitas
545 1655 556 1675 ,
577 1636 665 1664 non
688 1619 788 1665 dico
809 1620 1012 1664 adversus
1032 1635 1158 1665 voces
1181 1619 1363 1675 divinas,
1387 1619 1463 1665 sed

68 1691 158 1751 jam
179 1700 222 1735 et
248 1691 453 1735 adversus
477 1693 598 1734 tuas?
619 1693 726 1735 Nam
750 1700 793 1734 et
814 1691 869 1734 de
892 1699 934 1734 te
956 1691 996 1734 vi
1021 1705 1175 1749 magna
1198 1691 1330 1749 ipsius
1350 1691 1463 1734 veri-

72 1761 172 1806 tatis
197 1776 446 1822 expressum
476 1770 555 1816 est,
592 1770 642 1805 ut
670 1760 833 1805 diceres
866 1761 1076 1815 nesciens,
1107 1759 1176 1804 vel
1205 1776 1293 1805 non
1318 1769 1462 1805 atten-

72 1831 179 1876 dens
216 1833 324 1893 quid
353 1832 528 1887 dixeris,
561 1832 682 1891 quod
714 1832 800 1875 «in
832 1831 1128 1876 Christianum
1160 1845 1321 1874 nomen
1345 1839 1462 1875 totus

71 1902 267 1962 quotidie
285 1904 468 1948 vertitur
484 1902 692 1946 mundus.
715 1920 735 1943 η
758 1904 848 1946 Cur
870 1916 970 1960 ergo
993 1902 1095 1945 huic
1117 1901 1337 1956 Ecclesiae,
1363 1917 1462 1961 quae

74 1981 167 2018 toto
200 1973 368 2018 mundo
396 1972 630 2017 crescendo
667 1971 890 2025 dilatatur,
925 1987 1015 2016 non
1043 1972 1340 2016 communicat
1367 1987 1462 2031 pars

73 2044 231 2088 Donati
248 2047 266 2086 ἱ)
284 2043 498 2089 Videlicet
519 2059 574 2087 ne
595 2059 616 2087 a
639 2044 940 2103 peccatoribus
958 2042 1192 2103 polluatur.
1212 2045 1267 2086 Et
1284 2043 1359 2086 ubi
1380 2052 1459 2098 est,

73 2114 192 2175 quod
227 2129 317 2160 non
348 2115 474 2160 istam
508 2123 694 2159 vestram
711 2149 721 2169 ,
757 2130 857 2174 quae
881 2115 926 2158 in
951 2114 1097 2158 Africa
1121 2128 1345 2158 remanens
1367 2113 1463 2158 orbi

74 2194 288 2230 terrarum
311 2185 628 2240 calumniatur,
655 2194 729 2229 aut
752 2200 801 2228 ex
823 2184 969 2230 Africa
994 2185 1038 2228 in
1060 2185 1207 2244 paucis
1230 2184 1462 2228 latentibus

74 2257 390 2315 peregrinatur,
430 2257 506 2301 sed
530 2256 649 2301 illam
682 2272 781 2315 quae
813 2271 954 2300 ramos
986 2271 1085 2300 suos
1115 2271 1191 2314 per
1219 2256 1459 2299 universam

75 2336 233 2372 terram
256 2329 379 2388 copia
402 2328 613 2373 ubertatis
635 2327 846 2381 extendit,
870 2326 1012 2372 noluit
1034 2326 1170 2371 deseri
1191 2326 1458 2385 Cyprianus,

73 2399 205 2442 etiam
218 2399 308 2444 siin
322 2400 412 2459 ejus
428 2399 736 2444 communione
756 2413 845 2442 non
859 2408 1030 2443 tantum
1048 2398 1149 2452 sint,
1163 2413 1315 2441 verum
1334 2412 1461 2457 appa—

16 2462 23 2466 *
74 2480 198 2515 reant
227 2479 504 2529 peccatores,
539 2470 702 2524 dicens,
729 2471 836 2514 Nam
862 2470 940 2513 etsi
971 2469 1175 2513 videntur
1196 2469 1241 2513 in
1271 2468 1460 2514 Ecclesia

121 2577 130 2593 ¹
152 2572 223 2604 lsai.
244 2582 307 2610 mv,
331 2583 342 2606 1
365 2576 397 2606 et
415 2583 505 2614 seqq·
522 2587 562 2596 —
580 2579 591 2596 ²
615 2572 694 2605 Vide
711 2571 767 2604 lib.
785 2571 825 2604 dc
842 2570 1011 2615 simplicit.
1032 2572 1188 2615 praelator.
1208 2582 1264 2605 seu
1281 2571 1321 2604 de
1334 2573 1461 2605 Unitatc

76 2626 236 2660 Ecclesiae.
