1825 3264
348 238 431 277 336
770 245 802 273 s.
839 244 1069 274 Aucus-run
1101 246 1280 275 EPlscom

346 322 516 358 tantum
539 312 614 371 qui
637 326 687 355 ex
714 310 866 355 eodem
895 310 1058 371 populo
1076 327 1164 371 quo
1186 320 1229 355 et
1262 311 1323 356 illi
1346 311 1522 356 fuerunt
1538 346 1548 366 ,
1573 325 1725 356 verum

347 384 476 427 etiam
498 391 646 426 contra
670 381 928 439 alienigenas
951 392 994 426 et
1016 391 1239 426 extraneos
1255 417 1265 435 ,
1299 391 1342 426 et
1369 382 1487 426 unde
1509 382 1726 441 praecipue

346 467 476 496 vanas
495 451 746 497 formidines
763 451 934 512 injicitis
956 452 1179 511 imperitis,
1205 461 1354 496 contra
1372 467 1444 497 eos
1468 453 1542 512 qui
1564 451 1728 496 dialec-

347 523 475 567 ticam
502 521 686 566 maxime
718 522 1049 581 profiterentur,
1080 523 1277 566 habitum
1308 522 1438 566 fuisse
1460 537 1726 580 sermonem,

348 610 402 638 ne
416 594 828 639 contentiosissimus
850 594 1062 638 habeatur
1086 594 1436 653 diligentissimus
1453 591 1726 651 praedicator,

348 674 391 710 et
410 681 464 709 ne
485 665 674 724 litigator
688 674 866 724 putetur
887 665 1067 724 impiger
1089 664 1356 724 disputator,
1383 665 1546 708 instans
1575 678 1731 707 secun·

347 736 452 780 dum
472 745 738 795 praeceptum
758 735 952 794 Apostoli
969 744 1231 794 opportune,
1252 736 1501 793 importune
1515 736 1546 787 ¹,
1568 743 1617 777 ut
1631 733 1733 778 doc·

349 809 462 850 trina
483 821 583 850 sana
603 806 947 850 contradicentes
970 804 1332 864 reda1·guantur'³‚
1360 803 1583 863 vaniloqui
1604 803 1734 847 refel-

347 875 510 931 lantur,
551 875 733 935 inquieti
767 876 1078 935 corripiantur,
1110 875 1403 934 pusillanimes
1435 873 1730 927 consolentur,

348 947 509 990 infirmi
548 946 880 1004 suscipiantur³‚
917 945 1023 990 dum
1055 945 1258 991 adversus
1290 961 1438 990 omnes
1463 945 1730 998 resistentes,

347 1018 530 1061 verbum
553 1016 700 1060 salutis
723 1017 995 1074 Evangelicae
1012 1032 1111 1061 cum
1134 1017 1341 1076 patientia
1357 1015 1624 1069 defenditur,
1644 1016 1736 1059 sine

348 1087 589 1131 diffidentia
613 1086 888 1145 praedicatur.
916 1088 1097 1131 Ostendi
1119 1088 1247 1131 etiam
1270 1103 1399 1147 quam
1431 1102 1519 1131 non
1543 1084 1736 1130 debeatis

348 1158 448 1202 ideo
466 1166 619 1216 putare
637 1156 753 1216 apud
771 1173 846 1201 vos
863 1173 952 1201 esse
971 1158 1193 1202 hominem
1216 1157 1544 1217 baptizandum,
1570 1157 1672 1216 quia
1694 1164 1738 1199 et

349 1244 426 1272 nos
448 1228 742 1272 consentimus
765 1229 885 1287 quod
905 1238 948 1272 et
970 1229 1121 1273 haberi
1143 1246 1165 1273 a
1189 1230 1310 1274 vobis
1333 1230 1571 1288 baptismus
1597 1226 1739 1286 'possit

348 1308 391 1342 et
413 1298 506 1342 dari
533 1317 541 1342 :
565 1313 665 1342 cum
688 1307 731 1341 et
752 1297 862 1342 illud
883 1298 1078 1343 dicamus
1101 1300 1337 1358 perniciose
1359 1298 1510 1342 haberi
1528 1307 1570 1341 et
1593 1297 1739 1356 perni-

349 1369 461 1414 ciose
478 1370 571 1413 dari
588 1391 599 1426 3
619 1370 826 1429 quoniam
843 1369 915 1413 illa
929 1380 1091 1424 sancta,
1112 1371 1273 1430 quibus
1289 1371 1350 1414 uti
1365 1378 1408 1413 et
1421 1369 1520 1413 mali
1536 1376 1734 1428 possunt,

349 1449 515 1499 quanto
538 1440 749 1483 sanctiora
774 1449 892 1495 sunt,
910 1449 1032 1484 tanto
1055 1441 1111 1484 ab
1133 1441 1192 1484 eis
1214 1440 1410 1484 inutilius
1431 1437 1738 1498 poenaliusque

353 1519 605 1554 tractantur.
632 1510 755 1555 Unde
771 1527 872 1556 cum
897 1510 951 1556 ad
974 1510 1209 1556 Ecclesiam
1227 1520 1416 1555 sanctam
1434 1510 1634 1564 veniunt,
1658 1508 1739 1567 ipsi

351 1581 597 1639 corrigendi
613 1590 715 1626 sunt
739 1600 748 1626 ε
770 1597 857 1626 non
880 1598 903 1626 a
925 1582 1049 1626 nobis
1067 1581 1139 1626 illa
1157 1580 1374 1636 violanda,
1395 1595 1495 1639 quae
1513 1594 1591 1624 nec
1606 1595 1628 1623 a
1645 1593 1739 1623 ma-

351 1650 403 1694 lis
425 1660 589 1694 mutata
606 1661 723 1695 sunt.

414 1723 468 1764 II.
495 1720 610 1764 Audi
640 1736 758 1779 ergo,
789 1722 1019 1776 Cresconi,
1050 1723 1155 1765 dum
1186 1722 1372 1766 breviter
1395 1732 1437 1766 et
1456 1722 1539 1765 hoc
1557 1721 1741 1766 demon-

353 1790 514 1844 strabo,
536 1790 643 1833 nihil
667 1799 705 1834 te
733 1789 885 1835 dixisse
908 1806 984 1850 per
1010 1800 1146 1835 totam
1169 1792 1392 1850 epistolam
1419 1802 1537 1835 tuam
1563 1806 1651 1850 quo
1675 1805 1744 1834 re-

354 1859 522 1903 felleres
548 1875 711 1913 meam,
743 1861 823 1904 nisi
850 1860 962 1905 forte
995 1861 1114 1920 quod
1145 1878 1213 1906 me
1242 1862 1417 1906 nomina
1450 1862 1642 1904 derivare
1673 1859 1744 1904 vel

354 1929 572 1974 declinare
589 1931 793 1985 docuisti,
819 1951 837 1971 «
860 1940 907 1974 ut
926 1947 950 1975 a
972 1935 1142 1976 Donato
1166 1932 1429 1976 Donatianos
1448 1932 1593 1990 potius
1611 1945 1743 1989 quam

355 2003 597 2045 Donatistas
620 2001 808 2045 dicerem
837 2020 844 2044 :
871 2017 1003 2061 quam
1027 2011 1172 2046 tamen
1202 2017 1386 2061 graecam
1415 2002 1567 2046 saltem
1603 2000 1743 2044 decli-

354 2070 577 2115 nationem
609 2086 696 2115 esse
732 2070 956 2125 concedis,
988 2071 1191 2116 videlicet
1229 2071 1348 2132 quod
1376 2073 1433 2115 ita
1459 2070 1692 2115 Donatistae
1721 2085 1745 2113 a

356 2142 548 2195 Donato,
574 2151 623 2185 ut
652 2141 938 2200 Evangelistae
966 2142 1020 2185 ab
1053 2141 1289 2200 Evangelio
1318 2142 1626 2196 nominentur,
1652 2155 1741 2199 quo

355 2217 398 2253 te
421 2208 624 2254 delectari
647 2210 767 2266 dicis,
792 2221 842 2255 ut
864 2212 1012 2255 vestris
1036 2211 1321 2270 Evangelium
1346 2211 1696 2270 praedicantibus,
1721 2225 1746 2253 a

355 2280 483 2324 simili
506 2289 671 2324 mutata
693 2281 746 2324 sit
768 2281 969 2325 vocabuli
992 2281 1239 2326 declinatio.
1270 2304 1286 2323 »
1313 2282 1422 2325 Vide
1439 2297 1542 2339 crgo
1560 2296 1615 2324 ne
1632 2279 1744 2324 forte

355 2350 436 2408 ipsi
455 2351 614 2409 priores
630 2351 712 2394 lioc
732 2350 952 2395 voluerint
970 2350 1193 2410 appellari,
1217 2352 1317 2411 quia
1339 2355 1557 2396 Donatum
1576 2351 1743 2395 habent

357 2435 436 2478 pro
464 2421 697 2479 Evangelio
725 2441 732 2466 :
760 2437 857 2465 nam
883 2414 1041 2465 sic'isti
1080 2438 1102 2465 a
1142 2423 1313 2476 Donati,
1346 2422 1567 2481 quomodo
1607 2419 1746 2465 sancti

359 2504 508 2534 omues
536 2490 693 2536 nolunt
724 2493 778 2536 ab
811 2491 1035 2550 Evangelii
1063 2494 1264 2537 societate
1296 2491 1542 2550 discedere,
1575 2501 1618 2536 et
1645 2490 1745 2535 ideo

410 2579 417 2597 ¹
442 2582 460 2606 2
479 2575 562 2606 Tim.
579 2585 730 2615 1v,2.——
745 2583 756 2599 ²
776 2577 825 2609 Tit
855 2589 879 2618 1,
898 2588 929 2619 9.
958 2592 984 2600 ·—
999 2576 1012 2601 3
1032 2589 1042 2609 ι
1065 2578 1170 2610 Thess,
1193 2588 1223 2618 v,
1246 2576 1295 2619 14.
