1825 3264
295 281 456 310 conum
489 280 691 309 mustias
724 281 958 320 ΡΕΤιιιΛΝι,
994 284 1075 310 Lm.
1115 284 1162 309 11.
1339 274 1420 312 109

0 375 6 388 f
41 347 356 394 benevolentias
385 363 472 392 non
493 347 706 406 ingratus⁵
734 381 744 392 .
771 347 900 405 Regis
921 346 1010 391 filia
1029 351 1212 406 Moysen
1239 348 1424 408 adopta-

0 470 2 476 ,
40 418 104 463 vit
123 420 152 461 ¹.
175 417 311 462 David
326 417 380 462 ad
398 417 698 475 alienigenam,
720 416 830 475 regis
848 415 978 460 Israe'l
996 418 1244 476 compulsus
1261 418 1424 478 iniqui-

0 500 5 515 '
42 496 144 543 tate,
163 486 403 547 confugit2.
416 488 530 532 Elias
549 496 647 532 ante
666 501 843 532 currum
861 486 1033 547 pessimi
1055 488 1180 545 regis,
1207 505 1294 533 non
1307 489 1422 534 illius

40 559 246 619 imperio,
277 559 352 603 sed
374 575 452 604 suo
486 558 678 604 cucurrit
699 558 910 618 obsequio
942 560 972 601 ⁴.
1018 557 1202 602 Elisaeus
1242 560 1423 619 hospitae

0 647 5 676 ς
41 629 210 674 mulieri
228 664 239 684 ‚
265 631 297 674 si
320 630 426 690 quid
448 629 530 674 sibi
551 628 662 674 forte
684 644 708 673 a
728 644 829 688 rege
851 644 927 688 per
949 629 1040 689 ejus
1071 628 1422 674 intercessionem

0 733 2 740 ,
42 700 236 760 praestari
258 699 403 755 vellet,
425 700 554 744 etiam
576 698 692 744 ultro
715 698 990 744 offerendum
1013 699 1182 759 putavit
1205 701 1236 743 4.
1265 699 1350 744 Sed
1372 699 1426 744 ad

0 787 3 817 ε
41 769 131 830 ipsa
146 771 236 830 jam
254 779 449 830 tempora
470 771 662 826 veniam,
688 769 867 831 quando
900 770 1096 831 captivus
1136 770 1208 816 Dei
1238 769 1427 830 populus

41 839 285 886 habebatur
305 860 314 886 :
340 841 434 896 ubi,
455 851 504 886 ut
527 842 672 886 mitius
693 840 866 901 loquar,
892 843 998 886 mira
1019 841 1098 886 tibi
1120 842 1288 901 irrepsit
1312 840 1426 886 obli-

0 927 1 930 *
41 911 125 956 vio,
149 911 309 957 Volens
328 913 445 957 enim
470 912 655 973 probare
686 912 805 973 quod
829 928 950 972 reges
970 927 1198 972 nunquam
1217 913 1427 958 Christia-

0 1001 2 1010 ·
42 983 151 1027 nitas
173 984 253 1028 nisi
274 984 442 1029 invidos
465 985 671 1039 senserit,
704 984 1053 1029 commemorasti
1078 994 1161 1028 tres
1197 999 1352 1044 pueros
1387 993 1430 1028 ct

3 1084 5 1091 ·
42 1053 281 1110 Danielem,
298 1071 397 1115 quae
419 1056 530 1115 passi
552 1064 652 1100 sunt
675 1072 698 1100 a
720 1056 1083 1116 persequentibus
1100 1055 1273 1114 regibus
1297 1057 1328 1110 ⁵,
1350 1070 1430 1099 nec

0 1140 3 1169 t
42 1125 187 1179 rebus,
208 1140 296 1170 non
314 1125 479 1180 vicinis,
494 1124 568 1169 sed
585 1126 713 1184 plane
732 1127 830 1185 ipsis
853 1126 1077 1171 admoneri
1101 1126 1295 1185 potuisti,
1319 1141 1430 1185 qua-

0 1228 2 1244 .
41 1193 92 1239 lis
114 1195 204 1254 ipsc
226 1211 297 1240 rex
319 1205 415 1256 post
437 1196 733 1240 innocentium
755 1196 1029 1240 flammarum
1047 1197 1324 1251 miraculum,
1344 1197 1431 1241 sive

0 1264 3 1317 J
43 1264 90 1309 in
113 1268 202 1311 Deo
234 1266 456 1311 laudando
480 1276 609 1327 atque
643 1266 922 1326 praedicando
941 1302 951 1322 ,
973 1267 1060 1311 sive
1093 1268 1138 1310 in
1158 1268 1258 1326 ipsis
1287 1267 1431 1327 pueris

0 1361 7 1387 ,ι
43 1336 307 1382 honorandis
329 1339 516 1382 extiterit
544 1359 555 1395 3
580 1338 753 1398 qualem
789 1353 861 1382 rex
893 1338 1096 1382 habuerit
1117 1338 1364 1393 Danielem,
1390 1347 1435 1381 et

0 1399 2 1422 ²
45 1421 135 1453 non
156 1419 426 1454 recusantem
459 1409 620 1469 quibus
647 1408 903 1453 muneribus
922 1409 1210 1464 exornaverit,
1236 1424 1335 1454 cum
1360 1407 1434 1452 ille

0 1468 2 1481 ’
45 1478 255 1524 honorem
286 1480 482 1524 debitum
505 1480 692 1525 reddens
712 1480 841 1539 regiae
863 1480 1067 1539 potestati
1088 1515 1098 1535 ,
1124 1480 1246 1540 quod
1267 1480 1367 1524 satis
1388 1479 1435 1522 in

46 1550 188 1596 verbis
220 1551 310 1611 ejus
330 1560 534 1611 apparet,
560 1551 726 1596 donum
753 1551 828 1594 Dei
852 1567 940 1611 quo
971 1549 1181 1610 praeditus
1204 1559 1297 1595 erat
1318 1549 1435 1594 indi-

47 1621 203 1676 cando,
228 1620 555 1681 interpretando
577 1622 667 1682 ejus
688 1622 906 1666 somnium
929 1637 1018 1666 non
1046 1621 1273 1666 subtraxit.
1312 1619 1436 1665 Unde

3 1726 6 1730 .
48 1705 147 1736 cum
171 1691 226 1735 ab
249 1691 406 1736 invidis
425 1692 559 1736 sancti
582 1692 677 1747 viri,
703 1692 907 1752 sacrilega
925 1693 1109 1737 vaesania
1130 1691 1438 1737 calumnianti-

49 1761 147 1817 bus,
168 1764 329 1808 invitus
346 1780 445 1808 eum
466 1780 537 1808 rex
554 1764 599 1808 in
616 1764 761 1809 lacum
778 1763 956 1808 leonum
974 1765 1145 1809 mittere
1159 1764 1412 1824 cogeretur⁰
1424 1797 1435 1817 ,

50 1847 301 1894 quanquam
335 1835 466 1879 tristis
498 1834 542 1878 id
565 1835 714 1879 fecerit
735 1871 746 1890 ,
773 1837 1049 1896 praesumpsit
1071 1851 1172 1880 eum
1196 1845 1340 1880 tamen
1361 1849 1439 1894 per

0 1965 2 1973 k
52 1904 258 1949 auxilium
280 1907 355 1950 Dei
373 1907 438 1951 sui
461 1907 627 1952 salvum
658 1907 874 1952 futurum.
903 1911 1056 1968 Itaque
1079 1923 1177 1952 cum
1201 1907 1273 1951 ille
1302 1906 1439 1950 refre-

51 1984 153 2020 nata
171 1975 378 2021 divinitus
400 1977 577 2023 leonum
601 1978 720 2022 rabie
751 1979 922 2023 vixisset
958 1977 1116 2022 illaesus
1135 2013 1146 2032 ,
1180 1977 1363 2022 sollicita
1397 1984 1441 2019 et

0 2037 6 2091 ξ
53 2045 189 2090 amica
210 2061 317 2090 voce
342 2049 449 2104 regis
471 2048 602 2106 ipsius
630 2048 711 2091 sibi
739 2049 973 2106 praemissa,
1003 2058 1046 2091 et
1068 2048 1157 2107 ipse
1179 2062 1280 2092 cum
1305 2047 1441 2090 bene-

0 2108 3 2117 ’
52 2112 243 2160 dictione
277 2116 332 2160 de
365 2115 464 2161 lacu
496 2116 749 2176 respondit:
780 2121 868 2161 Rex
890 2118 935 2161 in
957 2117 1164 2163 saeculum
1199 2118 1310 2162 vive.
1351 2119 1441 2163 Cur

3 2198 9 2208 ‘
52 2183 152 2230 istas
167 2202 318 2246 regum
337 2203 437 2231 cum
456 2189 612 2233 sanctis
630 2189 854 2244 amicitias,
874 2204 974 2233 cum
996 2204 1137 2234 sermo
1160 2199 1261 2233 tuus
1277 2187 1440 2232 ibidem

52 2266 293 2302 versaretur
308 2294 318 2313 ,
344 2274 444 2304 cum
467 2259 648 2304 istorum
671 2258 937 2304 famulorum
963 2261 1039 2304 Dei
1060 2295 1070 2313 ,
1096 2260 1140 2303 in
1163 2260 1325 2320 quibus
1348 2259 1442 2302 haec

55 2335 149 2371 acta
175 2338 276 2373 sunt
292 2365 307 2384 ,
338 2338 386 2373 tu
409 2330 499 2388 ipse
521 2345 884 2375 commemorares
907 2330 1101 2389 exempla
1123 2365 1133 2385 ,
1160 2330 1228 2374 vel
1251 2345 1340 2374 non
1375 2328 1443 2371 vi-

56 2394 170 2451 disti,
190 2398 258 2441 vel
279 2398 427 2443 videre
448 2399 640 2454 noluisti,
666 2400 733 2444 vel
755 2401 873 2460 quod
898 2402 1040 2445 nescio
1068 2399 1443 2460 quemadmodum

57 2481 248 2523 excuses,
282 2470 370 2514 visa
400 2480 592 2530 notaque
630 2472 836 2516 tacuisti?
872 2473 1001 2525 Quod
1028 2473 1061 2515 si
1087 2481 1142 2526 te,
1169 2472 1280 2516 sicut
1301 2484 1443 2515 causae

107 2578 114 2594 ¹
138 2571 234 2604 Exod.
262 2583 296 2613 11,
319 2583 365 2604 ιο.
383 2589 423 2595 --
442 2580 452 2595 ²
478 2584 489 2605 1
511 2575 588 2616 Reg.
610 2584 713 2616 xxvn,
737 2572 840 2605 1.-3
856 2575 874 2607 3
899 2577 974 2618 lteg.
995 2585 1091 2616 xviii,
1110 2573 1163 2617 4¹6.
1181 2571 1246 2597 --4
1267 2573 1285 2616 4
1303 2576 1379 2616 Reg.
1400 2583 1442 2613 ιν,

6 2641 8 2645 ·
60 2624 127 2651 —‘⁵
145 2630 223 2660 Dan.
244 2638 291 2661 ιιι.
306 2626 373 2653 -6
392 2629 503 2671 ld.v1,
526 2632 574 2662 16.
