1825 3264
295 294 459 326 comm
493 292 694 324 urruns
727 293 959 335 emittitis-1,
995 298 1077 325 LIB.
1114 296 1179 325 111.
1353 287 1435 324 197

53 383 73 406 n
98 378 229 425 quam
255 361 475 408 confidere
502 363 547 405 in
572 361 792 406 homine¹.
821 379 841 402 »
866 364 922 406 Et
946 382 954 406 :
980 361 1275 408 «Maledictus
1300 365 1440 407 omnis

53 453 74 477 »
97 433 173 495 qui
191 448 311 492 spem
331 448 452 478 suam
478 433 602 492 ponit
619 433 664 476 in
690 431 909 476 homine2.
932 449 952 472 »
976 435 1032 477 Et
1056 435 1157 493 quia
1182 453 1190 479 2
1223 453 1243 476 «
1266 433 1439 478 Domini

49 523 70 547 »
96 513 159 548 est
178 503 335 548 salusssf.
359 507 451 548 »Et
471 523 478 547 :
504 522 523 544 «
544 506 664 547 Vana
682 501 794 546 salus
807 502 1038 547 hominis⁴.
1063 521 1081 544 »
1100 506 1156 547 Et
1172 504 1298 563 quia:
1324 523 1341 544 «
1361 506 1443 549 Ne-

51 593 72 616 »
97 589 184 635 que
205 575 280 634 qui
303 574 472 634 plantat
499 582 563 618 est
591 572 781 633 aliquid,
817 588 960 632 neque
986 573 1062 632 qui
1091 564 1229 633 rigat,
1265 573 1340 618 sed
1368 575 1446 634 qui

50 664 71 687 »
99 645 417 689 incrementum
439 643 513 689 dat
533 647 646 688 Deus
663 646 692 687 ⁵.
715 662 735 684 n
763 646 819 688 Et
845 643 948 704 quia
975 643 1049 687 ille
1082 663 1100 685 «
1122 645 1167 688 in
1195 659 1326 704 quem
1355 659 1446 688 cre-

49 734 70 758 »
97 715 215 760 ditur
230 715 440 775 justificat
456 714 638 774 impium
652 749 663 769 ,
688 723 737 758 ut
760 714 997 774 deputetur
1014 713 1120 758 fides
1139 716 1229 775 ejus
1246 714 1300 759 ad
1314 715 1444 774 justi-

52 806 70 827 »
95 786 242 830 tiam⁵.
267 803 287 826 »
315 789 498 844 Propter
515 786 648 844 ipsius
668 800 771 829 vero
794 784 999 829 Ecclesiae
1026 784 1238 828 unitatem
1270 800 1370 844 quac
1399 785 1445 829 in

46 856 251 902 omnibus
277 856 478 914 gentibus
504 855 736 911 dilatatur,
763 856 833 900 cui
860 871 936 900 vos
969 871 1058 900 non
1089 855 1445 909 communicatis,

45 927 141 972 haec
164 927 407 972 testimonia
430 927 553 986 posui
574 928 628 971 de
646 928 818 972 Christo
836 942 926 972 esse
942 927 1170 987 praedicta,
1190 927 1292 987 quia
1315 946 1334 969 «
1357 930 1446 971 Do-

47 1015 69 1039 »
94 997 363 1041 minabitura
376 998 482 1041 mari
498 1013 636 1057 usque
650 997 705 1042 ad
720 1013 854 1052 mare,
873 1007 946 1042 eta
957 999 1138 1042 flumine
1152 997 1354 1058 usquead
1363 1006 1447 1041 ter-

49 1087 68 1109 »
94 1068 234 1112 minos
248 1067 364 1111 orbis
379 1077 504 1112 terrae
517 1070 549 1111 ὓ.
569 1086 588 1109 ))
611 1071 667 1112 Et
679 1103 690 1124 ‚
715 1087 731 1108 «
751 1069 873 1113 Dabo
886 1069 964 1112 tibi
980 1078 1129 1128 gentes
1144 1068 1446 1113 haereditatem

46 1155 68 1179 »
94 1146 214 1181 tuam
229 1172 239 1191 ‚
258 1147 301 1181 et
318 1138 628 1196 possessionem
645 1147 766 1182 tuam
785 1139 992 1183 terminos
1010 1141 1176 1183 terrae7.
1203 1158 1221 1180 »
1252 1141 1309 1183 Et
1327 1137 1449 1198 quod

44 1216 354 1252 testamentum
376 1209 451 1252 Dei
475 1208 638 1253 factum
661 1209 716 1253 ad
733 1210 952 1253 Abraham
973 1225 1052 1268 pro
1065 1218 1232 1265 nostra,
1258 1210 1341 1254 hoc
1363 1218 1444 1264 est,

45 1278 257 1323 catholica
275 1280 585 1324 communione
600 1280 806 1323 recitetur
819 1315 829 1334 ‚
852 1280 929 1324 ubi
948 1281 1157 1340 scriptum
1174 1290 1259 1325 est:
1280 1300 1298 1322 «
1316 1283 1367 1324 In
1384 1295 1449 1324 se-

46 1367 68 1391 »
94 1350 210 1393 mine
228 1358 305 1394 tuo
323 1349 637 1395 benedicentur
651 1365 800 1394 omnes
819 1360 969 1409 gentes
987 1353 1018 1394 ⁸.
1045 1369 1064 1392 »
1082 1352 1211 1404 Quod
1227 1366 1373 1395 semen
1387 1351 1451 1395 in·

43 1429 307 1480 terpretatur
316 1420 547 1480 Apostolus
556 1420 702 1465 dicens
714 1440 722 1466 ε
734 1441 753 1463 «
768 1422 988 1466 lnsemine
999 1430 1090 1477 tuo,
1107 1421 1226 1482 quod
1236 1431 1297 1465 est
1307 1421 1448 1466 Chris.

45 1509 66 1534 »
92 1493 204 1535 tus⁹.
227 1510 245 1532 n
273 1493 399 1535 Unde
422 1502 602 1551 apparet
627 1493 671 1536 in
697 1493 871 1537 Christo
891 1528 901 1546 ,
939 1508 1026 1538 non
1050 1492 1192 1537 solum
1222 1492 1352 1537 Afros
1375 1500 1451 1537 aut

45 1561 235 1606 Africam
251 1598 261 1616 ,
293 1562 367 1606 sed
385 1578 533 1607 omnes
549 1573 697 1621 gentes
711 1564 935 1608 habituras
960 1563 1316 1608 benedictionem
1330 1599 1340 1618 ,
1367 1578 1445 1623 per

45 1648 151 1692 quas
164 1633 375 1678 catholica
392 1633 598 1678 dilatatur
614 1635 803 1680 Ecclesia
815 1670 825 1689 ‚
850 1644 970 1680 tanto
985 1645 1086 1679 ante
1100 1635 1370 1695 promissam.
1390 1637 1447 1678 Et

44 1704 165 1763 quod
180 1703 303 1762 palea
319 1719 418 1748 cum
438 1704 669 1749 frumentis
682 1706 736 1750 sit
750 1721 890 1766 usque
906 1705 960 1750 ad
976 1706 1175 1750 ultimam
1190 1705 1444 1750 ventilatio-

43 1788 160 1827 nem,
177 1789 232 1817 ne
244 1774 472 1834 quisquam
484 1790 560 1833 per
568 1775 806 1820 calumnias
819 1777 1051 1820 criminum
1062 1775 1302 1820 alienorum
1316 1776 1442 1819 sacri-

42 1843 202 1902 legium
226 1859 315 1888 suae
337 1846 616 1904 separationis
637 1854 826 1900 excuset,
847 1846 968 1905 quod
986 1845 1209 1906 reliquerit
1232 1845 1300 1889 vel
1323 1845 1443 1890 dese-

43 1914 178 1959 ruerit
204 1916 398 1959 omnium
435 1916 630 1973 gentium
669 1917 1033 1961 communionem.
1077 1919 1132 1959 Et
1173 1931 1227 1959 ne
1266 1924 1445 1975 propter

43 1982 179 2028 malos
200 1984 518 2042 dispensatores
535 2021 545 2039 ‚
572 1987 656 2030 hoc
687 1996 771 2039 est,
797 1987 1050 2044 praepositos
1066 2021 1076 2038 ‚
1102 1987 1280 2030 societas
1306 1985 1447 2028 chris-

46 2053 162 2097 tiana
186 2053 422 2108 dividatur,
447 2056 575 2098 etiam
599 2054 708 2097 illud
729 2055 1022 2099 testimonium
1043 2055 1194 2114 posui:
1218 2073 1237 2095 «
1255 2059 1359 2107 Quae
1375 2054 1445 2097 di-

47 2142 68 2164 »
95 2133 203 2168 cunt
230 2122 383 2178 facite,
418 2140 517 2183 quae
541 2133 688 2167 autem
715 2123 880 2169 faciunt
916 2124 1055 2168 facere
1086 2124 1220 2169 nolite
1242 2145 1252 2181 3
1291 2124 1445 2169 dicunt

47 2209 70 2235 n
94 2194 227 2247 enim,
247 2203 290 2237 et
303 2209 391 2238 non
408 2193 574 2237 faciunt
588 2195 638 2236 ¹⁰.
663 2212 682 2234 n
711 2196 813 2238 Haec
833 2194 908 2237 ille
923 2194 1164 2239 testimonia
1184 2195 1239 2238 de
1260 2194 1444 2254 Scriptu-

46 2262 102 2307 ris
121 2264 277 2308 sanctis
297 2279 320 2307 a
343 2279 412 2307 me
435 2264 596 2323 posita,
620 2279 701 2307 nec
724 2264 912 2308 ostendit
929 2264 1300 2324 quemadmodum
1321 2263 1463 2307 aliter.

49 2333 185 2393 accipi
205 2333 444 2387 deberent,
478 2343 523 2378 ut
554 2349 641 2378 non
671 2349 718 2377 ea
754 2350 832 2393 pro
866 2335 994 2379 nobis
1020 2350 1163 2395 neque
1191 2343 1340 2379 contra
1369 2349 1446 2378 vos

48 2419 139 2450 esse
160 2405 435 2462 ostenderet,
456 2420 535 2449 nec
557 2406 735 2449 omnino
759 2407 971 2465 attingere
992 2406 1133 2451 voluit
1157 2425 1165 2449 ε
1189 2406 1276 2450 imo
1296 2404 1340 2448 id
1360 2405 1448 2464 egit

104 2543 111 2556 ¹
130 2535 208 2567 Psal.
228 2535 366 2571 cxvu,8.
385 2552 424 2558 -
445 2542 455 2557 ²
475 2537 596 2568 Jerem.
618 2546 699 2577 xvn,
715 2536 745 2568 5.
763 2553 803 2559 —
822 2535 834 2560 3
850 2537 931 2569 Psal.
947 2548 999 2576 ιιι,
1014 2548 1037 2579 9
1053 2542 1085 2570 et
1099 2548 1159 2578 mx,
1179 2537 1230 2569 13.
1247 2534 1315 2564 —4
1338 2547 1349 2568 ι
1369 2538 1444 2570 eor.

32 2587 101 2631 ἰιι,
117 2602 187 2632 7.-
213 2589 227 2611 5
248 2593 339 2622 Rom.
370 2603 414 2631 ιν,
443 2591 474 2621 Γ).
491 2609 529 2614 -
544 2589 558 2612 6
580 2591 657 2623 Psnl.
690 2603 779 2629 mxu,
800 2594 830 2624 S.
849 2610 877 2614 —
902 2593 982 2625 71d.
1012 2604 1046 2634 n,
1064 2595 1097 2625 8.
1114 2610 1153 2616 —-
1170 2591 1184 2613 5⁴
1199 2592 1279 2624 Gen.
1309 2602 1373 2629 xxi,
1391 2594 1441 2624 18.

52 2653 121 2677 -9
139 2646 206 2678 Gal,
225 2658 273 2687 ιιι,
298 2647 349 2679 16.
365 2665 400 2670 —
425 2656 453 2670 2⁰
475 2648 591 2681 Manli,
610 2659 698 2686 xxm,
722 2649 737 2678 3
