1825 3264
287 306 370 346 476
719 315 751 343 s.
789 316 1019 346 urersnm
1052 316 1233 346 Emscom

286 382 395 427 fallit
425 382 666 426 intuentem
682 417 692 436 ,
717 397 817 427 cum
835 382 890 426 de
910 383 1094 442 pessimo
1116 382 1311 442 loquitur
1328 381 1462 436 bona,
1478 381 1533 425 de
1547 380 1667 425 adul-

284 462 376 498 tero
389 462 520 507 casta,
536 452 591 497 de
603 452 810 512 sacrilego
822 453 1034 512 religiosa.
1056 456 1175 498 Tunc
1189 453 1304 497 enim
1317 451 1473 503 abluit,
1490 451 1666 513 quando

284 524 508 568 mentitur.
534 526 642 568 Nam
665 525 698 568 si
719 524 774 568 de
795 524 968 568 occulto
990 523 1197 568 scelerato
1217 523 1330 568 tama
1347 538 1498 567 verum
1520 522 1667 582 loqua-

283 603 371 648 tur,
397 603 501 637 tunc
524 609 612 637 non
635 593 790 649 abluit,
817 594 892 638 sed
914 594 1101 638 maculat
1121 609 1220 638 eum
1243 595 1318 654 qui
1352 593 1407 637 ab
1442 592 1518 637 illo
1549 607 1666 637 acce-

283 663 395 722 perit
428 664 706 722 baptismum.
733 668 794 708 Ac
820 679 896 723 per
917 665 1000 708 hoc
1023 664 1136 708 tama
1158 665 1236 708 ista
1251 699 1261 718 ‚
1285 678 1417 723 quam
1441 672 1668 721 patronam

284 743 371 778 tam
407 735 532 779 malae
567 750 706 778 causae
737 735 943 779 adhibere
968 735 1160 789 voluisti,
1191 734 1290 779 vide
1311 734 1449 794 qualis
1472 734 1538 788 sit,
1570 749 1668 793 quae

284 804 468 848 mendax
483 804 640 860 abluit,
656 815 698 849 et
710 805 1008 864 veraxpolluit
1030 825 1039 850 :
1061 815 1110 849 ut
1131 804 1291 849 scilicet
1307 805 1485 848 mirifica
1500 803 1669 848 tuadis-

285 875 526 932 putatione,
552 884 657 919 tunc
679 875 797 933 apud
815 891 909 919 earn
933 891 1020 920 non
1042 876 1096 919 sit
1117 890 1227 935 aqua
1256 874 1441 918 mendax
1457 909 1468 929 ‚
1490 873 1668 934 quando

282 945 371 1002 ipsa
394 945 443 988 fit
467 946 663 990 mendaX.

340 1016 435 1057 XV.
475 1015 558 1058 Sed
577 1014 682 1073 quid
705 1015 806 1059 hinc
823 1031 930 1074 opus
950 1024 1013 1059 est
1028 1014 1191 1058 diutius
1207 1015 1344 1074 loqui,
1368 1028 1468 1058 cum
1486 1013 1669 1057 Felicia-

282 1099 364 1127 nus
388 1084 518 1127 hodie
540 1083 686 1128 sedeat
717 1086 827 1128 inter
853 1087 1076 1145 episcopos
1104 1094 1287 1139 vestros,
1312 1085 1388 1144 qui
1412 1099 1512 1129 cum
1532 1083 1588 1127 ab
1609 1085 1669 1128 eis

282 1153 520 1213 disjunctus
537 1164 661 1209 esset,
683 1164 726 1199 et
748 1157 1010 1200 Maximiano
1025 1156 1069 1199 in
1086 1165 1236 1200 catena
1254 1154 1460 1212 sacrilegii
1478 1154 1671 1198 cohaere-

281 1233 362 1282 ret,
385 1241 685 1285 quoscumque
708 1227 957 1285 baptizavit,
985 1243 1114 1272 nemo
1131 1235 1228 1286 post
1246 1242 1343 1270 eum
1364 1225 1662 1283 rebaptizavit.

282 1296 439 1346 Quaero
463 1311 485 1339 a
510 1295 721 1339 Petiliano
743 1296 987 1355 cujusmodi
1011 1297 1213 1341 habuerit
1236 1306 1340 1340 tunc
1362 1295 1435 1339 ille
1453 1294 1669 1338 conscien-

282 1364 414 1408 tiam?
435 1365 486 1408 Ei
503 1365 600 1423 lego
622 1365 844 1409 decretum
869 1367 1112 1425 Bagaiensis
1134 1366 1329 1419 concilii,
1356 1365 1434 1408 ubi
1455 1363 1670 1423 scriptum

282 1442 345 1476 est
367 1453 374 1477 :
397 1453 416 1472 u
437 1437 525 1479 Nec
547 1434 685 1478 solum
705 1436 823 1479 hunc
845 1436 1014 1480 sceleris
1030 1437 1095 1480 sui
1111 1438 1353 1495 morsjusta
1371 1434 1633 1478 condemnat
1653 1452 1662 1477 ε

282 1503 416 1546 trahit
444 1503 572 1546 etiarn
609 1504 662 1547 ad
694 1506 958 1549 consortium
988 1506 1177 1549 criminis
1199 1505 1408 1564 plurimos
1431 1513 1582 1548 catena
1598 1518 1665 1547 sa-

283 1573 460 1630 crilegii,
479 1574 533 1617 de
555 1574 716 1633 quibus
730 1576 938 1634 scriptum
957 1586 1021 1620 est
1041 1595 1049 1621 :
1076 1579 1339 1620 «Venenum
1363 1574 1560 1634 aspidum
1583 1574 1668 1618 sub

284 1660 303 1682 »
329 1642 452 1685 labiis
475 1659 624 1687 eorum
644 1680 654 1698 ‚
682 1661 871 1704 quorum
893 1661 939 1689 os
972 1645 1274 1690 maledictione
1303 1655 1346 1689 et
1375 1643 1668 1689 amaritudine

285 1729 305 1751 »
333 1711 512 1769 plenum
535 1717 641 1757 est¹.
671 1733 689 1754 »
724 1718 840 1758 Inter
862 1716 940 1759 hos
957 1716 1071 1759 enim
1094 1715 1304 1773 plurimos
1326 1716 1454 1759 etiam
1479 1713 1666 1758 Felicia-

282 1796 363 1824 nus
383 1793 711 1838 annumeratur,
738 1786 813 1843 qui
832 1784 991 1828 talibus
1008 1785 1130 1828 labiis
1158 1794 1199 1828 et
1220 1785 1293 1829 tali
1315 1801 1389 1829 ore
1404 1784 1633 1843 baptizavit
1655 1802 1663 1828 :

282 1850 438 1894 horum
465 1851 654 1911 aliquem
686 1869 774 1897 non
797 1855 1041 1912 respuistis,
1063 1870 1152 1898 non
1180 1853 1425 1907 rescidistis,
1450 1869 1537 1898 non
1570 1852 1668 1898 des-

281 1920 470 1964 truxistis
496 1940 504 1964 :
536 1930 578 1965 et
603 1922 704 1981 quia
736 1923 877 1966 verbis
901 1923 1174 1982 evangelicis,
1205 1924 1249 1966 in
1271 1923 1446 1967 nomine
1470 1923 1604 1967 Patris
1625 1931 1668 1966 et

284 1988 379 2032 Filii
405 2000 447 2033 et
475 1991 658 2050 Spiritus
686 1994 849 2047 sancti,
888 2008 964 2052 per
993 1993 1275 2053 qualemlibet
1309 1994 1504 2052 linguam
1538 2002 1667 2052 atque

282 2060 586 2104 conscientiam
611 2072 857 2106 consecrata
876 2073 938 2107 est
957 2079 1084 2124 aqua,
1105 2079 1192 2108 non
1217 2064 1484 2117 mendacem,
1502 2062 1578 2106 sed
1593 2077 1668 2107 ve-

282 2144 423 2173 racem
461 2132 691 2188 agnovistis
718 2143 849 2192 atque
883 2134 1114 2192 recepistis.
1143 2138 1178 2176 A
1202 2143 1243 2177 te
1265 2142 1408 2176 autem
1440 2148 1589 2193 quaero
1612 2132 1668 2176 de

282 2198 364 2241 isto
393 2199 628 2255 Feliciano,
661 2203 785 2261 cujus
812 2210 900 2244 tam
930 2201 1042 2245 mala
1074 2217 1175 2246 cum
1197 2203 1241 2245 in
1278 2211 1429 2245 catena
1460 2201 1667 2258 sacrilegii

283 2267 534 2326 baptizaret,
574 2269 716 2314 fuerat
739 2272 1017 2326 conscientia,
1049 2271 1157 2331 quid
1178 2281 1269 2315 erat
1303 2281 1405 2316 tunc
1428 2272 1472 2314 in
1492 2270 1667 2330 publiea

284 2335 396 2381 fama
411 2340 428 2381 Ρ
446 2342 590 2398 Atque
606 2341 745 2399 ipsum
762 2340 995 2385 concilium
1014 2341 1250 2385 identidem
1272 2342 1420 2394 recito,
1440 2341 1513 2384 ubi
1532 2341 1668 2399 scrip·

286 2416 377 2450 tum
408 2418 471 2452 est
496 2429 504 2453 ε
534 2428 552 2450 «
581 2411 750 2454 Famosi
773 2427 875 2470 ergo
897 2410 1087 2454 criminis
1114 2426 1206 2455 reos
1229 2412 1528 2456 Victorianum
1560 2412 1668 2454 Car-

285 2477 582 2522 cabianensem
597 2514 607 2532 ‚
651 2499 670 2521 η
710 2489 753 2524 et
791 2481 904 2524 inter
934 2489 1111 2524 caeteros
1148 2496 1256 2540 quos
1292 2490 1487 2540 repetere
1519 2481 1663 2539 piget:

289 2562 308 2585 «
334 2548 639 2592 Praetextatum
663 2550 980 2604 Assuritanum,
1005 2559 1047 2594 et
1070 2550 1339 2594 Felicianum
1360 2550 1662 2604 Mustitanum,

335 2633 342 2647 ¹
368 2626 444 2657 Psal.
465 2637 536 2666 nn,
555 2630 581 2659 3.
