1825 3264
505 242 561 270 ως
592 238 781 270 unu-Aru
813 242 1029 270 zchzsffl.
1378 229 1463 269 299

75 319 171 356 tum
194 308 434 355 ferentibus
454 323 554 354 cum
578 307 826 364 tolerentia‚
854 307 939 353 illis
973 322 1075 353 cum
1099 306 1324 354 sterilitate
1345 321 1464 352 ama-

75 381 334 428 ricantibus.

135 453 313 497 LXXV.
339 452 426 496 Vos
448 459 594 496 autern
618 449 852 494 innitentes
884 457 949 493 tot
982 448 1311 494 evidentissimis
1339 449 1463 494 testi-

74 522 233 568 moniis
262 522 402 581 Legis,
430 522 764 582 Prophetarum,
795 519 1083 574 Psalmorum‚
1123 519 1253 579 ipsius
1274 520 1460 575 Domini,

75 602 119 638 et
146 592 478 653 Apostolorum,
510 591 565 636 de
586 601 730 637 sancta
765 590 958 635 Ecclesia
992 599 1085 635 toto
1126 600 1336 634 terrarum
1358 591 1464 635 orbe

75 663 253 720 diffusa,
278 665 433 723 exigite
454 665 509 708 ab
533 664 622 708 istis
640 672 689 708 ut
711 662 943 708 ostendant
963 661 1018 705 de
1040 661 1202 716 Africa,
1228 661 1348 722 quod
1370 661 1465 705 atti-

75 744 150 780 net
176 735 232 779 ad
254 745 420 795 partem
450 735 622 790 Donati,
655 734 799 795 aliqua
821 732 1049 778 manifesta
1072 733 1126 777 de
1160 733 1379 778 canonicis
1409 732 1465 776 li-

73 807 162 850 bris
191 807 454 851 testimonia.
481 809 632 866 Neque
652 807 766 850 enim
785 840 796 859 ,
822 807 933 850 sicut
955 807 1045 865 jam
1076 804 1186 858 dixi,
1222 804 1312 848 ullo
1334 802 1465 848 modo

75 877 169 921 fieri
190 886 333 936 posset
349 912 360 932 ‚
391 886 440 921 ut
461 875 675 930 Ecclesia,
700 877 811 921 sicut
831 875 1000 931 dicunt,
1023 885 1066 920 et
1083 874 1203 935 quod
1226 875 1350 928 absit,
1376 883 1466 918 tam

73 947 159 992 cito
176 963 229 992 ex
251 956 316 992 tot
336 947 538 1007 gentibus
556 948 766 1007 peritura,
793 956 857 992 tot
874 947 1131 991 testimoniis
1155 956 1242 991 tam
1266 944 1466 991 sublimi-

73 1027 136 1062 ter
165 1027 208 1062 et
245 1027 334 1062 tam
356 1017 656 1062 indubitanter
686 1018 1019 1077 praedicaretur,
1059 1027 1102 1061 et
1130 1017 1184 1061 de
1207 1017 1307 1070 ista,
1333 1031 1466 1076 quam

72 1087 244 1143 volunt,
270 1103 362 1143 sua,
382 1104 481 1148 quae
504 1103 642 1147 usque
670 1089 715 1131 in
744 1089 894 1142 finem,
913 1088 1023 1132 sicut
1045 1087 1339 1141 contendunt,
1367 1101 1466 1145 per-

75 1174 274 1203 mansura
298 1158 465 1213 fuerat,
490 1167 726 1203 taceretur.
760 1161 1036 1203 Mementote.
1050 1158 1163 1201 enim
1189 1156 1296 1217 quid
1320 1156 1381 1200 illi
1405 1155 1468 1200 di-

73 1230 150 1274 viti
174 1229 341 1276 dictum
360 1231 443 1286 sit,
468 1246 568 1274 cum
592 1230 707 1289 apud
730 1228 890 1274 inferos
914 1238 1212 1289 torqueretur,
1244 1237 1287 1272 et
1305 1228 1359 1272 ad
1382 1225 1467 1271 fla-

73 1309 159 1346 tres
180 1317 279 1346 suos
297 1301 486 1362 aliquem
509 1316 562 1345 ex
580 1301 760 1345 mortuis
783 1301 896 1344 mitti
918 1300 1063 1345 vellet.
1094 1318 1113 1341 «
1142 1300 1317 1343 Habent
1349 1297 1438 1342 illic
1453 1333 1464 1353 ,

77 1389 98 1413 »
134 1372 302 1433 inquit,
335 1376 439 1431 Moy
443 1388 518 1417 sen
556 1381 599 1417 et
628 1372 917 1451 Prophetas.
886 1373 898 1397 ¹
956 1389 976 1411 »
1011 1373 1067 1415 Et
1102 1385 1202 1414 cum
1240 1368 1313 1413 ille
1350 1368 1469 1412 dice-

75 1451 141 1487 ret
156 1459 244 1488 non
265 1459 336 1489 eos
350 1443 608 1499 credituros,
628 1444 709 1487 nisi
723 1442 778 1487 ad
796 1459 867 1487 eos
881 1443 982 1487 isset
999 1441 1154 1502 aliquis
1168 1456 1261 1485 mor
1266 1449 1464 1484 tuorum:

81 1534 95 1553 α
118 1515 376 1573 SiMoysen,
420 1516 591 1575 inquit,
629 1524 671 1559 et
697 1515 935 1573 Prophetas
962 1529 1051 1558 non
1083 1513 1284 1566 audiunt,
1321 1526 1401 1555 nec
1436 1512 1469 1555 si

78 1586 212 1645 »quis
229 1602 279 1631 ex
297 1587 478 1631 mortuis
507 1586 806 1641 resurrexerit,
842 1584 1037 1630 credent.
1076 1604 1090 1623 2»
1130 1584 1244 1628 Dixit
1265 1585 1437 1641 Moyses
1455 1617 1465 1637 ,

74 1655 194 1715 quod
219 1675 239 1698 «
259 1657 305 1701 in
320 1658 482 1701 semine
505 1657 694 1701 Abrahae
717 1655 1034 1700 benedicentur
1050 1669 1200 1700 omnes
1220 1663 1368 1713 gentes
1389 1655 1420 1696 2.
1449 1672 1463 1692 n

74 1726 286 1772 Dixerunt
317 1728 548 1786 Prophetae
585 1746 594 1771 ε
633 1748 646 1767 «ι
690 1729 754 1771 Tu
788 1726 1012 1771 vocaberis
1040 1725 1243 1770 voluntas
1277 1740 1393 1779 mea,
1426 1733 1470 1767 et

77 1813 98 1837 »
125 1805 238 1841 terra
260 1806 336 1841 tua
358 1797 475 1842 orbis
492 1805 705 1841 terrarum
726 1799 740 1823 3
769 1816 778 1842 z
803 1815 823 1838 »
842 1807 900 1850 et,
923 1816 942 1839 «
963 1796 1465 1849 Commemorabuntur,

77 1884 98 1908 »
119 1876 162 1911 et
179 1876 491 1912 convertentur
505 1868 559 1912 ad
582 1869 816 1912 Dominum
835 1868 1025 1912 universi
1049 1868 1155 1911 fines
1174 1867 1340 1911 terrae⁴.
1367 1886 1378 1903 n
1396 1865 1469 1909 His

74 1946 117 1981 et
149 1937 310 1982 talibus
341 1947 431 1982 tam
466 1938 704 1983 manifestis
740 1938 1186 1997 praenuntiationibus
1230 1936 1467 1981 Ecclesiam

75 2007 492 2064 demonstrantibus,
516 2010 586 2053 isti
608 2009 785 2054 credere
813 2009 1068 2053 noluerunt.
1096 2008 1287 2053 Surrexit
1318 2007 1468 2051 Domi-

75 2095 157 2124 nus
180 2096 202 2124 a
224 2081 422 2135 mortuis,
454 2080 561 2124 dixit
590 2102 602 2120 «1
634 2084 684 2124 In
700 2081 878 2125 nomine
900 2096 978 2125 suo
1000 2079 1227 2140 praedicari
1245 2080 1467 2139 poeniten-

78 2167 99 2191 »
121 2150 225 2194 tiam
238 2150 585 2194 etremissionem
601 2160 878 2210 peccatorum
896 2166 973 2228 per
995 2165 1145 2194 omnes
1168 2158 1330 2207 gentes,
1355 2149 1464 2192 inci—

79 2238 98 2261 »
116 2220 336 2279 pientibus
349 2221 403 2265 ab
417 2220 683 2265 Jerusalem⁵
692 2257 699 2265 .
722 2242 734 2261 ι»
751 2221 819 2266 11Ιί
837 2221 912 2281 qui
928 2224 1032 2279 Moy
1036 2220 1363 2280 sietProphetis
1378 2235 1466 2263 non

75 2289 376 2347 crediderant,
402 2307 482 2337 nec
518 2292 702 2336 Domino
736 2293 977 2351 resurgenti
1007 2308 1029 2336 a
1062 2301 1244 2336 m01tu15
1273 2289 1467 2334 credide-

74 2370 192 2405 runt.
215 2361 330 2415 Quid
358 2372 513 2418 restat,
540 2364 621 2407 nisi
644 2373 692 2408 ut
715 2363 860 2408 divitis
893 2363 1008 2406 illius
1038 2371 1252 2407 tormenta
1279 2361 1465 2404 sortian-

78 2434 171 2477 tur?
188 2435 296 2486 Quae
316 2449 392 2478 vos
411 2433 627 2493 fugientes
642 2433 748 2477 dum
768 2434 911 2477 adhuc
937 2443 1106 2492 tempus
1124 2441 1184 2476 est
1198 2442 1463 2491 ,autequam

123 2546 131 2563 ¹
157 2542 233 2572 Luc.
252 2550 318 2582 xvi,
340 2550 393 2584 29.
410 2559 451 2566 —
469 2548 480 2565 ²
497 2543 575 2575 Gen.
597 2551 676 2579 xm,
699 2541 748 2574 18-
766 2558 806 2565 —
821 2539 834 2564 3
853 2540 924 2573 lsai.
944 2539 1071 2582 xt11,l4.
1086 2539 1153 2571 -4
1170 2539 1250 2575 Psal.
1266 2551 1335 2581 xxt,
1351 2541 1405 2575 28.
1422 2557 1464 2563 -

78 2594 93 2620 ⁵
111 2597 188 2629 Luc.
206 2606 278 2638 xxi,
297 2596 352 2638 47.
