1825 3264
236 276 398 310 comm
429 279 692 308 enuscomcm
723 278 1011 320 nonum-mm,
1046 282 1129 310 LlB.
1165 284 1196 309 1.
1321 271 1402 311 307

32 361 55 389 »
88 344 191 390 dom
210 344 258 389 ui
282 363 292 390 :
317 343 472 403 sidigni
494 343 656 389 fuerint
677 345 753 405 qui
773 344 836 389 ibi
859 355 961 390 sunt
981 381 992 401 ,
1015 347 1254 407 requiescet
1280 361 1409 407 super

32 433 53 458 ι
86 429 158 461 eos
173 430 258 475 pax
272 424 428 472 vestra,
449 415 482 460 si
499 430 587 476 quo
600 416 758 471 minus,
779 415 833 460 ad
847 431 922 461 vos
936 426 1175 462 revertetur
1187 420 1216 462 1.
1237 435 1257 459 »
1278 420 1410 464 Num-

29 485 138 548 quid
161 495 300 532 certos
321 484 425 531 fecit
448 522 459 542 ‚
487 486 608 547 quod
628 495 769 532 essent
789 502 939 532 eorum
962 503 1114 547 pacem
1136 490 1376 548 suscepturi
1396 524 1408 545 ‚

29 556 188 618 quibus
210 572 305 602 eam
326 557 642 618 praedicarent?
662 559 811 604 Certos
830 568 976 604 tamen
994 559 1098 604 fecit
1111 594 1123 616 ,
1147 569 1197 605 ut
1213 575 1306 605 eam
1324 561 1414 605 sine

29 627 308 673 cunctatione
329 628 629 688 praedicarent.

87 700 211 743 vlll.
224 698 457 758 Apostolus
472 699 597 743 etiam
611 695 771 743 Paulus
790 716 800 743 ε
820 716 840 741 «
857 699 1054 754 Servum,
1070 698 1229 758 inquit,
1241 699 1417 744 Domini

0 776 1 820 ζ
31 783 54 810 »
78 767 248 827 litigare
258 783 348 814 non
358 778 544 828 oportet,
556 767 631 813 sed
647 782 737 813 esse
758 769 907 812 mitem
921 767 975 813 ad
988 783 1153 824 omnes,
1165 769 1414 825 docibilem,

33 852 55 879 ι)
81 838 337 897 patientem,
358 841 402 882 in
422 837 633 883 modestia
652 838 956 897 corripientem
971 839 1140 883 diversa
1159 839 1416 895 sentientes,

32 923 54 949 »
79 922 135 951 ne
163 907 276 952 forte
295 907 369 952 det
398 907 482 953 illis
513 911 626 953 Deus
658 908 961 968 poenitentiam
989 907 1044 952 ad
1073 908 1418 967 cognoscendam

32 995 54 1019 »
80 978 328 1033 veritatem,
349 987 393 1022 et
414 979 662 1038 resipiscant
681 978 736 1023 de
752 978 915 1023 diaboli
937 977 1119 1038 laqueis,
1137 979 1341 1038 captivati
1363 979 1418 1023 ab

32 1063 54 1089 »
81 1047 173 1106 ipso
194 1047 240 1091 in
262 1048 392 1107 ipsius
411 1047 683 1093 voluntatem
703 1051 736 1092 2.
762 1067 782 1090 »
809 1049 994 1093 Intende
1017 1048 1264 1108 quomodo,
1290 1063 1422 1108 quem

29 1116 172 1162 noluit
192 1117 376 1177 litigare,
394 1118 534 1164 voluit
555 1128 701 1163 tamen
721 1119 766 1162 in
789 1119 1000 1163 modestia
1019 1120 1236 1178 corripere
1255 1117 1423 1163 diversa

29 1187 262 1233 sentientes
288 1207 296 1233 :
322 1204 378 1233 ne
400 1190 476 1233 Dei
501 1205 647 1234 servus
667 1189 1010 1249 prohibitionem
1036 1189 1291 1249 petulantiae
1307 1225 1318 1245 ,
1345 1204 1422 1234 oc·

29 1258 244 1303 casionem
259 1268 433 1318 putaret
449 1274 539 1304 esse
555 1259 755 1318 pigritiae.
774 1261 938 1304 Verum
957 1260 1058 1319 quia
1074 1260 1202 1304 multi
1222 1270 1264 1304 et
1282 1261 1419 1319 ipsam

31 1329 348 1388 correptionem
371 1344 470 1388 quae
491 1328 688 1374 modeste
709 1330 774 1384 fit,
795 1333 862 1373 vel
884 1331 1073 1388 peccatis
1094 1330 1181 1374 suis
1204 1328 1421 1384 faventes,

31 1398 101 1444 vel
120 1398 227 1459 quid
244 1399 533 1459 respondeant
555 1414 644 1445 non
664 1399 951 1454 invenientes,
976 1414 1057 1444 nec
1079 1409 1227 1444 tamen
1252 1398 1426 1443 veritati

30 1469 349 1529 acquiescentes
365 1504 375 1524 ,
402 1484 580 1530 onerose
602 1484 650 1513 ac
679 1469 860 1513 moleste
884 1467 1058 1525 ferunt,
1085 1484 1156 1513 eos
1180 1469 1256 1528 qui
1276 1483 1424 1513 secum

30 1537 182 1583 sedulo
205 1548 355 1597 agunt,
379 1553 459 1583 nec
482 1539 535 1583 ab
558 1553 709 1583 eorum
730 1538 1032 1583 convincendo
1054 1552 1198 1582 errore
1218 1537 1422 1583 dissimu-

30 1608 150 1663 lant,
177 1608 383 1668 litigiosos
405 1619 448 1654 et
469 1610 760 1654 contentiosos
781 1615 955 1652 vocant.
985 1607 1163 1651 Falsitas
1183 1608 1298 1650 enim
1321 1621 1422 1664 quae

31 1677 189 1722 nudari
212 1688 256 1723 et
283 1679 483 1739 redargui
505 1679 659 1722 metuit
680 1713 691 1733 ,
722 1692 875 1722 eorum
896 1676 1104 1721 vitiorum
1127 1676 1303 1719 nomine
1322 1690 1422 1734 quae

31 1748 189 1793 veritas
217 1747 420 1803 damnat,
451 1747 719 1807 diligentiam
748 1747 939 1792 veritatis
973 1753 1160 1790 accusat.
1192 1745 1421 1804 Numquid

32 1817 131 1863 ideo
148 1827 293 1863 tamen
309 1819 363 1862 ab
380 1818 462 1862 hac
479 1817 684 1861 instantia
705 1815 1002 1861 desistendum
1023 1824 1087 1860 est
1101 1817 1118 1858 Ρ
1132 1815 1243 1859 Vide
1265 1829 1423 1873 quem-

34 1888 271 1933 admodum
315 1889 591 1932 Timotheum
627 1885 746 1930 idem
784 1885 1027 1942 obstringat
1062 1883 1318 1942 Apostolus,
1367 1897 1423 1926 ne

33 1967 211 2019 propter
231 1958 428 2002 homines
453 1957 614 2016 quibus
640 1955 829 1999 insuavis
855 1962 918 1998 est
941 1952 1192 2012 praedicatio
1215 1952 1420 2006 veritatis,

34 2027 179 2088 aliqua
201 2028 240 2072 ei
263 2027 441 2085 segnitia
463 2025 728 2086 praedicandi
751 2024 1020 2082 subreperet.
1045 2041 1066 2064 «
1094 2021 1330 2075 Testificor,
1356 2022 1424 2064 in-

37 2117 59 2143 »
84 2099 201 2160 quit,
218 2113 363 2143 coram
386 2101 475 2142 Deo
493 2106 535 2141 et
552 2097 726 2142 Christo
742 2097 867 2149 Jesu,
888 2094 964 2153 qui
981 2092 1258 2153 judicaturus
1276 2100 1339 2136 est
1360 2091 1426 2134 vi-

38 2185 61 2227 »
83 2184 160 2214 vos
183 2184 231 2214 ac
250 2178 459 2222 mortuos,
482 2176 525 2211 et
546 2182 622 2226 per
639 2163 1030 2210 manifestationem
1050 2171 1092 2206 et
1114 2176 1295 2219 regnum
1315 2162 1424 2219 ejus,

38 2254 62 2281 w
87 2239 274 2299 praedica
295 2237 502 2291 verbum,
528 2236 640 2280 insta
668 2243 937 2295 opportune,
961 2232 1237 2291 importune,
1270 2245 1424 2288 argue,

40 2327 63 2353 w
85 2309 276 2365 hortare,
299 2310 490 2368 increpa,
510 2308 555 2352 in
578 2307 697 2351 omni
715 2303 1047 2364 longanimitate
1069 2312 1112 2347 et
1135 2301 1375 2346 doctrina³.
1402 2317 1424 2340 »

38 2380 146 2434 Quis
165 2380 260 2425 haec
285 2377 485 2433 audiens,
510 2378 544 2421 si
566 2380 657 2421 Deo
680 2375 866 2420 fideliter
888 2375 1041 2426 servit,
1065 2374 1098 2417 si
1120 2371 1295 2416 dolosus
1319 2385 1427 2429 ope-

37 2451 176 2496 rarius
196 2465 285 2496 non
306 2458 390 2504 est,
414 2449 467 2493 ab
489 2449 569 2492 hac
591 2445 816 2505 diligentia
837 2454 880 2488 et
900 2443 1103 2487 instantia
1125 2441 1431 2499 conquiescat?

36 2520 147 2576 Quis
162 2522 245 2567 sub
262 2529 381 2566 tanta
397 2518 697 2564 testificatione
711 2515 852 2574 segnis
867 2528 953 2558 esse
971 2511 1156 2557 audeat?
1169 2513 1267 2558 Non
1283 2511 1431 2571 itaque

90 2613 102 2630 ⁸
121 2605 242 2638 Matth.
260 2616 293 2647 ι,
313 2612 362 2636 ια.
379 2620 419 2627 -
434 2608 446 2626 ²
465 2610 484 2635 2
501 2601 582 2634 Tim.
602 2598 758 2642 n,¹24.-
772 2595 846 2631 ³1d.
864 2607 912 2638 iv,
930 2607 958 2630 ι.

1177 2648 1245 2688 20.
