1825 3264
347 227 429 263 280
789 233 822 261 S.
860 235 1091 262 Ath's'rlm
1125 235 1305 262 EPISCOPI

343 300 641 357 conabamini3
666 299 699 343 si
720 298 884 343 vellent
905 299 966 344 illi
989 316 1065 359 pro
1087 300 1179 359 ipso
1202 299 1314 344 malo
1331 313 1458 358 opere
1474 314 1569 352 suo,
1589 300 1734 359 pejore

340 386 468 431 opere
485 369 654 429 legibus
677 370 891 414 adversari
909 391 920 428 3
946 368 1163 430 numquid
1185 385 1207 413 a
1229 370 1366 424 vobis,
1393 379 1436 413 et
1458 384 1545 413 non
1562 385 1585 413 a
1602 384 1646 413 se
1663 370 1733 429 ip-

339 442 414 495 sis,
440 440 656 500 quidquid
679 440 737 484 eis
757 440 861 485 mali
885 440 1114 495 accideret,
1140 442 1418 500 paterentur?
1439 439 1735 493 Quemadmo-

339 512 447 555 dum
469 511 740 571 quicumque
768 511 974 556 voluisset
1010 509 1153 556 dicere
1188 510 1497 570 blasphemiam
1527 510 1574 554 in
1596 513 1734 555 Deum

341 582 521 627 Sidrach
538 617 548 637 ,
574 582 740 626 Misach
758 590 801 626 et
827 580 1069 640 Abdenago
1087 616 1097 636 ‚
1124 590 1167 626 et
1188 581 1429 625 secundum
1452 579 1642 625 edictum
1665 596 1735 625 re-

339 652 401 712 gis
423 668 524 696 cum
545 652 678 698 domo
699 668 775 697 sua
798 652 1120 712 disperderetur
1134 654 1149 678 1
1170 673 1181 710 3
1209 651 1428 712 numquid
1450 652 1534 696 hoc
1557 652 1612 695 ab
1635 652 1736 711 ipsis

338 723 476 768 tribus
500 724 599 768 viris
616 758 627 778 ,
660 722 820 784 quibus
844 722 898 767 de
919 723 1019 782 igne
1043 722 1236 767 liberatis
1263 739 1335 767 rex
1358 731 1603 767 commotus
1625 721 1737 766 illud

337 793 552 850 edixerat,
579 803 654 839 aut
676 808 779 838 vero
802 794 931 838 etiam
957 794 1012 838 ab
1035 794 1128 854 ipso
1147 809 1246 853 rege
1265 829 1276 849 ,
1301 809 1350 838 ac
1371 809 1457 839 non
1482 793 1626 852 potius
1647 808 1671 837 a
1692 808 1736 837 se

335 865 435 924 ipsis
456 863 530 908 illa
553 863 683 923 digna
702 865 812 909 mala
836 867 1122 924 paterentur?
1147 865 1189 910 Si
1212 865 1340 909 etiam
1364 864 1652 925 quadraginta
1673 862 1736 907 illi

334 938 358 980 J
365 937 479 980 udaei
495 971 506 991 ‚
533 936 609 996 qui
627 935 811 981 Paulum
830 937 1075 980 interficere
1093 938 1442 996 conjuraverant,
1466 937 1511 980 in
1532 945 1733 990 armatos,

336 1022 360 1050 a
381 1007 542 1066 quibus
565 1005 763 1051 ordinata
783 1007 968 1050 tuitione
988 1007 1104 1050 idem
1132 1007 1292 1050 Paulus
1314 1006 1616 1051 deducebatur
1631 1010 1664 1060 ²,
1684 1007 1737 1049 ir-

336 1077 549 1134 ruissent3
574 1075 791 1135 numquid
815 1092 886 1120 eos
906 1076 1082 1131 Paulus,
1109 1091 1157 1120 ac
1180 1091 1270 1121 non
1289 1092 1333 1121 se
1350 1077 1431 1137 ipsi
1447 1076 1736 1136 potestatibus

337 1147 576 1192 resistendo
599 1147 909 1206 peremissent?

397 1220 486 1261 LV.
515 1222 788 1278 Quapropter
810 1228 852 1262 et
874 1233 949 1262 vos
972 1218 1064 1263 sine
1086 1218 1282 1263 tumultu
1301 1219 1449 1274 animi,
1470 1219 1561 1262 sine
1579 1218 1737 1263 turbu-

336 1289 454 1333 lenta
477 1291 784 1345 contentione,
813 1291 905 1333 sine
933 1291 1224 1334 amaritudine
1245 1290 1445 1335 odiorum
1468 1291 1737 1334 considerate

336 1359 568 1417 diligenter
596 1376 644 1403 ea
667 1370 945 1420 quaecontra
973 1377 1048 1405 vos
1079 1376 1197 1419 reges
1231 1371 1389 1406 nostrae
1417 1362 1736 1406 communionis

336 1430 639 1484 constituunt,
670 1447 756 1490 qua
790 1447 918 1475 causa
950 1431 1188 1490 patiamini.
1229 1434 1284 1475 Et
1310 1432 1342 1475 si
1370 1447 1446 1476 vos
1477 1432 1522 1476 in
1544 1431 1737 1476 Ecclesia

338 1501 500 1545 Christi
519 1516 608 1544 esse
630 1502 881 1546 inveneritis
896 1523 906 1558 3
925 1522 944 1543 ι(
963 1503 1160 1546 Gaudete
1177 1511 1221 1546 et
1234 1502 1440 1556 exultate,
1456 1503 1557 1562 quia
1576 1517 1738 1546 merces

341 1589 360 1612 »
379 1580 518 1615 vestra
534 1571 672 1615 multa
690 1573 811 1615 estin
836 1572 957 1616 coelis
971 1574 1000 1615 3.
1022 1591 1040 1613 »
1067 1575 1154 1617 Vos
1171 1573 1287 1616 enim
1305 1582 1513 1632 tanquam
1528 1582 1739 1630 martyres

336 1642 634 1696 coronamini,
673 1642 735 1685 illi
758 1651 904 1686 autem
932 1652 1140 1702 tanquam
1169 1653 1466 1702 persecutores
1493 1652 1737 1701 martyrum

331 1712 602 1771 judicantur.
633 1713 676 1757 Si
706 1722 851 1756 autem
882 1728 958 1757 vos
985 1722 1136 1757 contra
1165 1713 1400 1758 Ecclesiam
1419 1714 1580 1760 Christi
1603 1713 1737 1758 altare

336 1783 517 1827 erexisse
533 1818 544 1838 ‚
569 1792 611 1827 et
634 1798 657 1827 a
679 1784 911 1828 christiana
933 1785 1125 1839 unitate,
1151 1801 1250 1845 quae
1272 1794 1364 1830 toto
1390 1786 1497 1830 orbe
1523 1784 1734 1830 diffundi-

335 1861 423 1907 tur,
449 1853 656 1912 sacrilego
683 1854 911 1898 schismate
929 1864 1146 1914 separatos
1168 1870 1274 1910 esse,
1302 1864 1345 1900 et
1364 1856 1534 1915 corpori
1557 1856 1732 1910 Christi,

334 1924 455 1983 quod
470 1933 532 1967 est
550 1923 739 1968 Ecclesia
759 1933 851 1968 toto
870 1925 977 1969 orbe
991 1924 1167 1980 diffusa,
1186 1935 1228 1970 et
1241 1926 1553 1985 rebaptizando
1571 1935 1614 1969 et
1626 1924 1735 1969 blas-

333 1995 585 2054 phemando
602 2030 612 2050 ‚
648 2004 691 2039 et
718 2005 933 2055 quantum
960 1997 1138 2056 potestis
1162 1997 1463 2057 oppugnando
1480 2032 1491 2052 ‚
1519 1997 1735 2042 adversari

333 2076 479 2111 saneta
512 2076 554 2111 et
577 2067 787 2112 canonica
813 2069 1037 2127 Scriptura
1064 2069 1286 2113 convincit
1312 2091 1323 2127 3
1348 2085 1424 2114 vos
1454 2069 1574 2129 impii
1602 2078 1735 2129 atque

333 2138 555 2195 sacrilegi,
582 2138 644 2181 illi
669 2148 815 2182 autem
838 2140 914 2199 qui
936 2155 1011 2184 vos
1038 2156 1118 2199 pro
1138 2149 1262 2184 tanto
1286 2140 1446 2185 scelere
1464 2150 1554 2185 tam
1578 2140 1734 2184 leniter

331 2208 592 2252 damnorum
624 2208 1019 2265 admonitionibus,
1045 2211 1113 2254 vel
1141 2211 1357 2265 locorum,
1387 2212 1458 2255 vel
1483 2212 1700 2255 honorum
1718 2245 1728 2265 ‚

331 2279 402 2323 vel
425 2279 626 2338 pecuniae
648 2279 892 2337 privatione
914 2280 1197 2325 deterrendos
1215 2280 1567 2340 coercendosque
1580 2281 1733 2325 decer—

336 2359 462 2403 nunt,
490 2358 538 2392 ut
562 2349 800 2407 cogitantes
823 2366 957 2410 (piare
974 2351 1051 2394 ista
1074 2351 1312 2409 patiamini,
1336 2350 1609 2410 sacrilegium
1634 2366 1731 2395 ves-

338 2429 452 2463 trum
478 2420 701 2479 cognitum
723 2419 896 2480 fugiatis
914 2456 924 2476 ,
951 2430 993 2465 et
1021 2421 1076 2465 ab
1099 2430 1259 2465 aeterna
1274 2422 1554 2466 damnatione
1576 2421 1731 2466 libere·

338 2490 466 2541 mini,
500 2500 541 2533 et
571 2499 756 2534 rectores
788 2491 1137 2550 diligentissimi,
1178 2500 1220 2535 et
1249 2491 1518 2541 consultores
1551 2492 1727 2551 piissimi

391 2580 396 2594 ¹
425 2576 499 2604 Dan.
521 2574 701 2613 11¹‚QG·-·-
721 2581 732 2595 ²
760 2578 827 2607 Act.
849 2584 894 2616 iu,
915 2577 968 2609 23.
986 2594 1026 2600 —
1046 2575 1057 2597 3
1075 2575 1197 2607 Matth.
1223 2587 1253 2610 v.
1278 2585 1327 2608 12-
