1825 3264
291 251 376 294 544
878 273 890 279 ·
907 264 1058 293 mnzx.

288 343 424 366 —mnnn
436 343 473 366 11.
495 331 664 366 Examinat
679 331 766 366 dicta
782 331 842 366 alia
857 332 1004 377 Epistolae
1019 331 1194 365 Cresconii.
1211 330 1273 375 Ipsi
1290 336 1406 375 sponte
1423 343 1543 366 conce-

329 391 390 429 dit,
408 393 445 422 ut
460 399 477 422 a
495 391 617 422 Donato
635 389 826 422 Donatianos
849 390 954 433 potius
981 400 1075 433 quam
1098 389 1281 422 Donatistas
1297 389 1448 433 appellet.
1472 389 1545 423 lllos

329 449 438 478 autem
459 456 477 478 a
494 456 528 478 se
548 446 664 478 merito
688 446 794 479 dictos
810 443 976 480 haereticos
993 446 1163 479 contendit
1178 459 1186 478 :
1206 456 1269 479 nec
1288 450 1398 479 tamen
1414 457 1488 479 cum
1505 446 1547 478 ad

330 502 506 536 Ecclesiam
527 507 735 536 revertuntur
753 502 963 546 baptizandos
981 513 1072 542 esse;
1099 503 1174 546 quin
1195 503 1292 536 etiam
1316 513 1407 546 posse
1433 513 1546 535 eorum

330 559 480 609 clerico&
498 559 523 590 si
541 559 691 592 Ecclesiae
709 560 841 592 utilitati
863 561 1036 593 convenire
1061 561 1222 602 videatur,
1245 561 1276 592 in
1297 560 1360 593 suis
1374 559 1548 592 honoribus

305 649 313 656 ‚
330 615 441 657 recipi.
455 615 579 658 Aliquid
595 627 691 659 porro
708 616 916 648 redeuntibus
930 617 998 649 dari
1011 617 1042 648 in
1058 616 1212 658 Ecclesia,
1226 617 1310 660 quod
1328 620 1446 659 praeter
1462 615 1546 647 illam

330 670 458 702 omnino
475 681 539 702 non
554 671 666 711 datur,
691 672 788 715 idque
811 683 878 705 esse
895 673 1014 705 donum
1031 672 1197 705 chariratis
1222 672 1329 705 docet.
1347 671 1428 709 lllud
1453 671 1547 704 Peti-

329 726 420 768 liani,
436 727 653 760 Conscientia
669 736 788 760 smzcte
804 727 920 761 dantis
938 728 1143 770 attenditur,
1162 740 1237 774 quse
1253 728 1368 760 abluat
1383 729 1548 770 accipien-

335 784 391 820 tis,
411 782 493 815 male
510 783 641 816 defendi
658 794 676 816 a
694 784 866 817 Cresconio
883 785 1094 817 demonstrat.
1119 785 1248 817 Excutit
1263 784 1359 817 allata
1376 785 1417 817 ab
1435 785 1548 817 eodem

332 840 504 882 Scripturae
520 839 604 881 loca,
626 840 710 872 istud
734 840 952 883 potissimum:
973 841 1040 883 Qui
1059 840 1253 883 baptizatur·
1271 853 1291 872 α
1310 847 1456 882 mortuo,
1482 847 1545 872 etc.

333 898 496 929 Postremo
511 897 552 929 ad
567 896 718 938 cypriani
744 897 969 930 auctoritatem
988 898 1028 929 de
1047 896 1282 939 rebaptizandis
1300 896 1457 929 haereticis
1475 907 1549 929 res-

332 953 466 994 pondet.
1467 963 1546 996 pag.

288 1025 330 1032 —-
342 1019 429 1040 mmm
452 1018 497 1039 m.
523 1007 687 1050 Reliquam
714 1012 839 1050 partem
859 1007 1008 1051 Epistulae
1026 1009 1186 1042 cresconii
1203 1008 1325 1051 singula
1342 1008 1484 1041 breviter
1508 1019 1549 1041 ex

333 1064 444 1096 ordine
462 1063 626 1102 refellens,
641 1065 814 1106 percurrit.

289 1131 427 1152 —Linen
451 1131 497 1151 iv.
525 1119 573 1151 Ad
597 1130 707 1152 omnes
726 1131 849 1153 rursum
871 1120 1020 1164 Epistolae
1043 1122 1208 1155 Cresconii
1232 1127 1339 1165 partes
1360 1122 1547 1165 respondet,

334 1176 537 1217 objectiones
553 1175 652 1218 ipsius
673 1180 707 1208 et
726 1175 899 1210 calumnias
918 1175 1097 1220 singillatim
1114 1190 1153 1211 ex
1173 1177 1238 1212 sola
1253 1179 1547 1212 maximianensium

333 1242 427 1264 causa
445 1231 606 1265 refellens.

289 1289 537 1321 Anno-ruimus.

289 1347 525 1379 Coucommzrm
548 1347 760 1380 Bmmomsscs
784 1357 905 1381 ιΑτιΜΕ
931 1358 994 1380 cun
1017 1357 1159 1381 enum.
1180 1370 1185 1375 .

803 1939 996 1972 EXPLICIT
1026 1939 1166 1972 INDEX.

1618 953 1681 984 335

1615 1066 1681 1098 382

1615 1234 1682 1266 460

1616 1292 1680 1322 537

1617 1347 1680 1379 542
