1825 3264
317 258 479 289 com-M
510 258 712 289 nra-zius
742 259 977 299 renuam,
1011 263 1093 289 mn.
1130 263 1194 289 111.
1369 251 1448 290 167

15 312 20 321 ’
67 328 154 383 rit3
188 343 210 368 υ
245 323 335 377 sed,
378 342 399 367 «
421 324 507 377 Qui
539 323 672 368 fidem
692 325 830 369 sciens
857 339 882 368 a
905 326 1072 383 perfido
1094 328 1339 386 sumpserit,
1362 343 1452 373 non

67 395 199 442 fidem
225 395 424 454 percipit,
455 393 532 439 sed
560 405 728 439 reatum
753 413 762 440 :
786 412 807 436 »
835 404 886 440 ut
915 396 1016 440 hinc
1040 411 1121 454 ego
1148 413 1238 442 non
1262 413 1334 442 me
1364 413 1452 443 rea-

66 475 160 512 tum
178 499 189 520 ,
214 464 290 510 sed
311 465 443 510 fidem
466 466 703 524 percepisse
716 466 924 525 jactarem
947 487 958 524 3
982 466 1085 526 quia
1111 466 1298 512 dicerem
1313 503 1324 523 ,
1356 472 1452 514 Non

8 536 10 548 '
66 550 147 595 ego
169 535 305 580 sciens
327 551 351 579 a
373 534 540 594 perfido
562 535 730 595 accepi,
755 536 831 580 sed
855 537 987 581 homo
1008 538 1315 582 conscientiam
1338 539 1451 584 dan-

8 599 20 641 'n
64 606 118 652 tis
138 605 325 651 hominis
346 606 557 664 ignoravi.
584 605 739 650 Videte
758 606 907 665 itaque
926 640 937 661 ,
960 615 1003 650 ct
1024 617 1250 651 numerate
1265 642 1276 662 ,
1308 610 1341 652 si
1373 625 1453 668 po-

8 674 17 704 '·
64 677 184 722 testis
203 710 215 731 ,
239 685 403 736 quanta
426 676 645 736 superflua
661 676 868 736 loquatur
888 676 944 721 ad
965 692 1105 721 unum
1132 697 1152 720 «
1174 680 1374 736 Ignoravi
1390 715 1401 733 ,
1427 698 1448 722 »

8 748 17 776 'v
62 747 184 807 quod
205 762 275 791 me
297 748 503 806 proponit
525 748 695 802 dixisse,
720 763 820 792 cum
840 749 924 794 hoc
941 749 1120 793 omnino
1137 764 1227 793 non
1245 750 1447 796 dixerim:

8 816 17 874 ᾖ
62 817 166 878 quia
187 832 268 862 nec
284 817 340 862 de
355 832 426 862 me
442 819 668 877 agebatur,
693 827 744 863 ut
766 818 998 874 discerem,
1019 834 1099 864 nec
1121 819 1291 880 aliquid
1312 822 1450 864 crimi·

16 923 17 926 ,
62 888 127 935 nis
147 889 192 933 in
214 903 267 934 eo
287 890 364 948 qui
385 903 456 933 me
472 889 708 948 baptizavit
730 890 951 950 apparuit,
972 900 1022 935 ut
1039 892 1130 951 ejus
1146 905 1215 935 me
1232 891 1450 950 ignorasse

60 959 385 1014 conscientiam,
410 975 490 1018 pro
509 975 606 1005 mea
627 959 879 1005 defensione
901 976 1078 1020 cogerer
1095 961 1253 1006 dicere.

120 1031 284 1074 XXIX.
314 1033 370 1074 Et
398 1038 545 1074 tamen
570 1031 647 1075 iste
667 1066 679 1084 ‚
703 1047 759 1075 ne
780 1032 1041 1091 respondeat
1064 1034 1119 1077 ad
1142 1049 1191 1077 ea
1212 1049 1312 1093 quae
1334 1032 1448 1089 dixi,

61 1101 268 1160 proponit
290 1100 372 1144 sibi
394 1099 515 1160 quod
535 1116 625 1145 non
649 1101 738 1145 dixi
757 1121 768 1158 ς
794 1111 837 1146 et
860 1111 1010 1147 avocat
1027 1103 1223 1147 homines
1241 1104 1296 1147 ab
1313 1104 1452 1148 inten-

13 1174 18 1186 '
61 1169 181 1215 tione
198 1170 335 1214 debiti
357 1171 422 1214 sui
440 1191 452 1226 3
477 1185 532 1215 ne
553 1171 598 1215 id
620 1172 741 1230 quod
762 1171 1118 1231 respondendum
1141 1182 1204 1217 est
1225 1174 1422 1231 exigatur
1440 1194 1450 1229 3

6 1290 8 1296 Ι
61 1239 301 1298 interponit
338 1255 468 1299 saepe,
517 1258 537 1282 «
565 1242 793 1298 Ignoravi,
825 1243 1004 1301 inquam
1031 1262 1040 1288 ε
1072 1260 1092 1284 »
1130 1253 1173 1287 et
1205 1243 1445 1302 respondit,

6 1298 7 1302 ¹
63 1328 84 1352 »
111 1309 197 1355 Sed
233 1310 268 1354 si
298 1311 549 1368 ignorares:
576 1327 596 1351 n
633 1320 677 1355 et
705 1312 828 1370 quasi
851 1314 1087 1367 convincit,
1113 1328 1168 1357 ne
1197 1314 1305 1357 mihi
1325 1313 1454 1358 liceat

57 1378 228 1425 dicere:
250 1398 272 1422 «
287 1381 504 1438 Ignoravi.
530 1382 854 1426 Commemorat
878 1400 898 1424 «
921 1384 1195 1427 Mensurium
1213 1418 1224 1438 ,
1253 1383 1451 1429 Caecilia-

57 1465 181 1506 num,
220 1452 476 1507 Macarium‚
519 1452 775 1508 Taurinum,
813 1456 1079 1509 Romanum,
1117 1463 1160 1498 et
1191 1468 1264 1499 eos
1297 1464 1449 1500 contra

56 1521 295 1567 Ecclesiam
322 1523 400 1566 Dei
436 1522 585 1568 fecisse
616 1524 821 1580 affirmat,
863 1540 962 1585 quae
1003 1525 1202 1583 ignorare
1232 1541 1322 1570 non
1356 1541 1451 1585 pos-

57 1606 163 1646 sem,
184 1607 236 1637 eo
252 1591 374 1652 quod
395 1592 501 1637 Afer
524 1594 621 1649 sim,
653 1603 696 1638 et
715 1603 829 1639 etate
855 1610 967 1654 pene
985 1597 1076 1655 jam
1098 1610 1227 1640 senex
1251 1615 1259 1640 2
1281 1613 1302 1637 »
1327 1611 1445 1651 cum,

56 1662 167 1707 sicut
189 1661 321 1708 audio
338 1697 350 1718 ,
374 1664 620 1708 Mensurius
646 1665 692 1708 in
722 1666 1043 1711 communionis
1070 1667 1236 1711 unitate
1259 1665 1448 1712 defunc-

55 1741 125 1778 tus
164 1733 219 1777 sit
237 1767 248 1788 ,
285 1742 519 1794 antequam
560 1750 605 1779 se
649 1735 866 1781 scinderet
909 1751 1004 1796 pars
1048 1737 1207 1781 Donati
1237 1755 1245 1782 :
1271 1753 1445 1782 causam

55 1817 157 1848 vero
178 1803 381 1849 Caecliani
402 1805 580 1864 legerim
602 1840 613 1861 ‚
640 1806 760 1866 quod
787 1806 841 1851 ad
863 1807 1200 1852 Constantinum
1219 1808 1299 1866 ipsi
1318 1809 1447 1852 detu-

54 1872 200 1930 lerint,
218 1884 266 1919 et
276 1875 331 1919 ab
348 1876 572 1936 Episcopis
589 1892 699 1936 quos
716 1877 789 1921 ille
808 1880 1048 1937 Imperator
1061 1877 1229 1938 judices
1246 1877 1441 1934 dederat,

54 1954 99 1990 et
115 1945 248 1990 semel
265 1955 309 1991 et
329 1947 488 1991 iterum
508 1982 520 2002 ,
544 1957 589 1992 et
610 1948 665 1992 ab
687 1949 781 2007 ipso
799 1963 896 2006 rege
918 1948 1002 1993 illis
1023 1951 1077 1993 ad
1096 1964 1195 1993 eum
1219 1950 1445 2008 appellan-

54 2015 173 2060 tibus
195 2018 326 2061 etiam
348 2019 477 2063 tertio
495 2017 630 2063 tuerit
646 2018 886 2063 absolutuS.
906 2020 1118 2064 Macarius
1140 2035 1243 2064 vero
1258 2029 1301 2064 et
1324 2023 1442 2064 Tau-

53 2087 173 2131 rinus
193 2097 237 2133 et
258 2091 481 2133 Romanus
500 2124 511 2144 ,
532 2090 748 2150 quidquid
769 2090 838 2135 vel
854 2090 1080 2150 judiciaria
1102 2091 1172 2136 vel
1193 2095 1441 2137 executoria

52 2167 266 2218 potestate
282 2159 486 2205 adversus
503 2175 656 2206 eorum
677 2162 946 2207 obstinatum
964 2163 1158 2208 furorem
1177 2178 1256 2223 pro
1273 2164 1441 2208 unitate

52 2229 251 2275 fecerunt
267 2265 278 2286 ,
299 2232 540 2276 secundum
562 2233 678 2292 leges
694 2248 766 2278 eos
787 2234 938 2278 fecisse
954 2244 1124 2280 constat
1142 2255 1153 2292 3
1181 2250 1288 2294 quas
1309 2235 1440 2279 iidem

51 2301 133 2360 ipsi
155 2336 167 2357 ,
206 2317 380 2348 causam
415 2304 635 2349 Caeciliani
671 2304 727 2349 ad
765 2307 1038 2365 Imperatoris
1064 2304 1281 2365 judicium
1313 2304 1438 2350 defe-

51 2371 211 2426 rendo,
237 2382 391 2418 contra
420 2389 464 2418 se
486 2374 590 2418 ferri
612 2375 814 2435 exerique
835 2379 1090 2435 coegerunt.

110 2444 252 2487 XXX.
279 2447 399 2487 Inter
413 2444 550 2488 multa
572 2445 700 2489 etiam
718 2460 893 2504 prorsus
916 2448 971 2490 ad
994 2461 1083 2490 rem
1105 2461 1194 2490 non
1216 2446 1432 2505 pertinen-

50 2511 110 2557 tia
132 2511 255 2567 dicit,
282 2531 302 2555 «
328 2515 527 2558 Messiani
557 2515 826 2573 proconsulis
851 2516 1064 2561 sententia
1088 2531 1157 2560 me
1181 2515 1311 2560 fuisse
1336 2531 1415 2575 per

51 2595 246 2640 cussum,
272 2593 322 2629 ut
344 2599 395 2629 ex
415 2583 560 2632 Africa
580 2584 777 2644 fugerem
802 2603 812 2632 ε
844 2608 861 2628 »
891 2597 934 2632 et
957 2595 1132 2646 propter
1152 2587 1235 2632 hoc
1257 2586 1427 2634 salsum,
