1825 3264
297 294 382 335 474
729 307 761 333 s.
796 301 1028 332 Aucus-nm
1059 303 1242 333 armon

297 380 382 425 tus»,
406 369 690 422 Donatianus,
704 377 749 413 et
767 368 913 413 caeteri
933 382 1116 412 numero
1138 367 1319 412 trecenti
1340 376 1384 412 et
1404 367 1571 423 decem,
1589 367 1678 427 pla·

297 441 388 485 cuit
418 439 596 498 Spiritui
617 448 767 484 sancto
788 439 864 498 qui
883 438 930 482 in
950 439 1075 482 nobis
1098 446 1184 493 est,
1207 452 1358 496 pacem
1381 438 1555 482 firmare
1576 453 1678 498 per-

294 518 486 570 petuam,
503 518 546 553 et
562 509 788 553 schismata
806 523 996 552 resecare
1010 507 1231 566 sacrilega,
1254 525 1274 548 ιι
1298 506 1448 562 Audis,
1472 508 1676 563 advertis,

295 579 511 624 attendis?
538 598 558 621 «
581 579 834 633 Schismata,
858 579 1082 638 inquiunt,
1106 592 1294 622 resecare
1317 576 1534 635 sacrilega.
1558 597 1576 618 t
1595 579 1680 622 Er-

297 665 351 709 go
373 665 461 693 non
483 650 528 692 in
550 649 788 703 hominem,
804 649 878 692 sed
897 649 941 692 in
965 651 1103 691 Deum
1117 647 1321 692 scelerata
1341 647 1619 706 perversitate
1634 647 1683 690 in

296 735 348 764 eo
364 720 591 763 schismate
613 718 728 763 solus
755 718 1044 763 Maximianus
1065 718 1274 776 sacrilegii
1298 717 1476 761 crimine
1499 716 1682 761 teneba-

296 798 368 833 tur
384 804 484 833 cum
505 789 584 832 ista
604 789 817 832 sententia
837 788 1068 832 diceretur.
1096 791 1210 846 Lege
1225 786 1356 846 paulo
1378 796 1477 845 post
1491 786 1599 846 quid
1611 785 1682 830 di-

296 868 397 902 cant
417 857 472 901 de
493 858 616 902 sociis
638 859 743 917 ejus,
766 858 877 902 inter
894 873 1004 917 quos
1025 858 1209 906 istorum
1223 857 1422 911 nomina,
1443 856 1499 900 de
1524 856 1684 915 quibus
1751 856 1757 860 ’

299 928 460 986 agitur,
484 928 641 985 scripta
664 936 792 972 sunt:
817 930 940 971 «Nec
958 927 1098 971 solum
1117 928 1252 981 hunc,
1270 927 1491 985 inquiunt,
1514 925 1684 969 sceleris

297 997 360 1039 sui
383 1012 497 1040 mors
514 998 629 1054 justa
647 995 925 1049 condemnat,
946 997 1079 1040 trahit
1091 997 1220 1040 etiam
1237 995 1292 1040 ad
1311 995 1578 1040 consortium
1600 995 1686 1039 cri-

297 1066 423 1108 minis
446 1065 655 1123 plurimos
671 1074 823 1108 catena
846 1065 1068 1122 sacrilegii.
1094 1083 1114 1105 »

356 1136 479 1178 XIII.
516 1135 631 1187 Quid
660 1144 739 1189 est,
770 1135 835 1179 vir
863 1135 1169 1179 disertissime?
1189 1134 1297 1194 quid
1320 1135 1453 1179 habes
1474 1133 1594 1194 quod
1614 1135 1685 1178 di-

300 1220 368 1249 cas
391 1206 530 1248 mihi?
554 1208 665 1263 Lege
687 1207 929 1265 sequentia,
954 1206 1054 1250 vide
1074 1206 1185 1250 inter
1199 1205 1410 1264 plurimos
1424 1220 1534 1265 quos
1556 1205 1689 1249 trahit

299 1275 354 1319 ad
375 1278 644 1319 consortium
671 1276 862 1320 criminis
885 1285 1036 1319 catena
1055 1275 1170 1320 illius
1189 1274 1422 1333 sacrilegii,
1453 1278 1686 1319 Praetexta-

298 1355 394 1389 tum
413 1355 456 1388 et
473 1345 742 1389 Felicianum
764 1365 772 1390 :
794 1346 892 1404 lego
911 1346 1154 1404 sacrilegos,
1172 1345 1299 1390 video
1313 1346 1535 1405 episcopos
1551 1366 1562 1402 3
1579 1343 1688 1404 quid

299 1415 402 1473 agiS,
435 1415 468 1458 si
500 1430 588 1459 non
619 1416 868 1474 probaveris
899 1417 1118 1475 expiatos?
1142 1418 1307 1474 Nempe
1338 1416 1503 1474 urgeris
1532 1415 1686 1459 cedere

300 1484 486 1538 veritati,
512 1501 598 1544 qua
619 1485 803 1529 dicimus
824 1485 984 1544 expiari
1001 1495 1163 1529 vestros
1185 1500 1285 1529 cum
1308 1484 1364 1528 ad
1385 1500 1463 1529 nos
1485 1486 1684 1540 veniunt,

299 1554 391 1613 ipso
411 1554 588 1599 vinculo
608 1554 809 1599 fraternae
831 1557 947 1614 pacis
970 1565 1013 1600 et
1035 1556 1254 1600 charitatis
1276 1556 1488 1614 cooperiri
1512 1564 1687 1614 peccata

301 1639 469 1677 eorum,
495 1625 606 1668 sicut
623 1627 907 1683 scriptumest
934 1646 942 1670 :
972 1646 990 1667 «
1012 1627 1208 1670 Charitas
1231 1623 1689 1684 cooperitmultitudi-

303 1710 324 1733 »
350 1707 451 1734 nem
475 1697 794 1750 peccatorum1.
814 1712 833 1734 »
853 1694 968 1746 Quid
992 1694 1046 1737 de
1069 1694 1475 1754 illis,quosavestra
1489 1709 1688 1738 commu-

302 1761 432 1804 nione
456 1764 665 1820 separati,
703 1773 746 1806 et
773 1764 1035 1807 Maximiano
1068 1765 1112 1807 in
1141 1763 1347 1822 sacrilega
1375 1764 1490 1808 iltius
1522 1773 1688 1808 catenae

301 1830 504 1874 societate
528 1831 719 1876 devincti
746 1833 1092 1891 baptizaverunt,
1115 1849 1224 1893 quos
1245 1849 1345 1877 cum
1376 1835 1434 1877 eis
1461 1835 1506 1877 in
1533 1833 1688 1878 eodem

303 1900 518 1958 baptismo
537 1902 582 1944 in
605 1916 756 1960 pacem
780 1911 911 1960 atque
933 1903 1211 1946 concordiam
1230 1904 1486 1962 suscepistis,
1507 1918 1687 1962 respon-

302 1968 503 2013 debis—ne
525 1971 693 2030 aliquid
716 1973 796 2015 nisi
818 1971 969 2016 eadem
1001 1983 1269 2017 sacramenta
1296 1983 1409 2017 recte
1430 1989 1506 2018 vos
1528 1989 1687 2033 appro-

302 2037 424 2080 basse
447 2039 491 2082 in
509 2040 593 2093 eis,
623 2056 721 2098 quae
744 2056 821 2084 nos
844 2057 1019 2101 quoque
1043 2043 1334 2101 approbamus
1359 2042 1404 2085 in
1421 2042 1573 2086 vobis?
1591 2045 1688 2087 Ma-

303 2107 364 2164 gis
385 2108 497 2150 enim
521 2109 598 2152 tibi
622 2111 856 2164 constabis,
883 2111 915 2154 si
938 2111 1016 2154 ista
1035 2111 1323 2170 responderis,
1349 2121 1392 2156 et
1412 2112 1555 2156 verbis
1576 2112 1690 2171 epis-

303 2175 403 2219 tolae
420 2186 504 2220 tuae
521 2193 609 2222 non
625 2178 919 2223 reluctaberis.
938 2183 988 2224 In
1001 2197 1085 2240 qua
1102 2196 1200 2224 cum
1222 2182 1437 2225 conareris
1462 2180 1689 2226 ostendere

303 2260 393 2289 non
417 2246 613 2290 haeresim
631 2248 744 2292 inter
763 2264 840 2292 nos
857 2258 900 2293 et
917 2265 1007 2303 vos,
1033 2250 1108 2293 sed
1123 2250 1307 2294 schisma
1330 2251 1472 2309 potius
1488 2252 1686 2295 commis-

304 2329 398 2358 sum
422 2330 532 2369 esse,
553 2316 694 2361 dixisti
717 2337 735 2358 «
756 2317 882 2361 nobis
905 2328 947 2362 et
969 2320 1118 2362 vestris
1140 2335 1272 2363 unam
1297 2335 1386 2363 esse
1408 2318 1685 2378 religionem,

305 2383 456 2427 eadam
469 2397 751 2442 sacramenta,
778 2387 887 2430 nihil
909 2389 953 2430 in
975 2388 1206 2432 christiana
1230 2389 1529 2434 observatione
1551 2389 1690 2433 diver-

305 2467 415 2496 sum.
444 2472 463 2493 η
489 2457 640 2514 Neque
656 2456 769 2499 enim
791 2457 962 2515 gravius
988 2473 1116 2517 quam
1141 2458 1206 2501 his
1225 2459 1367 2502 verbis
1387 2459 1688 2517 repetitionem

305 2520 573 2579 baptismatis
594 2540 792 2570 accusare
812 2527 1006 2585 potuisti,
1029 2526 1207 2586 quando
1236 2527 1404 2572 seducti
1427 2543 1449 2572 a
1472 2528 1598 2572 nobis
1619 2543 1688 2572 re-

354 2608 362 2624 ·
389 2614 399 2634 1
424 2606 509 2638 Petr.
529 2616 574 2646 iv,
592 2607 624 2639 8.
