1825 3264
359 245 442 283 352
789 252 821 280 s.
859 253 1088 282 uersum
1122 255 1299 282 muscum

358 319 539 379 Spiriuts
573 318 709 361 sancti
744 316 864 362 fonte
893 318 1132 362 mundatur
1152 354 1162 373 ,
1194 334 1217 362 a
1248 333 1336 378 quo
1363 318 1480 378 apud
1508 333 1583 363 vos
1611 318 1739 363 etiam

354 387 549 448 quisquis
569 387 733 432 caeteris
752 388 942 432 moribus
965 387 1192 433 laudabilis
1215 387 1362 444 fuerit,
1389 388 1479 434 solo
1501 390 1742 434 schismatis

353 459 421 502 vel
438 459 608 502 haeresis
625 459 804 503 crimine
820 469 1059 519 separatur.

412 531 534 572 XIX.
563 531 675 574 Cum
695 545 796 588 ergo
818 531 998 573 veniunt
1020 528 1074 573 ad
1101 545 1178 574 nos
1199 529 1352 584 vestri,
1377 528 1631 574 desistentes
1652 544 1741 574 esse

351 599 497 652 vestri,
508 599 762 658 incipientes
776 614 864 643 esse
878 600 1026 653 nostri,
1041 600 1257 659 accipiunt
1272 598 1392 659 quod
1401 614 1489 643 non
1499 599 1737 653 habebant,

353 678 402 712 ut
430 668 660 712 salubriter
686 669 844 713 habere
866 669 1105 728 incipiant,
1131 669 1252 729 quod
1283 678 1405 713 tanto
1441 669 1738 728 perniciosius,

351 749 516 800 quanto
538 739 758 798 indignius
776 740 1007 784 habebant.
1023 741 1248 800 Accipiant
1263 741 1378 784 enim
1392 740 1590 800 primitus
1607 741 1740 799 ipsam

349 810 603 866 Ecclesiam,
618 821 660 855 et
682 811 726 854 in
749 827 794 855 ea
819 827 985 870 pacem,
1003 812 1273 865 charitatem,
1296 812 1524 866 unitatem,
1541 827 1617 870 per
1638 811 1739 855 fon-

350 889 437 924 tem
466 882 556 940 ejus
590 882 812 940 proprium
846 891 978 941 atque
1001 881 1259 925 invisibilem
1287 882 1492 941 Spiritum
1511 890 1735 936 sanctum,

348 951 439 995 sine
462 952 618 1010 quibus
642 953 794 1011 utique
812 951 934 995 nullo
958 951 1189 995 dubitante
1211 952 1475 995 interiissent
1493 986 1503 1005 ,
1522 951 1740 1010 quidquid

348 1021 466 1065 aliud
489 1023 604 1080 apud
623 1037 698 1065 vos
714 1057 724 1074 ,
746 1021 864 1081 quod
899 1021 953 1065 de
983 1021 1172 1065 Ecclesia
1197 1021 1310 1066 foras
1332 1021 1444 1065 trahi
1471 1022 1611 1080 potuit
1627 1056 1638 1076 ,
1658 1022 1737 1066 ha·

345 1090 540 1135 buissent
560 1111 567 1135 :
594 1091 784 1136 faciliore
802 1100 945 1135 autem
969 1092 1093 1134 venia
1115 1091 1235 1151 quod
1261 1091 1458 1136 nondum
1482 1092 1738 1136 habuerunt

346 1161 592 1221 accipiunt,
617 1177 748 1220 quam
770 1162 804 1205 si
826 1161 1103 1215 habuissent,
1131 1171 1174 1204 et
1194 1171 1340 1205 tamen
1361 1161 1663 1205 deseruissent.
1683 1164 1740 1205 Et

345 1232 428 1276 hoc
445 1231 705 1276 discernitur
728 1232 845 1290 apud
863 1247 956 1286 nos,
985 1240 1032 1275 ut
1058 1231 1181 1275 aliter
1205 1232 1469 1291 recipiantur
1487 1232 1563 1291 qui
1582 1232 1738 1277 Catho—

344 1300 472 1346 licam
493 1302 792 1362 reliquerunt,
819 1301 943 1345 aliter
972 1302 1048 1361 qui
1078 1300 1133 1344 ad
1156 1302 1275 1345 illam
1305 1302 1503 1361 primitus
1538 1302 1733 1346 veniunt.

344 1370 447 1415 Illos
470 1372 584 1415 enim
608 1371 792 1430 amplius
817 1381 966 1430 gravat
989 1373 1154 1415 crimen
1175 1371 1428 1417 desertionis
1456 1392 1464 1417 :
1490 1373 1568 1416 hos
1590 1381 1734 1415 autem

342 1458 432 1486 non
455 1459 477 1486 a
499 1458 542 1486 se
565 1442 814 1501 disruptum
833 1477 843 1496 ,
864 1443 938 1486 sed
959 1443 1182 1501 cognitum
1207 1452 1250 1486 et
1273 1453 1491 1487 retentum
1510 1442 1737 1487 vinculum

343 1512 504 1556 relevat
530 1512 856 1556 unitatis.Unde
874 1512 965 1555 fieri
985 1522 1141 1570 potest,
1166 1523 1211 1556 ut
1233 1529 1342 1571 quos
1354 1512 1554 1557 seductos
1578 1513 1735 1572 rebap-

342 1583 585 1626 tizaverunt
598 1618 608 1637 ,
634 1583 714 1642 ipsi
733 1598 810 1641 pro
832 1583 891 1626 eis
910 1583 1226 1641 poenitentibus
1246 1584 1477 1627 Dominum
1496 1582 1735 1642 deprecen-

342 1661 414 1695 tur
430 1687 440 1706 ,
459 1653 492 1696 si
513 1653 629 1710 prius
650 1652 719 1696 isti
745 1652 989 1706 conciliati,
1011 1668 1141 1712 quam
1166 1652 1228 1696 illi
1252 1652 1515 1697 reconciliati
1535 1652 1735 1697 Ecclesiae

340 1721 520 1765 fuerint.
544 1722 662 1767 Sicut
685 1722 777 1764 fieri
800 1730 963 1780 potest,
990 1731 1039 1765 ut
1061 1724 1190 1766 etiam
1214 1722 1401 1766 cultores
1423 1722 1642 1767 idolorum
1665 1758 1675 1777 ,
1700 1723 1735 1767 si

340 1809 449 1853 quos
467 1793 579 1838 forte
597 1793 862 1838 Christianos
875 1793 928 1836 ad
944 1793 1057 1837 idola
1072 1794 1273 1838 seductos
1290 1804 1505 1852 apostatas
1523 1795 1730 1852 fecerint,

340 1865 374 1907 si
407 1865 569 1923 priores
591 1862 840 1907 seductores
868 1862 971 1906 facti
1005 1862 1167 1907 fuerint
1188 1865 1420 1909 Christiani
1453 1874 1496 1908 et
1524 1879 1731 1922 magnum

341 1933 519 1993 aliquod
542 1933 745 1977 meritum
767 1933 810 1976 in
834 1932 1025 1977 Ecclesia
1047 1934 1290 1987 consecuti,
1317 1949 1392 1992 per
1414 1935 1526 1993 ipsos
1543 1933 1604 1977 illi
1622 1949 1732 1994 quos

340 2003 602 2063 deceperant
624 2003 829 2058 redeant,
857 2018 931 2061 per
953 2004 1066 2062 ipsos
1089 2004 1453 2048 commendentur
1474 2014 1516 2048 et
1540 2005 1731 2049 reconci-

338 2073 500 2119 lientur
520 2074 703 2118 Domino
718 2089 795 2132 per
815 2089 923 2132 quos
941 2073 1191 2118 dimiserant
1212 2074 1595 2127 Dominum.Quod
1613 2075 1730 2117 enim

338 2145 452 2189 valet
473 2146 527 2188 ad
551 2143 799 2188 mundanda
823 2143 1040 2203 sacrilegia
1067 2144 1309 2202 gentilium,
1337 2154 1452 2189 reete
1475 2153 1727 2204 perceptum

336 2224 655 2259 sacramentum
671 2214 964 2272 baptismatis,
989 2215 1070 2258 hoc
1085 2214 1198 2257 valet
1210 2213 1263 2257 ad
1283 2215 1536 2258 mundanda
1552 2213 1726 2258 sacrile-

340 2285 407 2343 gia
429 2284 797 2329 schismaticorum
823 2292 866 2326 et
888 2283 1208 2337 haereticorum,
1228 2284 1431 2326 veraciter
1458 2285 1725 2342 apprehensa

334 2355 522 2400 charitas
556 2354 750 2398 unitatis.
779 2353 1072 2406 Quamobrem
1109 2355 1218 2397 sicut
1249 2354 1496 2397 seductores
1531 2353 1724 2397 fidelium

338 2426 682 2469 Christianorum
700 2423 920 2467 venientes
940 2422 994 2467 ad
1009 2424 1227 2468 Christum
1243 2424 1429 2467 seductis
1444 2422 1725 2468 redeuntibus

338 2503 654 2552 praeponuntur
671 2496 703 2548 ¹,
724 2492 840 2537 unde
858 2492 926 2536 isti
949 2502 992 2536 et
1013 2493 1203 2552 episcopi
1227 2493 1319 2536 fieri
1342 2502 1538 2552 possunt,
1555 2491 1616 2537 illi
1636 2508 1724 2537 non

387 2584 395 2599 ¹
420 2577 496 2608 Vide
512 2578 610 2618 Epist.
634 2576 709 2617 245.
