1825 3264
337 240 500 270 CONTRA
532 242 734 270 LITTERAS
766 242 999 282 mummi,
1036 247 1117 272 Lm.
1154 247 1201 272 11.
1411 237 1460 273 19

82 303 190 349 fusae
206 339 218 359 ,
241 320 340 365 quae
359 307 503 350 omnia
526 305 864 350 contradicendo
886 308 1127 353 interficere
1148 318 1191 353 et
1214 311 1477 367 extinguere¹

82 375 329 420 conamini?
364 377 446 421 Sed
479 376 598 435 ligati
633 377 731 420 estis
757 396 766 421 ε
793 377 895 437 quia
918 377 961 420 in
984 393 1157 423 omnem
1181 388 1338 423 terram
1361 381 1464 423 exiit

83 461 212 491 sonus
232 461 399 500 eorum,
423 447 531 490 etin
554 448 661 492 fines
688 447 802 491 orbis
830 457 955 492 terrae
983 449 1113 492 verba
1142 466 1291 494 eorum
1318 454 1348 494 ¹.
1377 453 1464 494 Ve-

83 525 329 560 rumtamen
346 532 483 560 unum
503 516 612 562 illud
634 519 983 563 commemorabo
1006 535 1056 563 ex
1078 535 1151 563 ore
1179 521 1364 575 Domini,
1391 522 1468 581 qui

84 587 203 631 testis
238 595 302 630 est
330 587 505 631 testium
530 605 540 632 :
567 606 587 629 «
615 588 880 647 Oportebat,
920 590 1090 650 inquit,
1121 590 1290 648 impleri
1324 593 1470 636 omnia

91 677 108 699 »
134 673 233 717 quae
258 657 416 716 scripta
451 667 553 702 sunt
580 659 625 702 in
664 662 778 717 Lege
810 668 852 703 et
878 660 1103 719 Prophetis
1132 670 1175 704 et
1209 659 1386 703 Psalmis
1413 663 1467 704 de

89 745 111 770 »
131 743 200 772 me
216 731 248 771 ².
272 746 293 769 n
314 731 422 782 Quae
436 729 522 773 sint
538 729 632 774 haec
649 764 659 783 ,
679 730 769 788 ipse
793 730 954 774 indicet
976 750 984 775 :
1009 749 1029 772 «
1058 733 1180 774 Tunc
1204 731 1373 789 aperuit
1391 730 1472 774 illis

89 816 110 840 »
134 813 327 854 sensum,
342 799 500 859 inquit,
524 809 573 843 ut
591 799 884 858 intelligerent
911 801 1168 860 Scripturas,
1195 811 1237 844 et
1259 801 1366 844 dixit
1383 802 1468 845 eis:

91 885 112 910 »
135 869 352 921 Quoniam
387 869 446 912 sic
475 870 684 929 scriptum
713 879 801 925 est,
838 880 881 915 et
905 871 964 915 sic
992 871 1223 929 oportebat
1251 871 1474 916 Christum

91 956 112 980 »
138 940 244 998 pati,
270 948 314 983 et
335 955 558 998 resurgere
594 956 618 984 a
654 941 851 995 mortuis,
888 950 931 985 et
969 940 1191 1000 praedicari
1224 942 1268 984 in
1298 942 1474 985 nomine

92 1027 112 1051 »
137 1010 229 1069 ejus
257 1010 560 1068 poenitentiam
581 1019 625 1054 et
644 1011 936 1056 remissionem
966 1021 1243 1070 peccatorum
1272 1028 1349 1071 per
1384 1028 1477 1055 om-

93 1098 114 1122 »
139 1096 213 1124 nes
246 1090 409 1139 gentes,
435 1082 742 1141 incipientibus
770 1083 825 1126 ab
849 1082 1088 1126 Jerusalem
1113 1084 1144 1126 ³.
1174 1102 1193 1123 n
1222 1085 1333 1126 Ecce
1356 1081 1477 1142 quod

91 1151 300 1210 scriptum
325 1160 389 1195 est
409 1152 453 1194 in
475 1154 590 1210 Lege
617 1161 659 1195 et
683 1153 910 1210 Prophetis
931 1162 974 1196 et
1000 1153 1175 1196 Psalmis
1197 1153 1252 1196 de
1276 1153 1475 1197 Domino.

92 1223 205 1266 Ecce
221 1221 416 1281 quodde
438 1237 504 1276 se,
529 1230 572 1265 ct
596 1221 651 1266 de
670 1221 859 1266 Ecclesia
882 1223 971 1281 ipse
991 1224 1198 1267 Dominus
1220 1224 1389 1282 aperuit
1406 1259 1415 1276 ,
1437 1238 1480 1266 se

92 1292 322 1337 ostendens
339 1327 350 1347 ,
368 1292 486 1336 illam
506 1292 778 1352 promittens.
807 1295 892 1336 Vos
910 1303 1055 1337 autem
1074 1294 1138 1336 his
1162 1308 1248 1337 tam
1274 1293 1480 1337 manifes-

95 1364 147 1407 tis
164 1363 417 1407 testimoniis
436 1363 678 1407 resistentes
691 1397 701 1417 ,
727 1372 770 1406 et
790 1378 854 1417 ea,
875 1363 977 1422 quia
1000 1362 1146 1406 delere
1161 1378 1248 1406 non
1271 1363 1449 1421 potestis
1468 1398 1478 1417 ,

96 1434 331 1493 depravare
358 1442 586 1487 conantes,
612 1433 720 1493 quid
749 1431 946 1477 faceretis
963 1467 973 1487 ,
1003 1433 1036 1476 si
1064 1433 1312 1477 inveniretis
1343 1449 1482 1476 mem·

97 1505 173 1549 bra
193 1505 524 1564 Prophetarum,
550 1504 626 1564 qui
641 1505 699 1548 sic
717 1504 874 1548 saevitis
892 1505 935 1547 in
951 1502 1124 1563 eloquia
1140 1507 1478 1562 Prophetarum,

97 1584 146 1620 ut
171 1591 251 1620 nec
281 1575 512 1620 Dominum
546 1575 730 1619 au‘diatis
756 1574 1054 1633 impletorem,
1084 1575 1454 1618 manifestatorem
1472 1608 1482 1628 ,

97 1646 383 1704 expositorem
407 1646 738 1704 Prophetarum.
765 1647 874 1690 Nam
896 1653 1110 1704 quantum
1134 1646 1327 1703 potestis,
1354 1645 1483 1688 etiarn

97 1715 240 1776 ipsum
257 1715 420 1760 caeditis
437 1750 448 1770 ,
475 1715 653 1776 quando
675 1725 718 1759 et
734 1715 813 1774 ipsi
833 1731 921 1760 non
945 1714 1097 1759 ceditis
1114 1716 1133 1757 i>

157 1788 363 1831 XXXIV.
402 1790 662 1830 Panum-us
690 1785 797 1830 dixit
825 1804 834 1830 :
872 1805 889 1826 «
914 1789 976 1829 De
1001 1785 1124 1829 vobis
1151 1799 1328 1844 quoque
1350 1784 1488 1828 David

101 1858 448 1917 persecutoribus
470 1858 563 1902 haec
590 1857 697 1902 dicit
723 1876 732 1902 ;
763 1876 783 1899 «
810 1857 1065 1916 Sepulcrum
1091 1866 1240 1914 patens
1256 1865 1320 1899 est
1338 1865 1490 1914 guttur

105 1945 126 1969 »
151 1943 301 1972 eorum
317 1963 328 1982 ,
351 1928 510 1986 linguis
534 1929 620 1972 suis
643 1927 792 1972 dolose
821 1928 1023 1987 agebant,
1051 1941 1271 1970 venenum
1293 1925 1491 1984 aspidum

106 2017 127 2040 i)
152 2000 234 2043 sub
264 1998 390 2043 labiis
431 2014 583 2044 eorum
610 2001 643 2042 4.
669 2002 867 2052 Quorum
893 2014 939 2042 os
976 1996 1280 2041 maledictione
1303 2005 1345 2037 et
1369 2010 1490 2038 ama-

107 2087 129 2110 »
151 2069 341 2112 titudine
360 2067 539 2127 plenum
561 2077 626 2112 est
641 2102 652 2121 ‚
678 2067 846 2111 veloces
862 2066 994 2125 pedes
1017 2080 1169 2108 eorum
1188 2063 1241 2107 ad
1263 2064 1494 2107 effunden-

90 2141 128 2179 ‘»
153 2138 259 2182 dum
274 2139 530 2197 sanguinem
550 2139 581 2181 ⁵.
603 2155 623 2178 »
642 2137 908 2182 Contritioet
921 2134 1151 2179 infelicitas
1166 2136 1210 2177 in
1224 2134 1302 2177 viis
1317 2149 1489 2188 eorum,

107 2216 151 2252 et
162 2208 274 2252 viam
289 2207 406 2266 pacis
419 2222 508 2252 non
522 2215 838 2265 cognoverunt,
856 2221 945 2250 non
959 2214 1022 2249 est
1039 2206 1168 2248 timor
1186 2205 1261 2248 Dei
1281 2212 1380 2247 ante
1393 2218 1492 2247 ocu-

108 2277 174 2322 los
190 2293 357 2323 eorum.
375 2280 529 2323 Nonne
545 2285 808 2335 cognoscent
823 2291 973 2320 omnes
987 2276 1063 2334 qui
1082 2283 1318 2333 operantur
1335 2274 1495 2332 iniqui-

110 2357 260 2400 tatem,
277 2349 355 2408 qui
371 2349 583 2392 devorant
597 2347 772 2407 plebem
788 2362 945 2399 meam,
961 2346 1071 2390 sicut
1086 2346 1233 2389 cibum
1253 2345 1401 2402 panis?
1416 2362 1434 2384 υ

171 2421 353 2464 XXXV.
393 2422 670 2463 Aneusmus
695 2418 944 2477 respondit:
966 2415 1223 2475 Sepulcrum
1254 2422 1405 2472 patens
1437 2422 1501 2456 est

164 2527 171 2543 ¹
194 2519 274 2553 Psal.
292 2530 381 2562 xviii,
401 2520 431 2553 5.
449 2535 490 2543 -·
507 2526 518 2542 ²
534 2521 611 2553 Luc.
638 2530 726 2559 xxiv,
745 2518 798 2562 44.
812 2517 882 2543 -3
904 2519 985 2551 lbid.
1012 2516 1128 2559 15-49.
1147 2532 1187 2539 —-
1203 2515 1218 2544 4
1238 2514 1318 2547 Psal.
1338 2525 1370 2552 v,
1393 2517 1430 2547 16
1461 2530 1501 2535 —

119 2572 185 2598 —⁵
203 2575 250 2608 ld.
271 2585 338 2613 xiii,
363 2574 394 2608 3.
1258 2623 1282 2650 c)
