1825 3264
271 256 434 286 comm
465 255 723 284 canscomuiu
755 256 1047 296 DONATISTAM,
1084 260 1164 285 Lm.
1202 260 1232 284 1.
1364 248 1438 285 311

61 324 247 383 jubebat
271 321 533 381 praedicente
557 318 675 379 quod
702 335 789 364 non
812 330 935 364 erant
957 321 1161 366 audituri.
1183 324 1279 375 Qua
1301 337 1444 377 causa,

66 394 137 438 cui
156 394 288 447 bono,
313 407 402 452 quo
424 391 587 446 fructu,
609 405 752 450 quove
772 390 934 436 effectu
955 393 1143 437 mittitur
1158 394 1213 437 ad
1229 403 1450 438 certamen

66 461 355 523 praedicandae
374 460 566 507 veritatis
585 460 788 505 adversus
810 470 1049 506 certaturos
1079 471 1123 506 et
1143 478 1230 508 non
1251 463 1453 508 obeditu-

66 535 167 578 ros?
189 535 303 578 Num
332 532 561 592 quisquam
588 530 732 575 dicere
763 529 939 576 audebit
965 542 1134 577 sanctos
1157 534 1233 577 Dei
1254 535 1472 593 Prophe-⁸

66 612 131 648 tas
150 602 350 647 incidisse
370 603 415 646 in
439 602 722 661 opprobrium
738 601 814 646 abs
831 610 874 647 te
889 602 996 646 mihi
1013 603 1252 663 objectum,
1269 618 1370 648 cum
1385 605 1454 648 di-

65 687 182 717 ceres
200 691 210 718 :
232 691 254 716 «
280 673 324 717 Si
341 681 389 717 tu
408 672 487 717 scis
507 687 598 716 rem
614 671 669 717 de
686 688 773 733 qua
795 673 937 731 agitur
953 688 977 717 a
998 682 1041 717 te
1057 674 1172 718 finiri
1195 689 1285 719 non
1307 690 1449 734 posse,

64 758 143 787 cur
161 743 376 786 incassum
395 742 588 788 laborem
615 744 776 788 sumis?
808 758 886 788 cur
915 744 1086 788 inanem
1110 744 1323 803 impendis
1351 760 1453 804 ope-

65 814 185 857 ram?
210 827 288 857 cur
319 827 583 873 supervacue
607 829 656 858 ac
686 814 779 858 sine
808 812 956 858 fructu
983 813 1239 858 contendis?
1266 818 1336 859 An
1362 831 1452 859 non

63 898 246 942 magnus
272 898 391 928 error
421 894 506 939 est,
536 883 648 928 velle
670 883 790 944 quod
811 899 901 928 non
923 884 1064 929 valeas
1092 884 1331 944 explicare,
1349 900 1451 929 cum

64 962 107 998 et
119 956 208 998 Lex
223 963 399 998 moneat
414 954 577 1010 dicens,
597 973 617 997 «
633 954 797 999 Altiora
818 964 860 999 te
879 970 934 999 ne
948 955 1185 1014 quaesieris,
1211 964 1254 999 et
1275 953 1452 999 fortiora

66 1041 86 1063 »
115 1032 156 1066 te
179 1038 234 1067 ne
254 1033 468 1068 scrutatus
496 1023 672 1068 fueris1.
707 1043 726 1065 »
754 1027 811 1068 Et
834 1025 991 1069 iterum
1010 1045 1018 1069 :
1040 1027 1217 1069 «Homo
1237 1025 1454 1069 animosus

66 1111 86 1134 »
113 1094 357 1152 paratlites,
384 1104 427 1138 et
445 1095 508 1138 vir
523 1094 757 1139 iracundus
775 1104 998 1154 exaggerat
1011 1097 1292 1154 peccatum²P
1307 1114 1327 1136 »
1340 1097 1451 1139 Eze-

62 1163 192 1207 chieli
209 1173 324 1208 certe
339 1165 418 1208 ista
435 1179 525 1209 non
543 1165 721 1220 diceres,
736 1165 814 1225 qui
827 1180 928 1210 cum
946 1166 1080 1210 verbo
1095 1165 1173 1209 Dei
1188 1165 1373 1209 mittitur
1389 1165 1453 1209 in-

60 1232 175 1277 ferre
195 1243 414 1279 certamen
431 1235 680 1279 hominibus
695 1250 785 1280 non
806 1236 1061 1290 obedituris,
1081 1244 1231 1280 contra
1245 1235 1448 1291 sensuris,

58 1313 209 1348 contra
232 1303 411 1348 dicturis
431 1339 442 1359 ,
467 1313 619 1349 contra
641 1303 834 1350 iacturis.
860 1308 970 1350 Nam
997 1306 1031 1348 si
1052 1305 1214 1349 diceres
1235 1340 1246 1360 ,
1266 1320 1448 1364 respon-

62 1374 184 1419 deret
211 1375 289 1419 tibi
311 1374 491 1421 fortasse
507 1409 519 1431 ,
547 1374 667 1435 quod
689 1375 849 1419 eisdem
872 1375 1035 1419 Judaeis
1057 1375 1252 1435 Apostoli
1277 1390 1452 1434 respon-

62 1445 238 1500 derunt,
257 1464 277 1487 «
293 1447 376 1491 Cui
388 1445 566 1490 obedire
577 1455 764 1505 oportet,
777 1449 866 1490 Deo
882 1447 1031 1504 magis,
1049 1461 1104 1490 an
1119 1445 1387 1490 hominibus3
1401 1447 1449 1489 P»

67 1518 161 1560 Hoc
193 1516 273 1559 tibi
306 1516 435 1560 etiam
459 1516 548 1575 ipse
572 1516 884 1575 responderim.

120 1588 224 1629 XII.
249 1586 330 1630 Hic
347 1587 381 1630 si
397 1595 446 1630 tu
468 1587 742 1646 flagitaveris,
769 1596 819 1631 ut
841 1587 1065 1631 ostendam
1095 1585 1172 1630 ubi
1194 1586 1323 1629 etiam
1345 1585 1453 1629 mihi

60 1658 174 1700 Deus
199 1657 454 1716 praeceperit
478 1658 523 1702 id
553 1673 679 1716 agere
696 1693 707 1712 ‚
744 1657 864 1717 quod
895 1666 944 1701 tu
970 1657 1202 1716 prohibes3
1230 1664 1452 1700 memento

60 1726 315 1786 apostolicas
337 1726 552 1786 Epistolas
569 1743 659 1772 non
681 1729 740 1772 eis
762 1737 933 1772 tantum
957 1728 1134 1786 scriptas
1157 1728 1235 1787 qui
1256 1736 1452 1784 tempore

58 1795 134 1840 illo
162 1811 251 1855 quo
283 1798 586 1841 scribebantur
615 1798 877 1852 audiebant,
904 1797 979 1842 sed
1007 1798 1134 1841 etiam
1167 1797 1292 1841 nobis
1318 1815 1327 1840 :
1362 1811 1452 1840 non

61 1866 176 1910 enim
199 1867 257 1911 ob
280 1866 400 1910 aliud
421 1868 467 1911 in
491 1867 681 1912 Ecclesia
703 1869 956 1913 recitantur.
976 1867 1167 1912 Attende
1189 1867 1318 1910 etiam
1341 1865 1452 1909 illud

59 1936 178 1997 quod
188 1938 420 1996 Apostolus
433 1939 491 1982 ait
509 1957 517 1982 z
538 1957 558 1980 «
579 1942 647 1982 An
657 1939 788 1983 vultis
802 1940 1145 1998 experimentum
1160 1939 1250 1998 ejus
1260 1937 1452 1995 accipere

62 2024 83 2047 »
111 2007 184 2066 qui
209 2007 254 2049 in
275 2021 346 2050 me
367 2006 564 2067 loquitur
580 2008 775 2052 Christus
791 2009 833 2052 ⁴?
856 2029 873 2050 »
897 2017 940 2051 et
957 2006 1098 2051 recole
1110 2008 1216 2066 jam,
1236 2021 1325 2050 non
1342 2004 1452 2065 quid

60 2076 236 2131 PauluS,
253 2076 328 2120 sed
346 2076 452 2136 quid
471 2092 547 2136 per
564 2093 665 2122 eum
686 2079 883 2123 Christus
895 2077 1068 2123 locutus
1084 2079 1155 2132 sit,
1180 2076 1299 2136 quod
1319 2074 1450 2135 paulo

61 2156 161 2191 ante
181 2148 534 2203 commemoravi,
563 2166 583 2190 «
601 2148 792 2194 Praedica
815 2148 998 2193 verbum
1014 2183 1025 2203 ‚
1050 2149 1161 2192 insta
1185 2155 1447 2206 opportune,

63 2235 84 2259 n
105 2218 371 2276 importune,
389 2226 456 2262 etc
476 2220 506 2261 ⁵.
525 2239 541 2259 »
562 2217 753 2263 Attende
771 2221 899 2263 etiam
914 2217 1287 2278 quemadmodum
1307 2216 1361 2260 ad
1380 2216 1453 2259 Ti·

60 2296 155 2332 tum
169 2303 268 2332 cum
285 2288 515 2348 explicaret
530 2289 669 2350 qualis
681 2305 770 2334 esse
785 2290 1010 2350 episcopus
1022 2289 1192 2342 debeat,
1209 2289 1336 2330 etiam
1352 2300 1451 2345 per-

60 2367 327 2402 severantem
358 2358 464 2402 dixit
493 2374 582 2404 esse
609 2369 808 2418 oportere
830 2361 1000 2419 juxtam
1037 2358 1277 2402 doctrinam
1311 2353 1450 2398 fidelis

61 2427 200 2481 verbi,
225 2446 244 2468 «
268 2430 323 2471 Ut
340 2436 491 2486 potens
504 2429 573 2483 sit,
588 2429 747 2487 inquit,
764 2438 806 2473 et
823 2428 1039 2473 exhortari
1060 2427 1100 2470 in
1118 2425 1313 2470 doctrina
1327 2438 1446 2476 sana,

115 2535 122 2551 ¹
146 2528 250 2560 Eccle.
272 2539 331 2570 111,
351 2538 405 2562 22.
422 2546 462 2554 -
480 2537 492 2552 ²
511 2531 605 2563 Prov.
638 2542 700 2562 xix.
725 2548 764 2553 —
783 2529 796 2552 3
822 2532 892 2561 Act.
916 2540 947 2569 v,
967 2538 1020 2569 29.
1049 2526 1118 2556 —4
1140 2530 1248 2560 2001:
1270 2538 1338 2565 xm,
1366 2527 1395 2558 3.
1410 2544 1449 2549 —

65 2581 80 2606 ⁵
98 2591 117 2616 2
137 2583 216 2616 Tim.
238 2595 283 2626 iv,
306 2594 338 2617 2.
