<?xml version="1.0" encoding="UTF-8"?>
<!DOCTYPE html PUBLIC "-//W3C//DTD XHTML 1.0 Transitional//EN"
    "http://www.w3.org/TR/xhtml1/DTD/xhtml1-transitional.dtd">
<html xmlns="http://www.w3.org/1999/xhtml" xml:lang="en" lang="en">
 <head>
  <title>
</title>
<meta http-equiv="Content-Type" content="text/html;charset=utf-8" />
  <meta name='ocr-system' content='tesseract 3.04.00' />
  <meta name='ocr-capabilities' content='ocr_page ocr_carea ocr_par ocr_line ocrx_word'/>
</head>
<body>
  <div class='ocr_page' id='page_1' title='image "./operaomniaaccura32auguuoft_0153.png"; bbox 0 0 1825 3264; ppageno 0'>
   <div class='ocr_carea' id='block_1_1' title="bbox 312 235 1449 288">
    <p class='ocr_par' dir='ltr' id='par_1_1' title="bbox 312 235 1449 288">
     <span class='ocr_line' id='line_1_1' title="bbox 312 235 1449 288; baseline -0.004 -8"><span class='ocrx_word' id='word_1_1' title='bbox 312 249 477 280; x_wconf 62' lang='lat' dir='ltr'>commu</span> <span class='ocrx_word' id='word_1_2' title='bbox 507 248 710 279; x_wconf 64' lang='lat' dir='ltr'>Limatus</span> <span class='ocrx_word' id='word_1_3' title='bbox 744 249 980 288; x_wconf 60' lang='lat' dir='ltr'>emmam,</span> <span class='ocrx_word' id='word_1_4' title='bbox 1014 251 1095 277; x_wconf 75' lang='lat' dir='ltr'>Lm.</span> <span class='ocrx_word' id='word_1_5' title='bbox 1133 251 1198 276; x_wconf 88' lang='lat'>111.</span> <span class='ocrx_word' id='word_1_6' title='bbox 1369 235 1449 276; x_wconf 83' lang='lat'>143</span> 
     </span>
    </p>
   </div>
   <div class='ocr_carea' id='block_1_2' title="bbox 80 425 1452 448">
    <p class='ocr_par' dir='ltr' id='par_1_2' title="bbox 80 425 1452 448">
     <span class='ocr_line' id='line_1_2' title="bbox 80 425 1452 448; baseline -0.004 0"><span class='ocrx_word' id='word_1_7' title='bbox 80 425 1452 448; x_wconf 52' lang='lat' dir='ltr'>”mmmmmmmwwmmmmwummmww</span> 
     </span>
    </p>
   </div>
   <div class='ocr_carea' id='block_1_3' title="bbox 571 594 952 647">
    <p class='ocr_par' dir='ltr' id='par_1_3' title="bbox 571 594 952 647">
     <span class='ocr_line' id='line_1_3' title="bbox 571 594 952 647; baseline -0.003 0"><span class='ocrx_word' id='word_1_8' title='bbox 571 594 800 647; x_wconf 89' lang='lat' dir='ltr'>LIBER</span> <span class='ocrx_word' id='word_1_9' title='bbox 846 594 952 646; x_wconf 79' lang='grc' dir='ltr'><strong>ΙΙΙ.</strong></span> 
     </span>
    </p>
   </div>
   <div class='ocr_carea' id='block_1_4' title="bbox 66 792 1459 1141">
    <p class='ocr_par' dir='ltr' id='par_1_4' title="bbox 66 792 1459 1141">
     <span class='ocr_line' id='line_1_4' title="bbox 66 792 1458 857; baseline -0.004 -16"><span class='ocrx_word' id='word_1_10' title='bbox 66 792 266 856; x_wconf 68' lang='lat' dir='ltr'>Refellic</span> <span class='ocrx_word' id='word_1_11' title='bbox 279 795 579 857; x_wconf 70' lang='lat' dir='ltr'><em>Augustinus</em></span> <span class='ocrx_word' id='word_1_12' title='bbox 600 792 840 841; x_wconf 78' lang='lat' dir='ltr'>secundus</span> <span class='ocrx_word' id='word_1_13' title='bbox 855 793 1065 840; x_wconf 78' lang='lat' dir='ltr'>Litteras</span> <span class='ocrx_word' id='word_1_14' title='bbox 1067 829 1082 850; x_wconf 87' lang='lat'>,</span> <span class='ocrx_word' id='word_1_15' title='bbox 1096 809 1217 852; x_wconf 75' lang='lat' dir='ltr'>quas</span> <span class='ocrx_word' id='word_1_16' title='bbox 1238 795 1285 837; x_wconf 77' lang='grc' dir='ltr'>ιἰι</span> <span class='ocrx_word' id='word_1_17' title='bbox 1304 793 1458 852; x_wconf 70' lang='lat' dir='ltr'>ipsum</span> 
     </span>
     <span class='ocr_line' id='line_1_5' title="bbox 125 862 1458 925; baseline -0.004 -14"><span class='ocrx_word' id='word_1_18' title='bbox 125 863 414 922; x_wconf 80' lang='lat' dir='ltr'>Petz&#39;lz&#39;uuus,</span> <span class='ocrx_word' id='word_1_19' title='bbox 434 867 534 910; x_wconf 72' lang='lat' dir='ltr'>viso</span> <span class='ocrx_word' id='word_1_20' title='bbox 553 866 711 925; x_wconf 75' lang='lat' dir='ltr'>primo</span> <span class='ocrx_word' id='word_1_21' title='bbox 728 866 1025 925; x_wconf 76' lang='lat' dir='ltr'>superiorum</span> <span class='ocrx_word' id='word_1_22' title='bbox 1044 862 1288 919; x_wconf 73' lang='lat' dir='ltr'>librorum,</span> <span class='ocrx_word' id='word_1_23' title='bbox 1307 864 1458 922; x_wconf 77' lang='lat' dir='ltr'>scrip-</span> 
     </span>
     <span class='ocr_line' id='line_1_6' title="bbox 124 933 1459 999; baseline -0.003 -17"><span class='ocrx_word' id='word_1_24' title='bbox 124 937 185 982; x_wconf 74' lang='lat' dir='ltr'>sit</span> <span class='ocrx_word' id='word_1_25' title='bbox 205 935 474 982; x_wconf 77' lang='lat' dir='ltr'>maledictis</span> <span class='ocrx_word' id='word_1_26' title='bbox 492 936 668 997; x_wconf 80' lang='lat' dir='ltr'>plenus</span> <span class='ocrx_word' id='word_1_27' title='bbox 689 955 699 981; x_wconf 89' lang='lat'><em>:</em></span> <span class='ocrx_word' id='word_1_28' title='bbox 733 947 778 982; x_wconf 82' lang='lat' dir='ltr'>et</span> <span class='ocrx_word' id='word_1_29' title='bbox 798 935 1017 999; x_wconf 78' lang='lat' dir='ltr'>neglecta</span> <span class='ocrx_word' id='word_1_30' title='bbox 1037 937 1241 996; x_wconf 81' lang='lat' dir='ltr'>propriu</span> <span class='ocrx_word' id='word_1_31' title='bbox 1265 951 1354 980; x_wconf 78' lang='lat' dir='ltr'>suu</span> <span class='ocrx_word' id='word_1_32' title='bbox 1377 933 1459 978; x_wconf 76' lang='lat' dir='ltr'>cle-</span> 
     </span>
     <span class='ocr_line' id='line_1_7' title="bbox 112 1005 1456 1069; baseline -0.001 -17"><span class='ocrx_word' id='word_1_33' title='bbox 112 1008 369 1069; x_wconf 80' lang='lat' dir='ltr'>fensione,</span> <span class='ocrx_word' id='word_1_34' title='bbox 403 1006 610 1052; x_wconf 73' lang='lat' dir='ltr'>ostendit</span> <span class='ocrx_word' id='word_1_35' title='bbox 632 1006 932 1052; x_wconf 73' lang='lat' dir='ltr'>Petz&#39;lz&#39;cmum</span> <span class='ocrx_word' id='word_1_36' title='bbox 961 1007 1010 1057; x_wconf 59' lang='lat' dir='ltr'>in,</span> <span class='ocrx_word' id='word_1_37' title='bbox 1031 1022 1183 1051; x_wconf 80' lang='lat' dir='ltr'>causa</span> <span class='ocrx_word' id='word_1_38' title='bbox 1207 1005 1456 1069; x_wconf 75' lang='lat' dir='ltr'>dejecisse,</span> 
     </span>
     <span class='ocr_line' id='line_1_8' title="bbox 127 1076 1455 1141; baseline -0.001 -19"><span class='ocrx_word' id='word_1_39' title='bbox 127 1094 279 1137; x_wconf 84' lang='lat' dir='ltr'>neque</span> <span class='ocrx_word' id='word_1_40' title='bbox 292 1077 363 1124; x_wconf 83' lang='lat' dir='ltr'>ud</span> <span class='ocrx_word' id='word_1_41' title='bbox 380 1095 496 1135; x_wconf 79' lang='lat' dir='ltr'>rem,</span> <span class='ocrx_word' id='word_1_42' title='bbox 519 1077 578 1124; x_wconf 83' lang='lat' dir='ltr'>de</span> <span class='ocrx_word' id='word_1_43' title='bbox 598 1094 695 1138; x_wconf 84' lang='lat' dir='ltr'>qua</span> <span class='ocrx_word' id='word_1_44' title='bbox 717 1079 897 1141; x_wconf 75' lang='lat' dir='ltr'>agitur,</span> <span class='ocrx_word' id='word_1_45' title='bbox 922 1076 1210 1138; x_wconf 81' lang='lat' dir='ltr'>respondere</span> <span class='ocrx_word' id='word_1_46' title='bbox 1231 1076 1455 1123; x_wconf 73' lang='lat' dir='ltr'>valuisse.</span> 
     </span>
    </p>
   </div>
   <div class='ocr_carea' id='block_1_5' title="bbox 676 1285 846 1299">
    <p class='ocr_par' dir='ltr' id='par_1_5' title="bbox 676 1285 846 1299">
     <span class='ocr_line' id='line_1_9' title="bbox 676 1285 846 1299; baseline -0.006 -1"><span class='ocrx_word' id='word_1_47' title='bbox 676 1285 846 1299; x_wconf 34' lang='lat' dir='ltr'>*OQ—⁴</span> 
     </span>
    </p>
   </div>
   <div class='ocr_carea' id='block_1_6' title="bbox 6 1442 1471 2635">
    <p class='ocr_par' dir='ltr' id='par_1_6' title="bbox 6 1442 1471 2635">
     <span class='ocr_line' id='line_1_10' title="bbox 130 1442 1457 1505; baseline -0.003 -15"><span class='ocrx_word' id='word_1_48' title='bbox 130 1447 165 1490; x_wconf 91' lang='grc' dir='ltr'>Ι.</span> <span class='ocrx_word' id='word_1_49' title='bbox 188 1446 314 1499; x_wconf 66' lang='lat' dir='ltr'>Lacu,</span> <span class='ocrx_word' id='word_1_50' title='bbox 340 1443 549 1490; x_wconf 88' lang='lat' dir='ltr'>Petiliane</span> <span class='ocrx_word' id='word_1_51' title='bbox 569 1479 583 1500; x_wconf 93' lang='lat'>,</span> <span class='ocrx_word' id='word_1_52' title='bbox 614 1445 779 1490; x_wconf 85' lang='lat' dir='ltr'>litteras</span> <span class='ocrx_word' id='word_1_53' title='bbox 796 1454 917 1500; x_wconf 89' lang='lat' dir='ltr'>tuas,</span> <span class='ocrx_word' id='word_1_54' title='bbox 942 1444 1120 1505; x_wconf 85' lang='lat' dir='ltr'>quando</span> <span class='ocrx_word' id='word_1_55' title='bbox 1145 1443 1285 1502; x_wconf 84' lang='lat' dir='ltr'>legere</span> <span class='ocrx_word' id='word_1_56' title='bbox 1307 1442 1457 1501; x_wconf 89' lang='lat' dir='ltr'>potui,</span> 
     </span>
     <span class='ocr_line' id='line_1_11' title="bbox 69 1513 1460 1576; baseline -0.004 -14"><span class='ocrx_word' id='word_1_57' title='bbox 69 1516 230 1576; x_wconf 85' lang='lat' dir='ltr'>quibus</span> <span class='ocrx_word' id='word_1_58' title='bbox 263 1524 305 1560; x_wconf 89' lang='lat' dir='ltr'>te</span> <span class='ocrx_word' id='word_1_59' title='bbox 336 1517 437 1561; x_wconf 91' lang='lat' dir='ltr'>satis</span> <span class='ocrx_word' id='word_1_60' title='bbox 467 1515 668 1562; x_wconf 76' lang='lat' dir='ltr'>indicasti</span> <span class='ocrx_word' id='word_1_61' title='bbox 690 1516 894 1562; x_wconf 89' lang='lat' dir='ltr'>adversus</span> <span class='ocrx_word' id='word_1_62' title='bbox 917 1514 1176 1560; x_wconf 86' lang='lat' dir='ltr'>catholicam</span> <span class='ocrx_word' id='word_1_63' title='bbox 1202 1513 1460 1568; x_wconf 81' lang='lat' dir='ltr'>Ecclesiam,</span> 
     </span>
     <span class='ocr_line' id='line_1_12' title="bbox 69 1583 1461 1646; baseline -0.002 -16"><span class='ocrx_word' id='word_1_64' title='bbox 69 1601 149 1646; x_wconf 85' lang='lat' dir='ltr'>pro</span> <span class='ocrx_word' id='word_1_65' title='bbox 179 1595 300 1646; x_wconf 89' lang='lat' dir='ltr'>parte</span> <span class='ocrx_word' id='word_1_66' title='bbox 328 1587 504 1641; x_wconf 87' lang='lat' dir='ltr'>Donati,</span> <span class='ocrx_word' id='word_1_67' title='bbox 536 1603 617 1632; x_wconf 89' lang='lat' dir='ltr'>nec</span> <span class='ocrx_word' id='word_1_68' title='bbox 639 1585 803 1646; x_wconf 82' lang='lat' dir='ltr'>aliquid</span> <span class='ocrx_word' id='word_1_69' title='bbox 835 1586 1019 1632; x_wconf 89' lang='lat' dir='ltr'>valuisse</span> <span class='ocrx_word' id='word_1_70' title='bbox 1052 1584 1196 1630; x_wconf 83' lang='lat' dir='ltr'>dicere</span> <span class='ocrx_word' id='word_1_71' title='bbox 1226 1583 1461 1638; x_wconf 85' lang='lat' dir='ltr'>idoneum,</span> 
     </span>
     <span class='ocr_line' id='line_1_13' title="bbox 69 1657 1465 1716; baseline -0.001 -15"><span class='ocrx_word' id='word_1_72' title='bbox 69 1672 151 1701; x_wconf 87' lang='lat' dir='ltr'>nec</span> <span class='ocrx_word' id='word_1_73' title='bbox 170 1665 311 1701; x_wconf 87' lang='lat' dir='ltr'>tacere</span> <span class='ocrx_word' id='word_1_74' title='bbox 334 1657 606 1716; x_wconf 86' lang='lat' dir='ltr'>permissum.</span> <span class='ocrx_word' id='word_1_75' title='bbox 628 1659 747 1711; x_wconf 90' lang='lat' dir='ltr'>Quos</span> <span class='ocrx_word' id='word_1_76' title='bbox 769 1666 898 1701; x_wconf 85' lang='lat' dir='ltr'>aestus</span> <span class='ocrx_word' id='word_1_77' title='bbox 922 1672 1068 1715; x_wconf 88' lang='lat' dir='ltr'>passus</span> <span class='ocrx_word' id='word_1_78' title='bbox 1089 1672 1154 1711; x_wconf 88' lang='lat' dir='ltr'>es,</span> <span class='ocrx_word' id='word_1_79' title='bbox 1180 1664 1343 1715; x_wconf 89' lang='lat' dir='ltr'>quanta</span> <span class='ocrx_word' id='word_1_80' title='bbox 1366 1671 1465 1700; x_wconf 89' lang='lat' dir='ltr'>cor-</span> 
     </span>
     <span class='ocr_line' id='line_1_14' title="bbox 70 1725 1467 1787; baseline -0.002 -15"><span class='ocrx_word' id='word_1_81' title='bbox 70 1725 136 1772; x_wconf 88' lang='lat' dir='ltr'>dis</span> <span class='ocrx_word' id='word_1_82' title='bbox 162 1736 419 1787; x_wconf 84' lang='lat' dir='ltr'>tempestate</span> <span class='ocrx_word' id='word_1_83' title='bbox 453 1727 678 1772; x_wconf 87' lang='lat' dir='ltr'>fluctuasti</span> <span class='ocrx_word' id='word_1_84' title='bbox 700 1763 710 1782; x_wconf 88' lang='lat'>,</span> <span class='ocrx_word' id='word_1_85' title='bbox 748 1743 849 1772; x_wconf 88' lang='lat' dir='ltr'>cum</span> <span class='ocrx_word' id='word_1_86' title='bbox 877 1727 1049 1786; x_wconf 86' lang='lat' dir='ltr'>legisses</span> <span class='ocrx_word' id='word_1_87' title='bbox 1081 1743 1129 1772; x_wconf 92' lang='lat' dir='ltr'>ea</span> <span class='ocrx_word' id='word_1_88' title='bbox 1161 1727 1322 1787; x_wconf 85' lang='lat' dir='ltr'>quibus</span> <span class='ocrx_word' id='word_1_89' title='bbox 1354 1726 1467 1785; x_wconf 92' lang='lat' dir='ltr'>parti</span> 
     </span>
     <span class='ocr_line' id='line_1_15' title="bbox 70 1797 1466 1859; baseline -0.001 -17"><span class='ocrx_word' id='word_1_90' title='bbox 70 1797 265 1857; x_wconf 79' lang='lat' dir='ltr'>epistolae</span> <span class='ocrx_word' id='word_1_91' title='bbox 287 1807 398 1852; x_wconf 84' lang='lat' dir='ltr'>tuae,</span> <span class='ocrx_word' id='word_1_92' title='bbox 423 1814 523 1859; x_wconf 85' lang='lat' dir='ltr'>quae</span> <span class='ocrx_word' id='word_1_93' title='bbox 543 1799 589 1842; x_wconf 90' lang='lat' dir='ltr'>in</span> <span class='ocrx_word' id='word_1_94' title='bbox 610 1814 764 1843; x_wconf 89' lang='lat' dir='ltr'>manus</span> <span class='ocrx_word' id='word_1_95' title='bbox 792 1813 909 1843; x_wconf 86' lang='lat' dir='ltr'>meas</span> <span class='ocrx_word' id='word_1_96' title='bbox 931 1809 1037 1844; x_wconf 89' lang='lat' dir='ltr'>tunc</span> <span class='ocrx_word' id='word_1_97' title='bbox 1059 1808 1267 1852; x_wconf 83' lang='lat' dir='ltr'>venerat,</span> <span class='ocrx_word' id='word_1_98' title='bbox 1302 1806 1466 1857; x_wconf 84' lang='lat' dir='ltr'>quanta</span> 
     </span>
     <span class='ocr_line' id='line_1_16' title="bbox 12 1867 1466 1928; baseline -0.003 -14"><span class='ocrx_word' id='word_1_99' title='bbox 12 1892 14 1905; x_wconf 61' lang='grc' dir='ltr'><em>ν</em></span> <span class='ocrx_word' id='word_1_100' title='bbox 72 1869 196 1927; x_wconf 83' lang='lat' dir='ltr'>potui</span> <span class='ocrx_word' id='word_1_101' title='bbox 230 1868 442 1914; x_wconf 89' lang='lat' dir='ltr'>brevitate</span> <span class='ocrx_word' id='word_1_102' title='bbox 478 1885 526 1914; x_wconf 90' lang='lat' dir='ltr'>ac</span> <span class='ocrx_word' id='word_1_103' title='bbox 556 1869 867 1928; x_wconf 81' lang='lat' dir='ltr'>perspicuitate</span> <span class='ocrx_word' id='word_1_104' title='bbox 902 1869 1137 1928; x_wconf 79' lang='lat' dir='ltr'>respondi?</span> <span class='ocrx_word' id='word_1_105' title='bbox 1167 1868 1321 1912; x_wconf 88' lang='lat' dir='ltr'>Vidisti</span> <span class='ocrx_word' id='word_1_106' title='bbox 1351 1867 1466 1911; x_wconf 85' lang='lat' dir='ltr'>enim</span> 
     </span>
     <span class='ocr_line' id='line_1_17' title="bbox 12 1939 1467 1996; baseline -0.002 -13"><span class='ocrx_word' id='word_1_107' title='bbox 12 1967 14 1977; x_wconf 48' lang='grc' dir='ltr'>ι</span> <span class='ocrx_word' id='word_1_108' title='bbox 73 1946 193 1983; x_wconf 83' lang='lat' dir='ltr'>tanta</span> <span class='ocrx_word' id='word_1_109' title='bbox 222 1939 428 1984; x_wconf 83' lang='lat' dir='ltr'>firmitate</span> <span class='ocrx_word' id='word_1_110' title='bbox 456 1940 704 1984; x_wconf 85' lang='lat' dir='ltr'>roboratam</span> <span class='ocrx_word' id='word_1_111' title='bbox 722 1974 732 1994; x_wconf 92' lang='lat'><strong>‚</strong></span> <span class='ocrx_word' id='word_1_112' title='bbox 759 1948 879 1984; x_wconf 88' lang='lat' dir='ltr'>tanta</span> <span class='ocrx_word' id='word_1_113' title='bbox 900 1939 998 1984; x_wconf 91' lang='lat' dir='ltr'>luce</span> <span class='ocrx_word' id='word_1_114' title='bbox 1016 1939 1271 1983; x_wconf 84' lang='lat' dir='ltr'>illustratam</span> <span class='ocrx_word' id='word_1_115' title='bbox 1291 1973 1302 1992; x_wconf 86' lang='lat'>‚</span> <span class='ocrx_word' id='word_1_116' title='bbox 1335 1952 1467 1996; x_wconf 82' lang='lat' dir='ltr'>quam</span> 
     </span>
     <span class='ocr_line' id='line_1_18' title="bbox 71 2007 1469 2069; baseline -0.003 -15"><span class='ocrx_word' id='word_1_117' title='bbox 71 2016 271 2054; x_wconf 84' lang='lat' dir='ltr'>tenemus</span> <span class='ocrx_word' id='word_1_118' title='bbox 289 2019 333 2054; x_wconf 88' lang='lat' dir='ltr'>et</span> <span class='ocrx_word' id='word_1_119' title='bbox 353 2009 631 2054; x_wconf 87' lang='lat' dir='ltr'>defendimus</span> <span class='ocrx_word' id='word_1_120' title='bbox 656 2010 877 2054; x_wconf 84' lang='lat' dir='ltr'>veritatem</span> <span class='ocrx_word' id='word_1_121' title='bbox 895 2044 905 2062; x_wconf 90' lang='lat'>,</span> <span class='ocrx_word' id='word_1_122' title='bbox 932 2019 980 2053; x_wconf 89' lang='lat' dir='ltr'>ut</span> <span class='ocrx_word' id='word_1_123' title='bbox 1004 2008 1108 2069; x_wconf 87' lang='lat' dir='ltr'>quid</span> <span class='ocrx_word' id='word_1_124' title='bbox 1131 2018 1280 2053; x_wconf 87' lang='lat' dir='ltr'>contra</span> <span class='ocrx_word' id='word_1_125' title='bbox 1296 2022 1390 2051; x_wconf 87' lang='lat' dir='ltr'>eam</span> <span class='ocrx_word' id='word_1_126' title='bbox 1408 2007 1469 2050; x_wconf 89' lang='lat' dir='ltr'>di-</span> 
     </span>
     <span class='ocr_line' id='line_1_19' title="bbox 73 2077 1469 2140; baseline -0.001 -18"><span class='ocrx_word' id='word_1_127' title='bbox 73 2079 264 2123; x_wconf 88' lang='lat' dir='ltr'>cendum</span> <span class='ocrx_word' id='word_1_128' title='bbox 300 2090 440 2135; x_wconf 86' lang='lat' dir='ltr'>esset,</span> <span class='ocrx_word' id='word_1_129' title='bbox 478 2095 567 2140; x_wconf 84' lang='lat' dir='ltr'>quo</span> <span class='ocrx_word' id='word_1_130' title='bbox 596 2079 795 2123; x_wconf 84' lang='lat' dir='ltr'>convicta</span> <span class='ocrx_word' id='word_1_131' title='bbox 830 2078 1124 2132; x_wconf 86' lang='lat' dir='ltr'>refelleretur,</span> <span class='ocrx_word' id='word_1_132' title='bbox 1160 2077 1352 2121; x_wconf 86' lang='lat' dir='ltr'>invenire</span> <span class='ocrx_word' id='word_1_133' title='bbox 1380 2092 1469 2120; x_wconf 88' lang='lat' dir='ltr'>non</span> 
     </span>
     <span class='ocr_line' id='line_1_20' title="bbox 14 2148 1468 2212; baseline -0.001 -19"><span class='ocrx_word' id='word_1_134' title='bbox 14 2171 16 2177; x_wconf 39' lang='lat' dir='ltr'>r</span> <span class='ocrx_word' id='word_1_135' title='bbox 75 2164 233 2212; x_wconf 89' lang='lat' dir='ltr'>posses.</span> <span class='ocrx_word' id='word_1_136' title='bbox 265 2149 501 2194; x_wconf 84' lang='lat' dir='ltr'>Attendisti</span> <span class='ocrx_word' id='word_1_137' title='bbox 532 2149 688 2203; x_wconf 90' lang='lat' dir='ltr'>etiam,</span> <span class='ocrx_word' id='word_1_138' title='bbox 728 2148 967 2193; x_wconf 89' lang='lat' dir='ltr'>multorum</span> <span class='ocrx_word' id='word_1_139' title='bbox 990 2150 1066 2209; x_wconf 84' lang='lat' dir='ltr'>qui</span> <span class='ocrx_word' id='word_1_140' title='bbox 1085 2164 1134 2193; x_wconf 88' lang='lat' dir='ltr'>ea</span> <span class='ocrx_word' id='word_1_141' title='bbox 1155 2149 1374 2207; x_wconf 85' lang='lat' dir='ltr'>legerant,</span> <span class='ocrx_word' id='word_1_142' title='bbox 1400 2163 1468 2192; x_wconf 81' lang='lat' dir='ltr'>ex-</span> 
     </span>
     <span class='ocr_line' id='line_1_21' title="bbox 11 2217 1468 2280; baseline -0.002 -16"><span class='ocrx_word' id='word_1_143' title='bbox 11 2254 13 2258; x_wconf 31' lang='lat'><strong><em>⁴</em></strong></span> <span class='ocrx_word' id='word_1_144' title='bbox 70 2219 365 2280; x_wconf 81' lang='lat' dir='ltr'>pectationem</span> <span class='ocrx_word' id='word_1_145' title='bbox 385 2221 432 2264; x_wconf 90' lang='lat' dir='ltr'>in</span> <span class='ocrx_word' id='word_1_146' title='bbox 456 2230 497 2265; x_wconf 88' lang='lat' dir='ltr'>te</span> <span class='ocrx_word' id='word_1_147' title='bbox 520 2235 610 2265; x_wconf 88' lang='lat' dir='ltr'>esse</span> <span class='ocrx_word' id='word_1_148' title='bbox 636 2234 888 2264; x_wconf 86' lang='lat' dir='ltr'>conversam</span> <span class='ocrx_word' id='word_1_149' title='bbox 904 2255 914 2273; x_wconf 95' lang='lat'><strong>‚</strong></span> <span class='ocrx_word' id='word_1_150' title='bbox 945 2220 1052 2264; x_wconf 87' lang='lat' dir='ltr'>scire</span> <span class='ocrx_word' id='word_1_151' title='bbox 1071 2219 1340 2278; x_wconf 88' lang='lat' dir='ltr'>cupientium</span> <span class='ocrx_word' id='word_1_152' title='bbox 1361 2217 1468 2278; x_wconf 85' lang='lat' dir='ltr'>quid</span> 
     </span>
     <span class='ocr_line' id='line_1_22' title="bbox 76 2290 1471 2352; baseline -0.003 -16"><span class='ocrx_word' id='word_1_153' title='bbox 76 2290 239 2336; x_wconf 87' lang='lat' dir='ltr'>diceres</span> <span class='ocrx_word' id='word_1_154' title='bbox 259 2326 270 2346; x_wconf 94' lang='lat'>‚</span> <span class='ocrx_word' id='word_1_155' title='bbox 296 2291 405 2352; x_wconf 90' lang='lat' dir='ltr'>quid</span> <span class='ocrx_word' id='word_1_156' title='bbox 428 2307 592 2351; x_wconf 82' lang='lat' dir='ltr'>ageres,</span> <span class='ocrx_word' id='word_1_157' title='bbox 618 2307 702 2351; x_wconf 80' lang='lat' dir='ltr'>qua</span> <span class='ocrx_word' id='word_1_158' title='bbox 724 2290 927 2335; x_wconf 74' lang='lat' dir='ltr'>evaderes</span> <span class='ocrx_word' id='word_1_159' title='bbox 944 2327 955 2346; x_wconf 94' lang='lat'>,</span> <span class='ocrx_word' id='word_1_160' title='bbox 981 2307 1069 2352; x_wconf 85' lang='lat' dir='ltr'>quo</span> <span class='ocrx_word' id='word_1_161' title='bbox 1092 2308 1142 2335; x_wconf 84' lang='lat' dir='ltr'>ex</span> <span class='ocrx_word' id='word_1_162' title='bbox 1166 2292 1292 2335; x_wconf 84' lang='lat' dir='ltr'>tantis</span> <span class='ocrx_word' id='word_1_163' title='bbox 1312 2306 1471 2349; x_wconf 76' lang='lat' dir='ltr'>angus-</span> 
     </span>
     <span class='ocr_line' id='line_1_23' title="bbox 16 2361 1471 2423; baseline -0.001 -17"><span class='ocrx_word' id='word_1_164' title='bbox 16 2397 17 2402; x_wconf 25' lang='lat'><em>*</em></span> <span class='ocrx_word' id='word_1_165' title='bbox 77 2362 163 2418; x_wconf 82' lang='lat' dir='ltr'>tiis,</span> <span class='ocrx_word' id='word_1_166' title='bbox 185 2362 345 2423; x_wconf 89' lang='lat' dir='ltr'>quibus</span> <span class='ocrx_word' id='word_1_167' title='bbox 362 2373 402 2408; x_wconf 87' lang='lat' dir='ltr'>te</span> <span class='ocrx_word' id='word_1_168' title='bbox 423 2364 499 2408; x_wconf 89' lang='lat' dir='ltr'>Dei</span> <span class='ocrx_word' id='word_1_169' title='bbox 517 2364 699 2408; x_wconf 89' lang='lat' dir='ltr'>verbum</span> <span class='ocrx_word' id='word_1_170' title='bbox 721 2362 1083 2416; x_wconf 87' lang='lat' dir='ltr'>circumvallaret,</span> <span class='ocrx_word' id='word_1_171' title='bbox 1105 2377 1366 2421; x_wconf 77' lang='lat' dir='ltr'>erumperes.</span> <span class='ocrx_word' id='word_1_172' title='bbox 1391 2361 1471 2404; x_wconf 84' lang='lat' dir='ltr'>Hic</span> 
     </span>
     <span class='ocr_line' id='line_1_24' title="bbox 6 2433 1471 2492; baseline -0.002 -16"><span class='ocrx_word' id='word_1_173' title='bbox 6 2443 20 2475; x_wconf 75' lang='lat'>&#39;1</span> <span class='ocrx_word' id='word_1_174' title='bbox 69 2440 128 2489; x_wconf 79' lang='lat' dir='ltr'>¹tu</span> <span class='ocrx_word' id='word_1_175' title='bbox 145 2466 157 2486; x_wconf 94' lang='lat'>,</span> <span class='ocrx_word' id='word_1_176' title='bbox 180 2433 257 2491; x_wconf 87' lang='lat' dir='ltr'>qui</span> <span class='ocrx_word' id='word_1_177' title='bbox 279 2433 492 2477; x_wconf 88' lang='lat' dir='ltr'>debueras</span> <span class='ocrx_word' id='word_1_178' title='bbox 511 2467 522 2487; x_wconf 92' lang='lat'>,</span> <span class='ocrx_word' id='word_1_179' title='bbox 548 2441 798 2490; x_wconf 87' lang='lat' dir='ltr'>contempta</span> <span class='ocrx_word' id='word_1_180' title='bbox 821 2433 1026 2492; x_wconf 88' lang='lat' dir='ltr'>opinione</span> <span class='ocrx_word' id='word_1_181' title='bbox 1060 2447 1271 2476; x_wconf 87' lang='lat' dir='ltr'>vanorum</span> <span class='ocrx_word' id='word_1_182' title='bbox 1296 2446 1471 2490; x_wconf 80' lang='lat' dir='ltr'>pergere</span> 
     </span>
     <span class='ocr_line' id='line_1_25' title="bbox 9 2500 1471 2563; baseline -0.003 -14"><span class='ocrx_word' id='word_1_183' title='bbox 9 2516 17 2554; x_wconf 47' lang='grc' dir='ltr'><strong><em>ἦ</em></strong></span> <span class='ocrx_word' id='word_1_184' title='bbox 77 2503 126 2549; x_wconf 86' lang='lat' dir='ltr'>in</span> <span class='ocrx_word' id='word_1_185' title='bbox 154 2517 300 2547; x_wconf 86' lang='lat' dir='ltr'>veram</span> <span class='ocrx_word' id='word_1_186' title='bbox 326 2517 563 2563; x_wconf 87' lang='lat' dir='ltr'>sanamque</span> <span class='ocrx_word' id='word_1_187' title='bbox 591 2501 849 2547; x_wconf 85' lang='lat' dir='ltr'>sententiam</span> <span class='ocrx_word' id='word_1_188' title='bbox 871 2536 882 2558; x_wconf 91' lang='lat'>,</span> <span class='ocrx_word' id='word_1_189' title='bbox 922 2502 1061 2546; x_wconf 85' lang='lat' dir='ltr'>fecisti</span> <span class='ocrx_word' id='word_1_190' title='bbox 1083 2501 1203 2560; x_wconf 84' lang='lat' dir='ltr'>quod</span> <span class='ocrx_word' id='word_1_191' title='bbox 1234 2500 1288 2546; x_wconf 86' lang='lat' dir='ltr'>de</span> <span class='ocrx_word' id='word_1_192' title='bbox 1314 2501 1471 2546; x_wconf 84' lang='lat' dir='ltr'>talibus</span> 
     </span>
     <span class='ocr_line' id='line_1_26' title="bbox 9 2569 1470 2635; baseline -0.003 -13"><span class='ocrx_word' id='word_1_193' title='bbox 9 2596 19 2613; x_wconf 89' lang='lat'><strong>·</strong></span> <span class='ocrx_word' id='word_1_194' title='bbox 83 2571 304 2633; x_wconf 89' lang='lat' dir='ltr'>Scriptura</span> <span class='ocrx_word' id='word_1_195' title='bbox 326 2573 526 2635; x_wconf 82' lang='lat' dir='ltr'>praedixit</span> <span class='ocrx_word' id='word_1_196' title='bbox 549 2592 557 2619; x_wconf 87' lang='lat'>:</span> <span class='ocrx_word' id='word_1_197' title='bbox 587 2592 607 2617; x_wconf 91' lang='lat'>«</span> <span class='ocrx_word' id='word_1_198' title='bbox 632 2569 823 2618; x_wconf 86' lang='lat' dir='ltr'>Dilexisti</span> <span class='ocrx_word' id='word_1_199' title='bbox 842 2571 1049 2619; x_wconf 89' lang='lat' dir='ltr'>malitiam</span> <span class='ocrx_word' id='word_1_200' title='bbox 1072 2587 1201 2633; x_wconf 87' lang='lat' dir='ltr'>super</span> <span class='ocrx_word' id='word_1_201' title='bbox 1223 2571 1470 2633; x_wconf 87' lang='lat' dir='ltr'>benignita-</span> 
     </span>
    </p>
   </div>
   <div class='ocr_carea' id='block_1_7' title="bbox 0 0 40 3264">
    <p class='ocr_par' dir='ltr' id='par_1_7' title="bbox 0 0 40 3264">
     <span class='ocr_line' id='line_1_27' title="bbox 0 0 40 3264; baseline 0 0"><span class='ocrx_word' id='word_1_202' title='bbox 0 0 36 2536; x_wconf 95' lang='lat' dir='ltr'>  </span> <span class='ocrx_word' id='word_1_203' title='bbox 20 2668 40 3264; x_wconf 95' lang='lat' dir='ltr'> </span> 
     </span>
    </p>
   </div>
  </div>
 </body>
</html>
