1825 3264
368 226 420 263 '138
807 229 839 256 S.
878 230 1105 258 AUGUSTINI
1142 230 1318 256 EPISCOPI

368 303 445 344 ista
460 307 603 342 nostra
624 312 712 340 non
733 304 878 350 erunt,
898 295 1000 355 quia
1018 310 1092 339 vos
1110 310 1158 338 ea
1174 309 1478 354 praeoccupare
1499 293 1752 339 conamini?

371 374 548 413 Prorsus
581 368 676 410 haec
706 365 848 426 jacula
876 365 972 409 viva
1006 373 1139 410 sunt:
1165 364 1475 424 undecumque
1506 365 1749 424 jactentur,

370 447 665 497 agnoscuntur
685 452 794 497 quos
817 437 1047 495 perimant.
1080 436 1122 480 Si
1145 451 1166 478 a
1195 435 1320 479 nobis
1353 435 1481 479 missa
1503 432 1683 489 fuerint,
1707 435 1753 479 in

370 509 491 554 vobis
509 508 740 552 haerebunt
756 527 764 552 ;
780 508 812 551 si
829 523 852 551 a
866 507 987 551 vobis
1001 507 1254 559 mittuntur,
1274 506 1319 549 in
1335 521 1409 549 vos
1425 513 1749 566 retorquentur.

371 581 446 625 His
458 580 572 624 enim
591 594 669 623 nos
688 577 944 637 Apostolicis
955 578 1114 631 verbis,
1128 576 1539 621 commendantibus
1560 577 1755 621 eminen-

369 653 473 696 tiam
498 651 741 705 charitatis,
776 650 898 694 vobis
931 649 1118 694 solemus
1148 649 1398 699 ostendere,
1423 648 1645 707 quomodo
1666 662 1756 692 non

369 723 503 782 prosit
539 722 810 776 hominibus,
833 721 1028 780 quamvis
1050 721 1096 764 in
1122 721 1181 764 eis
1204 720 1289 764 sint
1312 720 1379 763 vel
1399 728 1667 764 sacramenta
1686 717 1756 762 vel

370 792 477 837 fides
492 827 503 847 ‚
530 792 606 836 ubi
629 793 815 836 charitas
838 807 925 836 non
946 801 1035 847 est,
1061 800 1110 834 ut
1132 807 1230 836 curn
1257 791 1310 835 ad
1332 791 1543 834 unitatem
1570 787 1756 834 catholi-

370 880 464 910 cam
478 865 648 919 venitis‚
665 864 912 922 intelligatis
930 863 1038 923 quid
1055 862 1177 907 vobis
1195 861 1463 916 conferatur,
1485 870 1528 905 et
1541 869 1757 920 quantum

370 935 424 980 sit
467 935 589 996 quod
632 935 775 978 minus
820 933 1045 977 habebatis
1086 953 1094 978 :
1135 933 1320 977 charitas
1366 931 1480 975 enim
1524 930 1757 975 christiana

370 1006 452 1049 nisi
481 1006 527 1048 in
554 1005 720 1049 unitate
743 1002 948 1048 Ecclesiae
977 1019 1064 1047 non
1100 1013 1241 1062 potest
1276 1002 1486 1047 custodiri
1514 1021 1522 1046 ε
1553 1010 1686 1060 atque
1699 1001 1759 1044 ita

370 1076 549 1120 videatis
572 1075 663 1119 sine
685 1074 756 1118 illa
787 1074 895 1118 nihil
921 1089 996 1118 vos
1027 1089 1141 1128 esse,
1167 1074 1245 1117 etsi
1271 1073 1535 1131 baptismum
1557 1080 1601 1115 et
1627 1070 1758 1115 fidem

370 1146 579 1199 teneatis,
616 1154 658 1188 et
695 1159 770 1202 per
800 1143 918 1186 illam
949 1144 1077 1187 etiam
1112 1152 1281 1187 montes
1306 1143 1537 1187 transferre
1570 1141 1755 1200 possitis.

370 1214 500 1267 Quod
521 1215 555 1257 si
575 1215 667 1258 haec
690 1223 732 1256 et
753 1222 892 1258 vestra
920 1214 1131 1257 sententia
1155 1223 1233 1267 est,
1254 1229 1343 1257 non
1363 1216 1406 1256 in
1427 1213 1547 1257 vobis
1568 1212 1759 1256 deteste-

370 1299 468 1327 mur
491 1294 534 1328 et
551 1285 827 1328 exsufflemus
848 1283 915 1327 vel
943 1285 1018 1328 Dei
1040 1294 1306 1328 sacramenta
1333 1299 1430 1343 quae
1449 1284 1665 1337 novimus,
1692 1282 1760 1328 vel

371 1354 506 1412 ipsam
528 1353 659 1397 fidem
680 1375 690 1410 3
715 1353 789 1397 sed
811 1363 1035 1398 teneamus
1058 1355 1313 1398 charitatem
1332 1389 1342 1409 ,
1369 1355 1459 1398 sine
1481 1370 1567 1413 qua
1598 1363 1758 1398 etcum

371 1425 649 1468 sacramentis
662 1434 816 1468 etcum
834 1425 919 1468 fide
936 1424 1042 1468 nihil
1056 1441 1217 1469 sumus.
1235 1428 1449 1469 Tenemus
1462 1434 1606 1469 autem
1622 1426 1758 1469 chari-

374 1503 520 1549 tatem,
535 1495 569 1538 si
588 1494 888 1553 amplectimur
906 1496 1119 1539 unitatem
1137 1515 1145 1540 :
1164 1497 1467 1555 amplectimur
1488 1505 1634 1540 autem
1659 1497 1758 1540 uni-

372 1573 520 1618 tatem,
547 1565 580 1608 si
607 1580 700 1608 eam
722 1581 810 1609 non
832 1581 905 1624 per
925 1567 1055 1610 verba
1074 1575 1219 1610 nostra
1238 1567 1282 1610 in
1305 1576 1426 1626 parte
1447 1567 1754 1626 confingimus,

373 1633 448 1678 sed
469 1649 544 1692 per
560 1635 692 1678 verba
717 1635 875 1679 Christi
894 1637 1060 1680 unitate
1078 1637 1393 1695 cognoscimus.

429 1706 670 1748 CLXXIII.
692 1708 951 1751 Pmmnus
969 1706 1078 1750 dixit
1095 1726 1104 1751 :
1124 1727 1143 1748 «
1160 1710 1216 1751 Et
1232 1709 1405 1762 iterum,
1428 1708 1625 1754 Charitas
1641 1708 1758 1751 enim

372 1775 648 1832 magnanima
671 1784 732 1819 est
758 1785 800 1820 et
822 1777 1027 1835 benigna,
1052 1778 1236 1822 charitas
1257 1794 1346 1822 non
1363 1778 1596 1823 aemulatur
1615 1782 1646 1833 ¹,
1668 1793 1757 1823 non

374 1845 461 1902 agit
478 1860 718 1904 perperam,
741 1862 829 1891 non
842 1847 1036 1902 inflatur,
1055 1864 1143 1892 non
1161 1858 1225 1892 est
1242 1849 1483 1904 ambitiosa,
1501 1865 1590 1894 non
1603 1849 1759 1910 quaerit

372 1930 472 1972 quae
493 1930 568 1958 sua
600 1925 716 1960 sunt.
751 1918 835 1960 Vos
865 1926 1010 1961 autem
1033 1919 1226 1978 quaeritis
1247 1918 1401 1963 aliena.
1427 1922 1524 1964 Non
1545 1920 1757 1974 irritatur,

373 2000 461 2029 non
483 1986 646 2044 cogitat
663 1986 843 2042 malum,
862 2003 950 2039 non
968 1988 1128 2046 gaudet
1148 2005 1278 2048 super
1294 1990 1542 2049 iniquitate,
1568 2005 1760 2049 congau-

372 2057 446 2099 det
466 2066 611 2100 autem
628 2058 792 2102 veritati
812 2077 820 2103 :
837 2059 981 2104 omnia
999 2060 1168 2116 tolerat,
1190 2062 1335 2106 omnia
1352 2062 1556 2107 sustinet:
1576 2062 1760 2106 charitas

373 2140 600 2184 nunquam
619 2127 800 2171 excidat.
828 2131 921 2173 Hoc
941 2138 1004 2173 est
1019 2129 1208 2174 breviter
1221 2130 1364 2175 dicere
1382 2151 1390 2175 ;
1414 2134 1510 2176 Non
1533 2133 1758 2192 persequi-

374 2204 444 2237 tur
466 2195 667 2250 charitas,
694 2212 782 2240 non
809 2198 1036 2242 adversum
1070 2209 1246 2243 caeteras
1275 2201 1438 2245 animas
1472 2204 1759 2260 Imperatores

372 2264 628 2319 inflammat,
665 2281 753 2309 non
782 2266 919 2311 aliena
954 2268 1119 2327 diripit,
1139 2284 1228 2314 non
1263 2270 1394 2313 etiam
1431 2271 1628 2316 homines
1650 2287 1759 2332 quos

372 2332 563 2392 spoliarit
585 2334 755 2379 occidit.
793 2354 811 2376 »

433 2404 670 2448 CLXXIV.
710 2408 984 2450 Aucusnnus
1003 2407 1249 2466 respondit:
1280 2410 1454 2461 Quoties
1469 2411 1549 2455 tibi
1564 2411 1760 2456 dicturus

382 2487 494 2527 sum,
512 2474 605 2518 haec
619 2475 654 2518 si
669 2491 757 2521 non
771 2477 978 2535 probatis,
999 2477 1054 2523 ad
1067 2479 1284 2525 neminem
1303 2481 1524 2540 pertinent
1543 2500 1552 2527 ε
1569 2482 1603 2526 si
1615 2491 1759 2527 autem

427 2552 433 2567 ¹
463 2556 474 2576 1
497 2546 569 2577 Cor.
589 2557 643 2587 xv,
667 2548 699 2588 4.
