1825 3264
113 374 896 393 mmmmmwvkummswsmxmm
902 377 1502 395 ΝΊΜΙΝΝἋΝΜὮΜΜΊΝἏἜΜΜῚ

426 572 1189 639 ANNOTATIONES.

520 1040 778 1080 ΑΝΝοΤΑΤιο
799 1037 864 1094 (1)
885 1050 984 1096 pag.
1012 1041 1110 1080 265.

169 1195 221 1237 In
242 1194 336 1238 MS.
379 1193 532 1252 Tyria
550 1229 565 1249 ,
584 1193 668 1238 hoc
691 1202 864 1238 tantum
885 1193 999 1239 loco.
1028 1197 1164 1240 Porro
1181 1195 1399 1253 Carthago
1421 1198 1509 1253 Ty-

113 1256 281 1309 riorum
303 1263 474 1308 colonia
508 1262 619 1319 fuit,
644 1272 694 1308 ut
719 1266 856 1321 Tyrus
886 1264 1179 1309 Sidoniorum.
1207 1264 1333 1310 Unde
1355 1265 1506 1324 Virgil.

113 1334 192 1387 lib,
222 1343 262 1378 1.
289 1333 464 1377 AEneid.
506 1331 632 1379 Urbs
654 1334 979 1396 antiquasicc'c
997 1371 1012 1390 ,
1038 1333 1184 1395 ‘Tyrii
1213 1344 1403 1380 tenuere
1431 1351 1511 1380 co-

116 1403 229 1460 lom',
261 1402 528 1466 Carthago.
546 1407 602 1448 Et
624 1405 679 1448 ab
697 1403 851 1448 eodem
873 1405 1093 1464 Carthago
1118 1406 1248 1463 Tyria
1266 1415 1310 1450 et
1331 1406 1512 1451 Cartha-

115 1475 314 1534 ginenses
351 1475 469 1532 Tyrii
499 1484 727 1520 vocantur.
761 1476 878 1528 Quin
909 1485 953 1520 et
985 1475 1030 1520 in
1060 1477 1172 1521 Isa'l'a
1201 1491 1295 1536 cap.
1333 1482 1403 1520 23.
1433 1477 1510 1521 ubi

114 1547 216 1604 Tyri
234 1547 398 1591 eversio
427 1547 701 1606 praedicitur,
730 1548 1011 1606 Septuaginta
1034 1556 1284 1603 verterunt,
1314 1547 1511 1593 Ululccte

114 1632 260 1660 naves
274 1615 605 1679 Carthaginis.
623 1618 786 1662 Confer
799 1620 1008 1677 Optatum
1028 1617 1142 1663 libro
1161 1628 1313 1663 contra
1337 1622 1511 1662 Parme-

112 1688 292 1731 nianum
308 1688 453 1743 tertio,
467 1688 543 1748 qui
558 1687 796 1732 Ezechielis
814 1689 1088 1747 prophetiam
1113 1689 1311 1733 similiter
1334 1698 1510 1751 torquet

116 1759 160 1801 in
188 1758 449 1814 Donatistas,
475 1767 518 1803 et
540 1759 779 1818 principem
805 1759 907 1816 Tyri
926 1761 1145 1804 Donatum
1167 1759 1384 1817 intelligit.

506 1920 763 1961 ΑΝΝοΤΑΤῐο
785 1918 846 1971 (2)
868 1930 965 1974 pag.
1003 1919 1102 1960 405.

171 2076 300 2119 Gesta
323 2075 416 2119 haee
436 2074 642 2120 Cirtensis
666 2074 837 2118 concilii
860 2075 904 2118 in
925 2073 1161 2133 exemplari
1187 2073 1308 2134 quod
1323 2076 1509 2120 Cartha-

115 2145 302 2205 ginensis
329 2144 585 2190 Collationis
618 2154 812 2204 tompore
839 2142 1090 2202 diligentius
1118 2144 1363 2203 inspectum
1389 2144 1473 2190 fuit
1493 2181 1505 2201 ‚

115 2215 369 2274 consignata
407 2225 531 2259 erant
571 2231 690 2260 anno
730 2224 839 2274 post
878 2212 1175 2258 consulatum
1216 2214 1513 2259 Diocletiani

115 2287 274 2331 novies
303 2295 349 2329 et
376 2285 680 2330 Man-e'nn'cma·
700 2285 868 2340 octies,
896 2282 1034 2328 tertio
1068 2283 1244 2329 „Nonas
1276 2285 1506 2341 ‚‹lla1·c1'as,

114 2358 160 2402 id
186 2365 279 2411 est,
305 2372 421 2401 anno
438 2357 600 2402 Christi
626 2362 709 2399 305
729 2392 740 2410 ‚
762 2365 811 2400 ut
838 2365 1018 2400 testatur
1038 2356 1306 2415 Augustinus
1328 2355 1439 2400 infra
1464 2357 1508 2401 in

114 2427 340 2473 Breviculo
368 2427 624 2473 Collationis
645 2462 656 2482 ‚
683 2427 754 2470 die
786 2445 835 2470 111
855 2461 865 2480 ‚
896 2441 991 2485 cap.
1026 2432 1095 2469 17.
1131 2427 1263 2485 Apud
1298 2428 1508 2485 Optatum

115 2498 193 2541 lib.
222 2516 253 2552 1,
278 2506 428 2543 contra
453 2500 791 2542 Parmenianum
821 2495 935 2540 idem
957 2496 1163 2540 Cirtensis
1185 2495 1404 2540 confessus
1426 2511 1509 2540 no-

119 2577 232 2612 tatur
252 2568 427 2612 habitus
446 2577 556 2626 post
567 2567 962 2627 persecutionem,
983 2564 1059 2609 die
1082 2584 1129 2609 111
1146 2564 1323 2610 Iduum
1336 2566 1507 2610 illaia-

122 2653 238 2682 rum.
260 2639 341 2685 Ubi
355 2639 749 2696 persecutionem,
777 2652 866 2682 non
884 2636 1105 2690 Maxentii,
1123 2637 1188 2681 uti
1209 2636 1507 2696 Albaspinaeus
