1825 3264
373 240 455 279 104
801 244 834 274 s.
871 243 1102 274 mensum
1134 245 1315 275 muscum

369 315 569 377 praebetis
590 313 769 357 alteram
790 311 1008 356 maxillam
1030 313 1048 355 Ρ
1080 313 1178 357 Non
1212 313 1337 355 istam
1359 310 1481 355 vobis
1510 309 1670 355 famam
1689 310 1756 355 fu-

369 390 476 433 riosa
495 395 632 431 vestra
659 385 830 444 agmina
856 399 931 443 per
954 393 1090 429 totam
1113 382 1304 428 Africam
1328 398 1429 428 cum
1454 381 1637 427 terribili
1657 391 1752 426 tur-

368 458 566 519 pitudine
587 457 743 516 passim
764 457 962 515 vagantia
987 462 1310 514 compararunt.
1338 455 1511 499 Utinam
1530 453 1756 499 vobiscum

366 529 687 590 paciscerentur
710 526 923 582 homines,
949 535 998 570 ut
1020 525 1171 570 saltem
1197 524 1440 569 secundum
1462 533 1654 569 veterem
1670 527 1756 569 Le-

368 616 483 660 gem,
517 597 695 643 oculum
728 613 807 658 pro
837 596 980 652 oculo,
1006 597 1183 641 dentem
1206 612 1286 656 pro
1309 596 1442 640 dente
1465 596 1666 656 peteretis
1694 598 1706 622 ¹
1742 617 1755 654 3

368 686 458 716 non
480 685 559 729 pro
580 667 736 714 auditis
761 667 904 713 verbis
920 666 1056 712 fustes
1079 667 1311 725 erigeretis.

427 743 561 787 CCII.
604 743 865 784 Pmmm1rs
888 739 993 783 dixit
1023 757 1031 783 :
1061 756 1080 780 »
1115 737 1228 792 Quid
1251 747 1398 783 autem
1418 737 1544 783 vobis
1565 746 1629 782 est
1656 752 1758 782 cum

367 814 542 872 regibus
574 811 738 867 saeculi,
763 826 873 871 quos
901 825 1128 870 nunquam
1154 810 1454 855 Christianitas
1473 809 1555 854 nisi
1587 809 1757 854 invidos

368 885 530 930 sensit?
544 882 674 936 Quod
689 891 739 926 ut
761 882 948 926 breviter
969 881 1167 938 doceam,
1192 881 1491 926 Macchabaeos
1513 879 1670 926 fratres
1685 895 1758 925 rex

368 963 618 1015 persecutus
636 957 743 998 est‘2.
760 956 851 997 Rex
869 968 1046 1013 quoque
1068 962 1153 997 tres
1178 954 1378 1012 pueros³‚
1406 967 1505 997 cum
1526 952 1618 1012 ipse
1632 953 1760 997 sacri·

371 1025 493 1083 legus
517 1033 641 1079 esset,
667 1025 851 1068 flammis
874 1023 1042 1067 nescius
1065 1023 1274 1082 religiosis
1296 1022 1473 1068 addixit.
1493 1026 1587 1067 Rex
1604 1023 1762 1083 quaesi-

372 1097 433 1138 vit
456 1096 643 1138 animam
664 1095 786 1153 pueri
818 1093 1047 1138 Salvatoris
1062 1094 1093 1136 ⁴.
1120 1096 1211 1137 Rex
1228 1094 1515 1152 justissimum
1538 1093 1761 1138 Danielem

368 1164 514 1208 ferinis
532 1163 762 1218 morsibus,
793 1172 842 1207 ut
871 1163 1079 1223 putabat,
1105 1163 1266 1223 objecit
1287 1166 1317 1206 ⁵.
1346 1166 1583 1224 Ipsumque
1610 1164 1762 1208 Domi·

368 1250 474 1279 num
495 1235 715 1280 Christum
735 1233 871 1294 judex
888 1234 1178 1293 nequissimus
1201 1234 1311 1294 regis
1337 1234 1497 1279 occidit
1512 1236 1544 1278 ⁶.
1572 1234 1682 1278 Inde
1699 1244 1762 1280 est

368 1307 487 1366 quod
496 1306 728 1365 Apostolus
741 1305 898 1350 clamat
915 1324 951 1349 :«
969 1307 1229 1365 Sapientiam
1239 1305 1461 1365 loquimur
1475 1305 1763 1366 interpersec·

372 1394 392 1417 »
430 1386 512 1428 ῖοε,
525 1375 779 1434 sapientiam
790 1390 880 1419 non
895 1376 1024 1435 hujus
1037 1375 1201 1430 saeculi,
1218 1392 1361 1437 neque
1374 1378 1621 1437 principum
1633 1379 1763 1437 hujus

377 1465 396 1487 »
436 1445 591 1489 mundi
605 1461 704 1506 quae
720 1455 958 1491 evacuatur
978 1467 988 1504 3
1006 1445 1081 1491 sed
1102 1446 1326 1507 loquimur
1347 1449 1425 1493 Dei
1444 1449 1698 1508 sapientiam
1718 1447 1794 1493 in*

372 1534 392 1557 »
428 1525 713 1571 sacramento,
734 1533 832 1576 quae
852 1515 933 1561 fuit
957 1518 1230 1574 abscondita,
1251 1534 1383 1579 quam
1407 1519 1632 1564 constituit
1650 1523 1763 1564 Deus

372 1606 392 1628 »
429 1596 528 1631 ante
543 1586 699 1632 saecula
716 1588 761 1631 in
779 1588 955 1646 gloriam
981 1599 1198 1645 nostram,
1215 1606 1347 1649 quam
1365 1606 1494 1636 nemo
1518 1591 1764 1651 principum

371 1676 392 1698 »
428 1658 558 1715 hujus
570 1658 717 1702 saeculi
732 1660 952 1717 cognovit.
977 1660 1150 1704 Sienim
1163 1661 1484 1719 cognovissent,
1507 1677 1598 1706 non
1609 1661 1764 1721 utique

373 1746 392 1768 »
430 1729 666 1771 Dominum
697 1730 928 1789 majestatis
951 1720 1312 1775 crucifixissent&
1344 1751 1363 1773 »
1393 1731 1477 1777 Sed
1500 1730 1555 1776 de
1572 1731 1763 1791 pristinis

369 1798 544 1856 regibus
567 1800 745 1857 paganis
769 1800 851 1843 hoc
876 1799 1041 1844 dictum
1065 1801 1132 1845 sit.
1165 1803 1252 1845 Vos
1275 1810 1438 1857 autern,
1464 1803 1594 1861 hujus
1616 1801 1765 1846 saeculi

370 1868 667 1926 imperatores,
689 1870 788 1928 quia
808 1870 1040 1914 Christiani
1057 1885 1146 1914 esse
1168 1870 1445 1927 desiderant,
1471 1887 1560 1917 non
1585 1873 1764 1932 permit-

370 1938 457 1981 titis
482 1953 570 1982 esse
593 1939 872 1995 Christianos,
898 1955 998 1984 cum
1022 1939 1124 1985 fuco
1146 1950 1189 1985 et
1212 1942 1374 1986 nebula
1396 1943 1527 1987 vestri
1547 1943 1763 1987 mendacii

370 2009 543 2052 eosdem
574 2010 688 2054 bona
728 2020 874 2054 mente
899 2010 1141 2066 credentes,
1178 2013 1234 2056 ad
1266 2014 1540 2072 iniquitatem
1576 2023 1762 2058 vestram

372 2093 546 2135 prorsus
575 2078 805 2134 adducitiS,
831 2089 881 2124 ut
904 2082 1032 2124 armis
1060 2082 1146 2125 suis
1168 2092 1320 2128 contra
1340 2084 1484 2128 hostes
1509 2083 1763 2144 reipublicae

368 2148 618 2205 praeparatis
640 2149 685 2191 in
707 2149 976 2194 Christianos
996 2151 1241 2207 incurrant,
1269 2162 1514 2213 putentque
1535 2169 1579 2198 se
1596 2154 1762 2198 suasio-

369 2216 497 2260 nibus
517 2218 668 2261 vestris
692 2221 781 2263 Deo
799 2220 992 2264 officium
1010 2220 1169 2277 facere,
1191 2223 1225 2266 si
1243 2238 1320 2267 nos
1341 2239 1450 2283 quos
1476 2224 1624 2269 odistis
1645 2225 1762 2269 occi-

368 2286 489 2341 dant,
511 2288 681 2331 dicente
705 2292 891 2334 Domino
908 2291 1081 2335 Christo
1106 2311 1113 2336 :
1144 2312 1164 2334 ι(
1186 2293 1368 2348 Veniet,
1393 2294 1562 2354 inquit,
1591 2304 1762 2354 tempus

372 2376 390 2397 »
433 2367 482 2402 ut
504 2359 581 2417 qui
611 2374 686 2403 vos
708 2359 930 2416 occiderit,
965 2370 1090 2420 putet
1113 2378 1157 2406 se
1195 2366 1284 2407 Deo
1307 2364 1503 2409 osticium
1526 2364 1707 2410 faceress.
1737 2384 1757 2407 »

368 2427 484 2471 Nihil
505 2428 637 2486 igitur
666 2430 843 2475 interest
864 2432 988 2476 vobis
1017 2432 1128 2476 male
1155 2432 1435 2491 docentibus,
1472 2445 1620 2480 utrum
1642 2451 1761 2494 reges

417 2533 425 2548 ¹
450 2529 542 2558 Dent.
571 2539 614 2569 ix,
643 2538 696 2561 21.
714 2548 755 2553 —
772 2538 784 2553 ²
810 2532 918 2564 Mach.
938 2541 990 2565 vn.
1009 2551 1050 2557 —
1067 2534 1080 2555 3
1108 2538 1188 2568 Dan.
1207 2546 1263 2573 ιιι,
1296 2545 1348 2569 20.
1364 2555 1405 2560 —
1420 2536 1435 2562 6
1459 2537 1581 2569 Matth.
1603 2548 1627 2579 ι,
1650 2537 1701 2570 16.
1715 2555 1759 2562 v—

372 2579 385 2602 5
404 2584 479 2613 Dan.
501 2595 545 2620 vn,
569 2584 617 2615 16.
638 2602 678 2609 -
694 2586 707 2603 ’ἶ
731 2588 844 2619 Matth.
874 2600 972 2626 xxvii,
993 2590 1045 2622 26.
1064 2598 1133 2623 -7
1158 2603 1168 2623 1
1190 2594 1261 2624 Cor.
1284 2603 1318 2629 n,
1337 2592 1369 2624 6.
1391 2610 1431 2616 —
1449 2590 1659 2627 8.10an.xv1,
1680 2602 1710 2624 2.
