1825 3264
354 279 517 312 com-M
548 279 751 311 urruns
781 281 1016 323 rra-rtrum,
1051 285 1134 312 mn.
1171 285 1236 312 111.
1406 271 1489 312 187

109 368 132 393 »
155 348 280 411 quid,
294 364 439 410 neque
460 348 537 409 qui
558 349 683 408 rigat,
707 348 782 392 sed
799 348 874 408 qui
896 351 1211 394 incrementum
1226 349 1301 394 dat
1315 351 1454 395 Deus?
1470 367 1490 391 n

106 422 194 466 Nec
213 419 334 464 radix
352 434 501 465 eorum
525 428 615 462 erat
637 418 750 478 ipse,
775 417 850 462 sed
870 416 945 462 ille
966 421 1134 478 portius
1151 421 1228 480 qui
1245 421 1302 465 ait
1329 440 1337 466 :
1358 439 1378 463 «
1402 424 1493 479 Ego

111 510 130 532 ι
155 505 250 534 sum
275 491 389 546 vitis,
425 505 501 535 vos
530 490 629 534 estis
657 497 873 533 sarmenta
897 491 928 532 ¹.
957 507 977 530 »
1012 491 1154 549 Caput
1183 492 1311 535 etiam
1343 506 1492 536 eorum

104 560 329 621 quomodo
351 577 440 605 esse
456 569 651 620 poterat,
671 573 770 603 cum
788 559 905 603 dicat
924 594 937 613 ,
959 574 1036 603 nos
1060 560 1219 605 multos
1243 577 1378 604 unum
1403 577 1493 605 esse

105 647 261 692 corpus
278 632 323 676 in
336 632 524 687 Christo,
543 632 774 690 ipsumque
793 630 1014 674 Christum
1038 641 1169 690 caput
1191 646 1280 675 esse
1301 633 1492 676 universi

103 703 313 762 corporis,
339 701 535 762 pluribus
558 701 661 746 locis
684 700 948 759 apertissime
971 701 1202 761 praedicet?
1221 706 1493 762 Quapropter

103 774 191 818 sive
211 789 234 818 a
252 773 367 818 fideli
386 775 473 818 sive
491 789 513 817 a
537 772 704 832 perfido
727 772 1023 831 dispensatore
1047 783 1363 817 sacramentum
1389 774 1492 833 bap-

103 843 218 889 tismi
254 845 437 905 quisque
461 844 685 903 percipiat,
715 858 809 903 spes
839 844 876 887 ei
906 845 1044 888 omnis
1066 846 1110 887 in
1136 845 1308 889 Christo
1336 846 1404 899 sit,
1438 860 1493 888 ne

102 915 155 960 sit
180 914 434 959 maledictus
454 915 528 975 qui
547 930 664 974 spem
684 930 802 958 suam
826 915 949 975 ponit
968 915 1013 958 in
1032 916 1223 959 homine.
1263 935 1282 956 »

164 989 260 1030 LIl.
284 989 387 1030 Haec
409 1002 490 1046 ego
511 987 556 1030 in
575 986 767 1046 Epistola
786 988 946 1045 priore,
968 1003 1067 1031 eum
1090 987 1301 1031 Petiliano
1321 1002 1492 1047 respon-

104 1055 282 1112 derem,
322 1066 431 1116 puto
462 1058 563 1116 quia
604 1065 646 1100 et
674 1057 865 1102 dilucide
895 1067 938 1102 et
972 1059 1182 1102 veraciter
1210 1059 1349 1118 posui.
1390 1061 1491 1102 Haec

103 1127 232 1171 etiam
263 1142 380 1171 nunc
408 1129 772 1182 commemoravi,
813 1127 921 1171 illud
953 1128 1176 1173 insinuans
1210 1138 1340 1188 atque
1372 1143 1492 1172 com-

104 1197 316 1243 mendans
331 1234 341 1253 ,
382 1207 431 1243 ut
468 1199 646 1243 omnino
688 1213 782 1258 spes
815 1208 960 1243 nostra
1003 1214 1091 1243 non
1128 1200 1179 1244 sit
1215 1200 1259 1243 in
1293 1200 1486 1254 homine,

103 1271 333 1329 Deumque
361 1269 582 1315 Christum
615 1270 949 1325 mundatorem,
986 1270 1314 1329 justificatorem
1344 1271 1490 1315 homi-

105 1355 211 1384 num
229 1355 320 1385 esse
334 1340 560 1385 credamus
575 1375 586 1396 ,
611 1341 882 1385 credentium
906 1342 951 1384 in
969 1355 1068 1384 enm
1091 1341 1168 1401 qui
1184 1342 1391 1401 justificat
1409 1342 1491 1385 im—

101 1410 239 1471 pium,
273 1420 322 1455 ut
355 1410 592 1471 deputetur
621 1412 726 1456 fides
763 1426 913 1456 eorum
948 1411 1000 1455 ad
1035 1412 1264 1472 justitiam,
1298 1413 1386 1456 sive
1421 1411 1492 1456 ille

100 1480 235 1526 homo
262 1481 316 1526 sit
342 1491 515 1526 sanctus
548 1482 624 1542 qui
654 1481 868 1526 ministrat
900 1482 1180 1541 baptismum,
1215 1483 1303 1526 sive
1333 1482 1492 1542 impius

100 1560 144 1597 et
158 1552 286 1598 fictus
303 1567 434 1612 quem
454 1552 593 1612 fugiat
612 1553 772 1612 Spiritu
787 1562 978 1598 sanctus.
999 1555 1108 1597 Tum
1122 1553 1280 1597 deinde
1295 1552 1489 1608 subdidi,

100 1624 134 1668 si
156 1624 280 1669 aliter
301 1633 413 1669 esset
435 1659 446 1680 ,
470 1634 635 1685 quanta
659 1634 998 1685 consequeretur
1021 1625 1265 1670 absurditas
1284 1660 1294 1680 ,
1330 1633 1374 1669 et
1403 1625 1491 1669 dixi

97 1695 219 1754 quod
247 1704 290 1739 et
319 1710 438 1740 nunc
462 1694 561 1740 dico
588 1715 596 1740 ε
621 1715 640 1737 «
668 1695 873 1756 Alioquin
895 1696 929 1740 si
960 1696 1056 1740 talis
1078 1696 1263 1756 quisque
1287 1696 1332 1739 in
1355 1695 1491 1755 gratia

97 1765 278 1826 spiritali
295 1767 550 1823 renascitur,
571 1767 710 1827 qualis
726 1777 788 1812 est
809 1767 881 1812 ille
902 1784 924 1812 a
946 1784 1035 1828 quo
1055 1767 1314 1827 baptizatur,
1334 1776 1491 1812 etcum

98 1837 354 1883 manifestus
375 1847 439 1883 est
460 1839 536 1899 qui
556 1839 747 1899 baptizat
768 1840 901 1885 homo
923 1839 1066 1884 bonus
1081 1875 1091 1895 ,
1120 1841 1210 1899 ipse
1232 1839 1307 1883 dat
1327 1839 1457 1882 fidem
1476 1873 1486 1893 ‚

95 1908 185 1968 ipse
207 1909 330 1968 origo
348 1918 391 1954 et
414 1909 532 1954 radix
554 1918 774 1970 caputque
800 1910 1012 1955 nascentis
1029 1919 1116 1967 est,
1139 1925 1239 1955 cum
1262 1919 1406 1954 autem
1425 1909 1490 1953 la-

96 1985 159 2023 tet
195 1979 388 2039 perfidus
416 1980 673 2039 baptizator,
712 1990 817 2025 tunc
845 1982 1029 2041 quisque
1056 1996 1079 2024 a
1110 1981 1282 2025 Christo
1309 1980 1492 2040 percipit

94 2049 246 2104 fidem,
279 2058 386 2093 tunc
423 2065 445 2094 a
479 2050 653 2095 Christo
689 2050 812 2095 ducit
839 2051 1068 2109 originem,
1106 2060 1210 2095 tunc
1243 2051 1288 2095 in
1317 2050 1490 2096 Christo

98 2118 332 2174 radicatur,
354 2128 462 2165 tunc
479 2121 653 2165 Christo
671 2123 811 2181 capite
830 2121 1037 2180 gloriatur
1057 2141 1065 2166 :
1086 2121 1327 2182 optandum
1351 2130 1414 2166 est
1433 2121 1488 2165 ab

96 2191 302 2236 omnibus
334 2192 410 2252 qui
454 2192 749 2252 baptizantur,
789 2201 837 2237 ut
868 2193 1156 2253 baptizatores
1188 2193 1375 2253 perfidos
1411 2194 1486 2237 ha*

95 2260 230 2306 beant
249 2269 292 2305 et
313 2262 515 2320 ignorent
538 2277 624 2307 eos.
653 2262 906 2316 Quamlibet
930 2265 1044 2307 enim
1068 2264 1204 2308 bonos
1226 2263 1484 2317 habuerint,

82 2330 291 2377 ‘Christus
312 2341 375 2376 est
396 2333 552 2393 utique
569 2333 968 2393 incomparabiliter
990 2333 1157 2389 melior,
1183 2334 1259 2393 qui
1282 2342 1386 2377 tunc
1407 2333 1487 2377 erit

46 2403 49 2406 ’
95 2400 303 2461 baptizati
333 2412 463 2461 caput
479 2438 489 2456 ,
522 2404 554 2446 si
591 2403 782 2462 perfidus
819 2403 951 2448 lateat
988 2404 1243 2464 baptizator.
1291 2401 1419 2455 Quod
1453 2404 1486 2446 si

94 2470 465 2516 dementissimum
487 2482 548 2517 est
568 2472 744 2518 credere
763 2494 774 2531 3
802 2478 987 2533 (semper
1010 2475 1124 2518 enim
1149 2473 1346 2519 Christus
1363 2473 1487 2532 justi—

96 2543 196 2588 ficat
219 2543 426 2602 impium,
454 2542 651 2588 iaciendo
675 2560 724 2589 ex
754 2545 888 2603 impio
915 2545 1209 2589 Christianum
1231 2579 1242 2598 ‚
1273 2558 1444 2603 semper
1461 2559 1484 2588 a

146 2633 154 2649 ¹
181 2630 273 2659 Joan.
296 2638 349 2668 xv,
373 2627 403 2659 5.
