1825 3264
260 239 343 278 526
688 251 721 277 s.
757 246 988 276 Acous‘nm
1021 247 1204 276 EPISCOPI

257 315 401 360 Africa
438 328 535 373 pars
563 314 722 359 Donati
752 329 828 359 vos
858 314 982 369 estis,
1020 330 1042 358 a
1073 313 1233 374 quibus
1262 321 1441 373 apparet
1472 321 1641 372 partem

257 384 504 430 Maximiani
524 385 708 429 schisma
730 383 895 440 fecisse,
918 384 1126 445 quoniam
1144 399 1234 428 non
1260 391 1325 427 est
1350 398 1427 442 per
1451 381 1643 428 Africam

259 471 346 515 qua
369 470 443 499 vos
469 455 569 499 estis
588 490 599 510 ‚
633 471 710 500 vos
743 463 889 500 autem
915 464 958 499 et
985 455 1031 498 in
1054 454 1304 512 regionibus
1325 454 1371 498 in
1391 453 1550 513 quibus
1570 452 1644 498 illa

258 536 320 570 est
338 542 428 571 non
443 527 600 571 deestis
615 548 627 585 3
645 542 745 571 nam
768 536 812 571 et
833 525 913 570 alia
932 526 1159 571 schismata
1176 524 1289 570 facta
1303 534 1406 570 sunt
1425 540 1481 570 ex
1501 524 1642 580 vobis,

257 597 367 642 sicut
399 600 663 656 Rogatenses
694 598 742 641 in
776 597 1036 642 Mauritania
1068 595 1646 650 Caesariensi‚'Urbanenses

258 668 303 711 in
324 667 513 727 quadam
535 668 750 714 Numidiae
772 669 1002 728 particula,
1021 678 1066 712 et
1087 667 1167 712 alia
1198 668 1407 713 nonnulla
1438 688 1446 713 :
1471 667 1548 713 sed
1567 667 1645 712 ubi

257 738 432 796 praecisa
455 748 572 794 sunt,
590 739 650 783 ibi
672 748 989 784 remanserunt.
1008 740 1064 782 Et
1087 739 1189 783 hinc
1200 739 1314 783 enim
1332 747 1514 798 apparet
1536 753 1608 783 eos
1623 752 1648 781 a

258 808 379 852 vobis
393 809 563 860 exiisse,
584 825 674 853 non
694 825 770 854 vos
793 810 849 854 ab
865 809 983 869 ipsis,
1002 809 1103 868 quia
1126 825 1202 854 vos
1223 810 1352 854 etiam
1376 810 1420 853 in
1441 810 1506 854 his
1523 809 1646 853 terris

258 879 356 923 estis
374 880 449 924 ubi
472 880 553 939 ipsi
574 890 677 924 sunt
700 900 708 925 :
734 879 797 924 illi
823 890 968 924 autem
991 896 1402 940 quaquaversusvos
1418 881 1539 935 estis,
1557 895 1653 925 non,

256 949 337 993 nisi
359 950 472 993 forte
494 951 818 1009 peregrinantes
840 951 1138 995 inveniuntur.
1176 952 1243 995 Sic
1270 950 1461 995 Ecclesia
1493 950 1647 995 catho-

256 1021 353 1074 lica,
379 1037 494 1080 quae,
514 1022 626 1065 sicut
640 1021 698 1065 ait
713 1023 960 1080 Cyprianus
974 1024 1005 1075 ¹,
1023 1037 1163 1065 ramos
1182 1037 1282 1066 suos
1300 1037 1376 1081 per
1399 1022 1646 1066 universam

257 1100 414 1134 terram
445 1091 568 1150 copia
594 1092 804 1135 ubertatis
819 1091 1028 1147 extendit,
1048 1091 1214 1152 ubique
1245 1093 1428 1137 sustinet
1443 1091 1646 1137 scandala

258 1175 408 1204 eorum
438 1161 514 1220 qui
541 1162 596 1204 ab
618 1160 692 1205 illa
721 1161 827 1205 vitio
852 1163 1037 1206 maxime
1071 1163 1287 1221 superbiae
1314 1161 1611 1222 praeciduntur
1630 1196 1642 1218 ,

257 1231 439 1275 aliorum
471 1231 541 1276 hic
565 1266 576 1286 ,
602 1231 786 1276 aliorum
820 1232 920 1276 alibi
951 1243 1083 1293 atque
1106 1233 1207 1277 alibi
1233 1254 1244 1290 3
1269 1234 1345 1293 qui
1378 1243 1518 1292 partes
1548 1246 1646 1278 suas

255 1311 519 1346 ostentantes
542 1301 695 1346 dicunt
714 1323 721 1347 ;
739 1322 759 1344 «
774 1305 884 1347 Ecce
897 1304 966 1347 hic
990 1313 1053 1347 est
1078 1304 1290 1358 Christus,
1308 1319 1408 1348 ecce
1428 1302 1517 1349 illic
1540 1307 1558 1330 '²
1583 1322 1593 1348 ι
1624 1324 1640 1345 »

255 1374 414 1432 quibus
437 1389 490 1416 nc
507 1374 707 1417 credatur
729 1373 820 1432 ipse
840 1374 1117 1432 praemonuit.
1145 1376 1242 1419 Non
1267 1374 1383 1418 enim
1408 1372 1646 1418 ostendunt

255 1444 367 1486 viam
390 1444 444 1486 de
466 1460 553 1503 qua
581 1445 890 1503 prophetatum
917 1445 1041 1488 estin
1064 1444 1240 1489 Psalmis
1263 1464 1272 1490 :
1297 1464 1315 1486 «
1339 1447 1395 1490 Ut
1411 1459 1646 1503 cognosca-

259 1532 279 1554 »
304 1529 398 1558 mus
421 1515 466 1558 in
495 1525 607 1559 terra
625 1515 738 1559 viam
763 1524 880 1559 tuam
897 1550 907 1569 ,
930 1516 974 1559 in
996 1516 1199 1560 omnibus
1227 1516 1431 1575 gentibus
1457 1515 1644 1560 salutare

259 1602 279 1624 »
302 1594 427 1628 tuum
457 1587 472 1611 ³
512 1606 519 1630 :
551 1604 569 1626 »
604 1586 678 1630 sed
706 1601 796 1629 suae
832 1587 1151 1630 communionis
1181 1587 1367 1646 quisque
1403 1586 1599 1644 regiones
1631 1605 1640 1630 :

259 1673 278 1696 «
303 1658 413 1699 Ecce
438 1657 525 1709 hic,
551 1672 649 1700 ecce
671 1656 772 1701 illic.
803 1676 821 1697 »
851 1657 933 1701 Ubi
962 1658 1078 1701 enim
1100 1656 1264 1702 cadunt
1292 1658 1354 1701 ibi
1386 1665 1640 1712 remanent,

255 1734 296 1768 et
321 1726 397 1768 ubi
422 1735 679 1783 separantur
712 1727 770 1769 ibi
796 1737 998 1771 arescunt
1023 1747 1034 1782 3
1058 1728 1175 1771 unde
1197 1728 1288 1786 ipsa
1307 1728 1362 1771 de
1384 1743 1468 1787 qua
1492 1727 1646 1787 praeci-

255 1795 422 1840 duntur
440 1831 451 1851 ‚
487 1798 616 1840 etiam
645 1797 690 1840 in
719 1813 789 1840 eas
822 1807 955 1842 terras
988 1798 1237 1842 extenditur
1255 1833 1265 1853 ,
1294 1798 1369 1842 ubi
1391 1800 1537 1857 jacent
1570 1797 1644 1842 illa

255 1883 441 1926 quaeque
465 1867 511 1910 in
533 1883 608 1911 sua
643 1868 817 1925 regione
851 1867 1094 1927 fragmenta
1122 1888 1130 1912 ;
1161 1869 1204 1911 in
1240 1867 1313 1930 illa
1339 1884 1443 1913 vero
1473 1867 1643 1927 singula

254 1954 531 1997 quacumque
552 1939 643 1997 ipsa
662 1939 927 1983 distenditur
947 1955 1033 1983 non
1057 1948 1173 1993 sunt,
1192 1940 1388 1999 quamvis
1406 1937 1643 1998 aliquando

253 2008 322 2052 vix
357 2009 567 2052 rarissima
591 2008 692 2053 folia
726 2024 777 2052 ex
807 2024 955 2053 corum
979 2010 1176 2054 ariditate
1198 2018 1354 2054 ventus
1379 2009 1577 2053 elationis
1596 2008 1643 2053 in

254 2079 477 2137 peregrina
508 2080 742 2138 dispergat.

312 2152 510 2193 LXXIV.
549 2153 653 2194 Haec
672 2151 804 2209 igitur
826 2150 1040 2204 Ecclesia,
1065 2166 1164 2211 quae
1187 2160 1235 2194 ut
1256 2149 1452 2211 ejusdem
1474 2149 1659 2210 identi-⁴

255 2218 354 2262 dem
377 2220 518 2282 verbis
542 2229 640 2264 utar
657 2255 667 2275 ,
694 2236 833 2264 ramos
856 2236 955 2265 suos
979 2236 1054 2280 per
1077 2221 1320 2264 universam
1346 2229 1501 2264 terram
1515 2220 1639 2278 copia

255 2288 463 2332 ubertatis
482 2290 695 2342 extendit,
722 2289 774 2334 ad
795 2290 951 2334 multas
976 2291 1103 2334 etiarn
1123 2290 1323 2334 barbaras
1348 2300 1495 2349 gentes
1519 2299 1639 2334 extra

255 2359 405 2402 orbem
428 2363 675 2404 Romanum
709 2360 941 2405 crescendo
978 2370 1237 2419 perventura
1268 2370 1347 2404 est.
1381 2359 1508 2414 Quod
1531 2372 1574 2404 et
1595 2369 1638 2403 te

254 2429 478 2488 inquisisse
506 2440 548 2474 et
576 2432 834 2491 comperisse
866 2431 1052 2476 arbitror
1071 2467 1081 2487 ,
1115 2440 1162 2475 ut
1191 2430 1385 2476 diceres:
1421 2450 1441 2473 ι(
1464 2431 1630 2476 Omitto

305 2536 310 2551 ¹
338 2530 407 2562 Lib.
439 2531 479 2562 de
500 2532 668 2572 simplicit.
688 2532 844 2574 praelator.
867 2543 922 2564 seu
939 2532 980 2565 de
998 2533 1123 2565 Unitate
1137 2531 1296 2566 Ecclesiae.
1317 2548 1357 2556 --
1375 2540 1385 2555 ²
1410 2533 1528 2571 Matth.
1551 2543 1635 2573 xxiv,

260 2583 309 2616 13.
329 2601 366 2608 —
385 2583 399 2608 3
416 2586 494 2618 Psal.
518 2597 603 2625 nvn,
625 2588 654 2619 3.
