1825 3264
332 219 413 256 338
754 223 789 253 s.
823 222 1053 254 Aucus-nm
1085 224 1268 254 muscom

329 292 477 346 tandi,
511 292 599 334 sive
625 289 746 335 illam
773 290 1050 336 dialecticam
1082 290 1188 334 velis
1210 288 1450 349 appellare,
1475 289 1563 333 sive
1599 288 1713 348 quid

331 361 451 408 aliud
471 381 482 418 3
506 361 605 405 satis
627 370 774 405 tamen
796 361 938 406 sobrie
960 360 1113 414 docet,
1139 375 1239 403 cum
1263 359 1316 403 de
1339 374 1385 402 re
1415 368 1605 412 constat,
1625 373 1715 403 non

330 446 418 476 esse
436 431 491 475 de
509 431 684 475 nomine
696 431 983 476 laborandum
1002 450 1010 474 :
1035 432 1146 474 sicut
1164 445 1252 473 non
1268 444 1373 473 curo
1388 438 1536 472 utrum
1558 444 1605 472 ea
1626 429 1716 488 ipsa

330 501 554 545 dialectica
576 510 771 555 vocetur,
795 517 901 546 curo
921 510 1065 545 tamen
1081 508 1295 560 quantum
1318 498 1440 543 valeo
1461 535 1472 555 ,
1513 514 1636 542 nosse
1667 513 1717 542 ac

327 586 450 631 posse
472 570 687 630 diputare‚
714 573 796 617 hoc
817 581 904 627 est,
929 572 1155 616 veritatem
1177 586 1201 615 a
1220 569 1408 614 falsitate
1431 570 1477 613 in
1492 569 1716 629 loquendo

329 642 595 700 discernere,
635 643 737 702 quia
776 643 860 688 hoc
894 643 973 687 nisi
1001 656 1230 696 curavero,
1257 640 1613 701 perniciosissime
1647 654 1718 683 er-

330 712 434 756 rabo
457 730 467 757 :
487 712 547 756 ita
564 727 653 757 non
671 728 776 758 curo
801 721 950 757 utrum
979 713 1238 767 Donatistae,
1269 727 1325 756 an
1345 710 1576 756 Donatiani
1605 710 1719 769 peri-

328 782 412 825 tius
442 790 485 825 et
505 781 737 827 litteratius
758 782 1064 840 declinemini,
1093 791 1239 826 utrum
1264 791 1482 840 postremo
1504 796 1527 824 a
1551 783 1719 824 Donato

330 851 399 894 vel
421 851 496 911 qui
520 854 684 910 primus
713 862 832 897 extra
854 852 1089 897 Ecclesiam
1112 852 1386 904 sacrificavit,
1412 851 1478 894 vel
1509 851 1581 910 qui
1608 852 1718 894 hanc

329 921 638 967 dissensionem
665 925 848 968 maxime
877 925 1123 980 roboravit,
1163 939 1216 966 an
1248 940 1268 966 a
1294 923 1505 981 Majorino
1534 922 1609 981 qui
1633 921 1722 979 pri·

329 1008 424 1037 mus
443 1003 594 1038 contra
617 995 899 1039 Caecilianum
922 1004 1074 1038 vestrae
1091 995 1224 1052 partis
1245 994 1468 1051 episeopus
1499 992 1724 1036 ordinatus

329 1071 408 1116 cst,
429 1061 587 1106 debeat
609 1064 755 1117 vohis‘,
797 1063 974 1123 quando
1009 1063 1248 1123 loquimur,
1280 1062 1568 1107 distinctionis
1595 1077 1725 1105 causa

325 1130 417 1175 indi
438 1131 718 1176 vocabulum.
751 1132 879 1185 Quod
910 1143 1056 1177 tamen
1086 1133 1279 1177 haeretici
1312 1133 1425 1187 sitis,
1452 1141 1494 1176 et
1519 1131 1635 1186 ideo,
1670 1145 1725 1175 ne

331 1200 569 1261 decipiatis,
594 1203 840 1247 cautissime
878 1202 1131 1259 devitandi,
1163 1204 1243 1248 nisi
1278 1203 1508 1262 diligenter
1538 1201 1726 1247 demon-

329 1280 463 1316 strare
483 1288 714 1328 curavero,
740 1288 829 1317 non
846 1289 1023 1332 parvam
1042 1273 1316 1334 negligentiae
1338 1273 1512 1333 eulpam
1536 1289 1615 1333 pro
1643 1272 1726 1317 mei

335 1342 467 1386 officii
488 1342 654 1387 sarcina
675 1343 912 1387 incurram.

392 1414 468 1455 IV.
504 1415 765 1473 Quanquam
782 1413 827 1457 id
845 1412 965 1472 quod
981 1413 1094 1458 inter
1117 1429 1193 1458 nos
1226 1413 1404 1469 accidit,
1431 1414 1615 1458 schisma
1640 1428 1724 1472 po-

335 1482 420 1525 tius
433 1497 564 1541 quam
586 1483 782 1527 haeresim
797 1498 943 1527 censes
961 1482 1168 1543 appellari
1190 1493 1406 1543 oportere,
1426 1493 1470 1528 et
1486 1482 1606 1543 quod
1625 1498 1721 1526 raro

335 1550 494 1595 audere
507 1551 723 1597 dialectici
739 1553 885 1608 solint,
906 1553 1035 1596 etiam
1055 1552 1383 1597 definitionibus
1401 1555 1478 1597 ista
1493 1553 1724 1611 discernis,

335 1622 411 1665 ubi
433 1632 649 1680 quantum
665 1639 741 1667 nos
764 1623 956 1684 adjuves,
981 1624 1079 1668 satis
1106 1624 1404 1669 demonstrare
1427 1640 1515 1668 non
1539 1634 1695 1684 putero
1712 1659 1723 1678 ,

336 1691 416 1734 nisi
438 1706 488 1734 ex
510 1692 688 1750 epistola
711 1702 786 1736 tua
817 1692 1003 1737 inferam
1029 1694 1162 1737 verba
1192 1703 1278 1737 tua.
1310 1713 1326 1733 «
1358 1694 1473 1746 Quid
1501 1694 1582 1738 sibi
1605 1694 1726 1748 vult,

340 1761 499 1819 inquis,
523 1762 641 1821 quod
660 1763 744 1805 ais¹
764 1762 1065 1807 haeretieorum
1089 1763 1345 1821 sacrilegum
1368 1765 1587 1808 errorem?
1620 1766 1727 1808 Nam

340 1831 522 1875 haereses
545 1847 633 1876 non
656 1833 736 1876 nisi
756 1833 870 1876 inter
886 1833 1054 1878 diversa
1077 1845 1304 1894 sequentes
1342 1835 1433 1878 fieri
1459 1834 1621 1888 solent,
1650 1849 1730 1879 nec

342 1901 571 1946 haereticus
606 1903 684 1946 nisi
708 1904 935 1947 contrariae
957 1903 1026 1948 vel
1049 1903 1172 1948 aliter
1198 1905 1487 1964 interpretatae
1512 1904 1732 1963 religionis

345 1981 408 2016 est
420 1971 577 2025 cultor,
594 1983 643 2017 ut
655 1983 757 2018 sunt
768 1975 1471 2031 Manichaei,Ariani,Marcionitae,
1483 1976 1729 2030 Novatiani,

346 2043 579 2102 caeterique
601 2059 790 2103 quorum
825 2046 938 2089 inter
959 2060 1003 2089 se
1022 2055 1172 2090 contra
1202 2046 1332 2089 fidem
1357 2046 1633 2090 christianam
1661 2046 1729 2089 di-

345 2128 464 2157 versa
481 2115 691 2158 sententia
713 2124 812 2159 stat.
840 2119 959 2160 Inter
977 2131 1054 2160 nos
1069 2151 1079 2171 ,
1105 2117 1265 2176 quibus
1289 2116 1405 2160 idern
1429 2118 1626 2161 Christus
1650 2132 1730 2161 na-

346 2193 430 2238 tus,
451 2193 649 2229 mortuus
671 2195 713 2229 et
730 2201 971 2244 resurgens,
997 2203 1084 2230 una
1102 2187 1268 2245 religio,
1290 2189 1438 2231 eadem
1462 2196 1732 2231 sacramenta

348 2253 457 2297 nihil
474 2254 519 2296 in
541 2254 771 2298 christiana
796 2257 1073 2301 obsevatione
1092 2257 1326 2310 diversum,
1348 2258 1529 2300 schisma
1548 2258 1729 2311 iactum,

346 2339 435 2367 non
452 2324 622 2368 haeresis
643 2324 819 2369 dieitur.
847 2326 1070 2385 Siquidem
1095 2327 1264 2370 haeresis
1285 2338 1348 2370 est
1370 2326 1534 2370 diversa
1551 2342 1732 2387 sequen-

346 2394 457 2437 tium
478 2403 592 2438 secta
630 2413 638 2439 :
666 2396 847 2440 schisma
880 2411 982 2440 vero
1018 2396 1167 2440 eadem
1199 2399 1472 2455 sequentium
1500 2397 1727 2456 separatio.

349 2468 487 2515 Quare
508 2463 616 2508 etin
651 2466 749 2521 hoe,
781 2465 927 2510 studio
950 2465 1235 2521 criminandi,
1264 2482 1393 2526 quem
1426 2476 1473 2511 tu
1499 2467 1731 2512 incurreris

397 2553 408 2570 ¹
432 2548 576 2582 Videlib.
591 2559 601 2579 1
622 2554 735 2583 contra
750 2550 892 2583 Petilian.
917 2561 991 2594 cap.
1015 2561 1045 2583 r.
