1825 3264
358 284 521 312 com-uA
553 282 753 313 numus
785 284 1021 324 PETtLIAm,
1057 287 1139 313 Lm.
1177 288 1223 313 11.
1466 275 1490 313 5

112 370 134 393 »
167 365 297 412 quem
328 351 486 395 videris
509 352 716 410 Spiritum
746 351 855 395 sicut
881 351 1130 396 columbam
1153 352 1491 398 descendentem

113 444 131 465 »
165 431 209 466 et
222 431 469 466 manentem
486 437 614 482 super
630 437 746 476 eum,
772 422 842 467 hic
859 431 923 467 est
943 423 1019 483 qui
1042 423 1232 483 baptizat
1252 425 1298 468 in
1327 424 1491 484 Spiritu

111 512 133 536 »
167 495 361 538 sancto1.
389 511 410 534 »

167 567 243 609 Vl.
280 567 539 610 Paruimus
560 563 668 609 dixit
690 583 700 609 :
729 564 1038 610 «Conscientia
1055 580 1246 626 namque
1267 565 1408 612 dantis
1426 576 1493 612 at-

108 635 319 690 tenditur,
346 636 419 696 qui
443 635 593 680 abluat
615 636 878 695 accipientis.
909 654 929 677 »

165 709 262 751 VII.
305 710 580 751 AuensTmns
623 706 846 767 respondit
881 726 890 751 ε
928 708 991 750 De
1028 706 1289 751 conscientia
1331 708 1490 752 Christi

105 791 206 835 ergo
235 778 373 821 securi
399 793 563 822 sumus.
601 780 708 823 Nam
740 779 774 821 si
797 776 1040 837 quemlibet
1068 777 1291 822 hominem
1329 793 1491 837 ponaS,

106 848 267 892 incerta
291 847 372 891 erit
394 848 643 908 accipientis
665 848 910 903 mundatio,
927 848 1031 908 quia
1044 848 1209 893 incerta
1231 849 1495 894 conscientia

105 927 169 962 est
191 917 426 963 abluentis.

164 991 288 1034 VIII.
325 993 587 1035 Pss‘nmfflns
620 990 727 1034 dixit
762 1009 771 1035 z
812 1009 832 1032 «
863 992 971 1035 Nam
1004 991 1079 1050 qui
1111 989 1242 1034 fidem
1271 1006 1295 1035 a
1325 991 1495 1050 perfido

104 1062 351 1121 sumpserit,
377 1078 466 1107 non
483 1060 615 1106 fidem
637 1062 835 1122 percipit,
861 1063 937 1106 sed
958 1071 1143 1106 reatum.
1168 1081 1189 1103 »

162 1134 239 1176 IX.
276 1136 552 1178 Auensrmus
573 1133 797 1192 respondit
823 1153 832 1177 :
857 1136 955 1177 Non
977 1142 1040 1177 est
1062 1132 1253 1192 perfidus
1270 1133 1491 1189 Christus,

104 1219 126 1248 a
157 1219 246 1263 quo
278 1203 418 1248 fidelis
447 1205 578 1248 homo
610 1204 741 1247 fidem
772 1204 986 1263 percipit,
1010 1219 1099 1249 non
1133 1213 1316 1247 reatum.
1348 1205 1496 1249 Credit

101 1275 264 1334 quippe
298 1275 344 1318 in
368 1289 469 1318 eum
491 1275 568 1334 qui
584 1276 792 1334 justificat
820 1275 1002 1334 impium
1019 1310 1031 1330 ,
1058 1285 1108 1319 ut
1129 1276 1364 1335 deputetur
1388 1276 1492 1322 fides

104 1347 193 1406 ejus
214 1345 269 1390 ad
286 1346 498 1405 justitiam
513 1346 546 1388 ².

159 1418 214 1460 X.
253 1420 513 1461 Prummu<
550 1416 656 1460 dixit
694 1435 703 1460 ε
747 1435 767 1458 «
804 1417 955 1460 Omnis
987 1431 1053 1460 res
1088 1417 1203 1460 enim
1241 1418 1408 1476 origine
1447 1427 1491 1462 et

100 1487 244 1532 radice
263 1487 457 1532 consistit
482 1509 493 1545 3
517 1496 560 1531 et
582 1487 615 1531 si
635 1497 767 1546 caput
796 1503 886 1531 non
908 1488 1045 1532 habet
1066 1487 1247 1548 aliquid,
1269 1488 1378 1531 nihil
1400 1498 1463 1533 est
1481 1508 1489 1534 ε

98 1573 178 1602 nec
199 1557 440 1618 quidquam
464 1550 575 1602 bene
598 1569 845 1618 regenerat,
869 1558 951 1603 nisi
984 1559 1101 1604 bono
1121 1560 1284 1603 semine
1308 1575 1490 1619 regene-

100 1639 236 1673 retur.
260 1647 281 1671 »

155 1702 234 1744 XI.
270 1703 546 1746 Auens-,rmus
577 1701 801 1761 respondit
833 1721 842 1746 :
879 1701 996 1755 Quid
1031 1712 1075 1746 te
1109 1718 1189 1762 pro
1218 1703 1391 1747 Christo
1427 1704 1488 1748 vis

95 1786 334 1830 opponere,
367 1772 448 1815 sub
477 1787 565 1832 quo
601 1782 643 1816 te
674 1788 764 1816 non
796 1773 858 1817 vis
879 1775 1078 1831 ponere?
1103 1772 1182 1816 Ille
1212 1783 1274 1817 est
1296 1774 1417 1831 origo
1441 1783 1484 1818 et

95 1843 215 1886 radix
237 1853 456 1904 caputque
478 1844 693 1888 nascentis
708 1880 719 1900 ,
746 1844 800 1888 de
830 1860 919 1904 quo
941 1860 1030 1889 non
1059 1845 1262 1889 timemus
1299 1846 1410 1890 sicut
1432 1846 1487 1890 de

95 1914 272 1958 homine
294 1914 520 1973 quolibet,
545 1931 600 1959 ne
629 1913 741 1959 forte
773 1915 826 1960 sit
855 1915 981 1960 fictus
1012 1925 1055 1960 et
1086 1916 1323 1974 pessimus,
1359 1926 1401 1961 et
1431 1917 1486 1961 de

28 1979 63 2046 >
95 1985 261 2044 origine
291 1988 472 2045 pessima
502 1987 719 2042 oriamur,
755 1985 810 2031 de
841 1988 1022 2046 pessima
1055 1987 1199 2031 radice
1222 2003 1479 2046 surgamus,

94 2058 277 2115 pessimo
300 2058 431 2116 capiti
450 2057 790 2102 conformemur.
814 2059 920 2110 Quis
937 2059 1052 2101 enim
1075 2059 1207 2101 homo
1229 2058 1283 2102 de
1305 2059 1482 2103 homine

93 2141 268 2170 securus
302 2128 385 2181 sit,
423 2142 522 2171 cum
557 2128 763 2186 scriptum
792 2128 844 2172 sit
870 2147 879 2172 :
910 2147 929 2169 «
965 2127 1223 2172 Maledictus
1246 2130 1385 2172 omnis
1405 2131 1481 2189 qui

96 2216 115 2238 n
150 2212 269 2256 spem
291 2212 412 2242 suam
433 2198 556 2258 ponit
578 2199 623 2242 in
641 2199 819 2243 homine
837 2200 880 2242 ³?
904 2217 925 2239 ³»
951 2201 1105 2244 Semen
1129 2209 1272 2243 autem
1297 2216 1385 2261 quo
1406 2216 1478 2244 re-

91 2281 372 2326 generamur,
408 2268 591 2312 verbum
621 2269 697 2313 Dei
721 2278 805 2323 est,
829 2269 875 2313 id
897 2278 982 2324 est,
1008 2269 1311 2328 Evangelium.
1352 2271 1477 2316 Unde

91 2339 324 2398 Apostolus
347 2339 452 2384 dicit
477 2358 486 2385 :
515 2358 536 2382 «
561 2342 613 2384 In
635 2341 808 2385 Christo
830 2340 946 2384 enim
969 2342 1071 2384 Jesu
1094 2356 1171 2399 per
1189 2341 1474 2399 Evangelium

24 2434 26 2440 ›
92 2428 113 2451 »
148 2424 228 2468 ego
258 2425 334 2454 vos
357 2411 486 2469 genui
514 2412 545 2454 4.
575 2428 595 2451 »
621 2411 704 2464 Qui
727 2419 872 2455 tamen
895 2411 1024 2455 etiam
1046 2426 1135 2455 non
1157 2421 1271 2456 caste
1300 2427 1473 2456 annun-

91 2481 245 2525 tiantes
262 2480 564 2540 Evangelium,
590 2482 848 2526 annuntiare
874 2482 1100 2542 permittit,
1127 2491 1170 2526 et
1193 2483 1236 2526 in
1259 2483 1341 2527 hoc
1365 2499 1471 2542 gau—

91 2551 165 2596 det
190 2570 199 2596 z
232 2552 334 2612 quia
362 2551 440 2595 etsi
473 2567 560 2596 non
582 2561 696 2597 caste
719 2553 1037 2597 annuntiabant
1052 2588 1063 2607 ,
1088 2568 1164 2597 sua
1197 2563 1438 2613 quaerentes
1454 2590 1466 2610 ,

139 2645 148 2661 ¹
169 2639 258 2671 Joan.
279 2649 304 2678 1,
327 2637 455 2671 33.-2
475 2640 569 2672 Rom.
590 2650 636 2681 iv,
655 2638 739 2671 5.—
755 2637 769 2662 3
790 2641 909 2673 Jercni.
929 2650 1008 2681 xvn,
1028 2639 1111 2672 5.-
1125 2638 1142 2669 4
1157 2651 1169 2671 1
1194 2642 1329 2681 Cor.1v,
1348 2639 1398 2672 15.
