1825 3264
327 251 411 288 ‘292
764 256 797 282 s.
833 253 1063 282 At‘GLS'l‘INJ
1099 252 1278 279 Emscom

380 323 582 368 LXVIll.
606 338 626 362 «
643 322 772 375 Ecce,
788 318 1011 379 inquiunt,
1028 316 1082 361 de
1099 330 1279 375 corpore
1294 314 1468 358 Domini
1487 329 1597 374 aqua
1618 329 1713 374 pro·

319 394 460 439 fluxit.
490 411 510 434 »
540 395 596 436 Et
615 390 723 451 quid
740 401 781 435 te
809 391 891 435 hoc
913 389 1115 450 adjuvat,
1140 402 1166 431 o
1183 386 1421 430 haeretice?
1446 404 1467 428 «
1490 385 1682 431 Multum
1697 420 1708 441 ‚

317 465 461 524 inquit
482 479 492 504 ε
513 463 726 522 baptisma
749 462 863 506 enim
884 461 1098 521 significat
1120 474 1208 503 non
1237 473 1342 512 esse,
1364 457 1444 501 nisi
1461 457 1508 500 in
1532 472 1714 517 corpore

317 533 507 589 Domini,
538 532 585 577 id
607 543 686 589 est,
721 533 767 577 in
790 531 994 576 Ecclesia.
1024 529 1219 574 »Melius
1243 528 1431 583 diceres,
1462 526 1517 571 de
1534 541 1715 587 corpore

315 605 508 660 Domini,
524 605 608 649 hoc
629 614 709 660 est,
732 604 787 649 de
809 603 1001 649 Ecclesia
1027 623 1039 660 ς
1064 600 1230 645 etiamsi
1244 601 1334 660 jam
1359 608 1543 653 constet,
1564 597 1716 659 (quod

316 673 462 720 adhuc
479 675 593 720 forte
615 675 868 734 diligentius
894 672 1208 733 requirendum
1232 681 1311 726 est,
1337 674 1353 728 )
1376 686 1488 730 aqua
1505 669 1579 714 illa
1603 670 1717 728 bap-

314 747 491 790 tismum
523 761 612 790 esse
641 746 951 805 significatum.
978 746 1089 787 Nam
1121 752 1164 786 et
1188 758 1265 787 nos
1297 741 1559 801 baptismum
1583 753 1716 800 quem

313 816 500 871 habetis,
512 816 567 861 de
580 832 763 877 corpore
775 816 949 861 Domini
963 830 1051 860 esse
1067 814 1268 869 dicimus,
1289 814 1373 858 hoc
1391 822 1472 868 est,
1493 813 1547 856 de
1561 811 1717 856 Eccle-

315 886 391 942 sia,
407 888 606 947 quamvis
628 888 674 931 in
690 904 737 932 ea
758 889 836 947 ipsi
860 903 950 931 non
973 886 1078 940 sitis,
1105 885 1218 929 sicut
1241 899 1390 929 omnes
1413 884 1487 944 qui
1502 898 1590 928 non
1612 882 1719 927 aedi-
1780 923 1781 926 ,

313 958 447 1002 fleant
468 974 598 1018 super
619 968 805 1018 petram,
826 958 901 1003 sed
925 972 1054 1016 super
1077 972 1267 1000 arenam.
1297 958 1443 1009 Quare
1467 964 1611 998 tamen
1629 969 1718 999 non

315 1028 503 1072 attendis
528 1044 688 1088 aquam
720 1028 855 1083 illam,
875 1043 964 1087 qua
986 1026 1255 1085 baptismum
1282 1026 1571 1083 significatum
1593 1025 1715 1079 dicis,

315 1112 406 1141 non
419 1107 591 1141 tantum
605 1098 650 1141 in
665 1112 845 1157 corpore
863 1096 1039 1141 Domini
1055 1095 1203 1151 fuisse,
1219 1094 1295 1140 sed
1318 1095 1445 1139 etiam
1464 1095 1518 1139 de
1539 1108 1720 1155 corpore

316 1168 408 1227 ejus
431 1166 545 1211 foras
574 1168 723 1212 exiisse
744 1202 755 1223 ,
779 1176 824 1211 et
846 1167 929 1211 hoc
951 1181 1028 1226 per
1051 1166 1211 1211 vulnus
1233 1165 1519 1226 persecutoris
1536 1168 1553 1208 ’ἒ
1570 1168 1720 1226 Neque

315 1237 434 1281 enim
460 1247 504 1281 et
529 1238 722 1283 haeretici
745 1247 789 1282 et
809 1252 959 1282 omnes
991 1236 1093 1281 mali
1121 1252 1271 1281 secum
1304 1236 1417 1282 foras
1451 1245 1721 1282 sacramenta

316 1309 560 1363 traxissent,
586 1308 620 1352 si
643 1308 822 1352 unitatis
838 1307 1135 1366 integritatem
1153 1308 1198 1352 in
1217 1323 1398 1368 corpore
1423 1308 1597 1353 Domini
1619 1322 1720 1352 cus-

316 1378 543 1422 todissent.
573 1378 658 1423 Sed
681 1378 812 1422 etiam
834 1379 918 1422 hoc
941 1376 1098 1422 videtis
1128 1394 1260 1437 quam
1284 1379 1559 1438 profundum
1581 1378 1651 1433 sit,
1678 1386 1722 1421 et

316 1442 481 1506 quanta
503 1447 698 1505 mysterii
722 1447 955 1492 altitudine
979 1447 1222 1492 occultum.

376 1519 537 1561 LXIX.
556 1520 654 1562 Jam
669 1519 858 1563 sufficiat
878 1537 887 1563 ε
908 1518 1092 1562 desinite
1105 1518 1266 1563 talibus
1288 1533 1430 1578 agere.
1448 1519 1604 1564 Omnia
1621 1533 1722 1579 quae

317 1589 572 1648 hujusmodi
587 1589 871 1649 protuleritis,
890 1600 961 1633 aut
979 1605 1057 1648 pro
1079 1590 1204 1634 nobis
1227 1600 1345 1645 sunt,
1362 1601 1438 1635 aut
1460 1600 1509 1635 ut
1531 1589 1722 1634 multum
1750 1592 1755 1596 ”

320 1674 461 1702 causae
484 1668 643 1704 nostrae
667 1660 879 1714 minuam,
905 1661 1120 1704 incertum
1139 1670 1202 1704 est
1226 1677 1305 1721 pro
1324 1662 1483 1721 quibus
1511 1661 1611 1705 sint.
1637 1659 1722 1705 Sed

320 1727 507 1773 libenter
525 1730 568 1772 in
585 1731 744 1789 opertis
762 1731 1070 1785 immoramini,
1100 1747 1153 1774 ne
1172 1730 1296 1775 fateri
1317 1742 1460 1791 aperta
1485 1731 1716 1790 cogamini.

325 1801 438 1843 Ecce
470 1799 686 1856 Ecclesia,
728 1817 859 1859 rogo,
895 1804 1003 1862 quid
1036 1802 1271 1861 patimini?
1301 1805 1413 1846 Ecce
1443 1802 1634 1847 Ecclesia
1666 1809 1729 1845 tot

317 1869 675 1915 manifestissimis
697 1883 947 1918 sanctarum
972 1874 1294 1932 Scripturarum
1314 1874 1612 1917 testimonium
1634 1882 1726 1917 tes-

320 1941 510 1985 timoniis
540 1942 844 1987 commendata
869 1953 913 1988 et
942 1959 1138 2002 expressa
1157 1979 1167 1998 ,
1204 1943 1412 2003 praedicta
1447 1954 1491 1989 et
1526 1944 1730 1988 demons-

324 2020 434 2056 trata
454 2031 461 2056 :
485 2031 505 2054 «
530 2013 651 2058 Sicut
673 2012 917 2058 audivimus
933 2049 944 2067 ,
964 2015 1022 2058 ita
1045 2024 1088 2058 et
1109 2014 1313 2059 vidimus.
1339 2033 1358 2056 »
1386 2014 1502 2068 Quid
1522 2015 1730 2074 tergiver-

324 2083 425 2126 saris
439 2083 663 2142 quomodo
686 2085 928 2141 suscipiaris
945 2087 962 2129 P
979 2087 1070 2130 Cur
1091 2084 1304 2130 detractas
1328 2087 1388 2130 sic
1411 2087 1585 2146 suscipi,
1615 2102 1729 2146 quo·

326 2152 458 2197 modo
480 2153 553 2197 illa
580 2155 784 2214 suscipit,
810 2156 880 2199 cui
900 2156 1205 2200 testimonium
1229 2158 1429 2217 perhibet
1457 2158 1533 2217 qui
1556 2157 1730 2201 mentiri

328 2238 418 2267 non
436 2223 604 2281 potuit?
622 2228 735 2269 Doce
746 2226 988 2284 Scripturas
1001 2227 1229 2271 canonicas
1245 2237 1391 2286 aperte
1408 2227 1576 2282 dixisse,
1595 2227 1730 2286 bapti-

328 2293 518 2337 zandum
531 2309 620 2338 esse
632 2295 677 2338 in
694 2294 906 2340 catholica
920 2296 1111 2340 Ecclesia
1124 2297 1199 2356 qui
1213 2296 1329 2356 apud
1342 2298 1567 2342 haereticos
1583 2299 1627 2342 in
1647 2313 1730 2343 no-

330 2363 448 2407 m'ine
462 2364 597 2408 Patris
615 2374 658 2409 et
670 2365 769 2409 Filii
781 2376 823 2409 et
839 2366 1021 2425 Spiritus
1038 2367 1173 2410 sancti
1188 2367 1319 2411 fuerit
1333 2367 1587 2427 baptizatus.
1601 2368 1731 2422 Quod

329 2435 361 2477 si
380 2435 464 2479 hoc
480 2434 636 2479 docere
652 2452 739 2480 non
754 2446 898 2496 potes,
919 2437 1028 2481 illud
1050 2438 1174 2491 doce,
1192 2439 1292 2483 huic
1307 2439 1603 2484 communioni
1623 2450 1727 2496 tuae,

330 2505 374 2558 jd
394 2516 456 2548 cst
477 2541 487 2559 ,
508 2509 618 2565 parti
645 2510 798 2553 Donati
821 2543 832 2563 ,
861 2510 1030 2554 ubihoc
1042 2509 1228 2554 didicisti
1248 2545 1258 2565 ,
1272 2521 1471 2569 apertum
1488 2511 1665 2571 aliquod
1687 2520 1731 2556 et
1794 2506 1797 2512 ⁶

332 2574 608 2620 manifestum
635 2580 930 2623 testimonium
956 2596 976 2623 a
994 2579 1223 2639 Scripturis
1250 2581 1466 2626 canonicis
1482 2581 1726 2641 perhiberi:
