1825 3264
365 180 447 221 150
803 183 836 213 S.
872 181 1103 213 nmmum
1138 184 1320 212 unacort

360 251 612 315 hujusmodi
634 249 807 294 sceleris
832 257 877 294 et
896 247 1052 293 erroris
1071 247 1335 307 exemplum,
1360 246 1525 293 subditi
1546 245 1761 308 Domino„

360 332 523 386 quanta
546 321 723 382 potestis
752 319 975 380 vigilantia
1003 328 1257 379 praecavete.
1285 318 1568 372 Quantalibet
1587 318 1727 365 doctri

360 411 430 441 nae
459 409 507 438 ac
536 391 666 438 famae
692 390 791 437 luce
812 388 1072 450 praefulgeat
1090 423 1101 444 ‚
1138 387 1419 449 lapidemque
1442 403 1487 434 se
1514 403 1605 434 esse
1619 389 1691 448 jac
1748 398 1750 401 '

360 465 597 526 pretiosum
613 498 624 518 ,
650 462 845 523 quisquis
879 476 955 506 vos
982 460 1154 504 trahere
1175 459 1363 504 voluerit
1394 467 1492 518 post
1512 474 1558 503 se
1575 458 1719 518 ipsum
1769 477 1774 485 ·

359 543 626 581 mementote
657 534 777 593 quod
808 531 882 578 illa
916 529 1073 578 mulier
1107 528 1228 574 fortis
1264 539 1306 574 et
1344 544 1432 573 una
1459 529 1538 574 uni
1558 529 1701 575 amabi
1721 529 1731 538 “

359 607 454 654 viro
472 621 552 651 suo
569 640 580 660 ‚
605 620 737 665 quam
762 604 808 648 in
833 603 990 648 ultimo
1007 601 1342 648 Proverhiorum
1365 610 1513 646 saneta
1535 601 1707 660 Scriptu
1740 659 1746 663 .

360 676 569 723 describit
584 710 595 730 ,
620 675 848 734 pretiosior
872 683 937 719 est
960 672 1181 732 lapidibus
1203 671 1415 732 pretiosis.
1441 674 1579 718 Nemo
1599 671 1719 719 dicat

360 747 493 793 Illum
516 761 696 806 sequar,
721 743 929 805 quoniam
953 744 1043 803 ipse
1072 757 1142 786 me
1171 742 1468 788 Christianum
1488 740 1623 800 fecit3
1647 749 1777 819 aut&

361 819 494 864 Illum
519 833 674 878 sequar
694 851 705 871 ‚
735 816 943 876 quoniam
966 816 1056 874 ipse
1085 830 1156 859 me
1179 813 1430 873 baptizavit.
1464 832 1484 855 «
1508 815 1661 872 Neque
1682 828 1712 872 q
1769 813 1775 822 '

363 909 385 932 »
409 889 579 950 plantat
595 897 659 933 est
675 887 865 948 aliquid,
887 902 1029 946 neque
1050 887 1126 946 qui
1155 886 1287 945 rigat,
1319 884 1397 935 sed
1418 885 1496 944 qui
1514 885 1735 930 incremen
1799 882 1802 883 ⁷

363 978 386 1004 »
411 969 506 1004 tum
529 959 602 1003 dat
623 961 738 1003 Deus
754 960 786 1001 ¹.
812 960 869 1002 Et
895 960 1009 1001 Deus
1032 957 1217 1001 charitas
1243 965 1308 1000 est
1325 991 1336 1011 ,
1363 964 1406 1000 et
1430 955 1504 1016 qui
1534 963 1683 999 manet
1713 954 1726 998 i

365 1050 387 1075 »
413 1032 638 1085 charitate,
662 1031 708 1073 in
728 1032 818 1074 Deo
836 1037 1000 1083 manet,
1025 1037 1068 1072 et
1087 1030 1200 1071 Deus
1220 1027 1264 1070 in
1280 1026 1357 1071 illo
1378 1034 1527 1070 manet
1540 1028 1573 1070 ².
1601 1043 1621 1068 »
1656 1022 1745 1072 Nul

363 1102 430 1146 lus
457 1101 585 1145 etiam
607 1099 849 1159 praedicans
871 1113 1032 1142 nomen
1065 1097 1254 1153 Christi,
1279 1106 1322 1140 et
1346 1105 1516 1155 gestans
1538 1110 1586 1140 ac
1607 1095 1734 1140 minis

363 1182 483 1218 trans
505 1179 824 1216 sacramentum
842 1169 1019 1224 Christi,
1041 1167 1289 1228 sequendus
1305 1176 1370 1211 est
1383 1176 1535 1213 contra
1547 1167 1714 1212 unitate
1787 1222 1789 1225 ι

364 1242 541 1288 Christi.
573 1260 592 1282 «
618 1242 740 1300 Opus
764 1255 892 1284 suum
915 1239 1071 1299 probet
1095 1238 1426 1298 unusquisque3
1450 1246 1494 1281 et
1516 1246 1622 1282 tunc
1644 1236 1690 1281 in
1716 1249 1785 1311 ⁸²4⁸

369 1334 388 1357 »
413 1314 506 1372 ipso
533 1321 706 1356 tantum
740 1311 918 1369 gloriam
945 1310 1150 1364 habebit,
1177 1319 1219 1353 et
1253 1324 1343 1354 non
1364 1309 1410 1355 in
1433 1307 1584 1353 altero.
1617 1310 1740 1353 Unus
1784 1355 1787 1357 Α

367 1402 390 1426 »
416 1383 604 1444 quisque
620 1382 734 1426 enim
753 1381 978 1441 proprium
1001 1396 1111 1426 onus
1134 1379 1368 1437 portabitss,
1388 1394 1537 1424 »onus
1558 1314 1786 1452 videlice&

365 1453 601 1498 reddendae
624 1453 800 1498 rationis
822 1472 829 1497 :
857 1453 958 1513 quia
981 1452 1283 1512 unusquisque
1305 1459 1500 1496 nostrum
1524 1465 1604 1510 pro
1624 1465 1669 1495 se
1691 1454 1791 1538 γει-ξ’

364 1525 528 1570 tionem
551 1523 720 1568 reddet.
754 1526 849 1569 Non
881 1524 1029 1583 itaque
1055 1523 1240 1583 amplius
1261 1522 1446 1568 invicem
1463 1520 1710 1582 judicemus
1724 1519 1767 1566 *ζ

362 1597 470 1641 Nam
493 1603 709 1655 quantum
731 1595 885 1638 attinet
903 1594 958 1638 ad
976 1609 1108 1639 onera
1128 1603 1295 1638 mutuae
1318 1593 1555 1647 charitatis,
1572 1592 1759 1638 invicem

363 1680 496 1710 onera
519 1673 660 1709 vestra
694 1673 865 1723 portate
884 1699 894 1719 ‚
923 1673 967 1709 et
989 1664 1049 1708 sic
1071 1662 1363 1723 adimplebitis
1384 1663 1524 1722 legem
1546 1663 1707 1708 Christi
1725 1661 1788 1749 ἦέ

366 1754 386 1778 «
411 1736 497 1788 Qui
519 1736 634 1779 enim
654 1744 780 1793 putat
802 1749 847 1779 se
864 1749 955 1779 esse
979 1734 1143 1794 aliquid
1162 1769 1172 1789 ‚
1198 1750 1299 1779 cum
1317 1733 1425 1782 nihil
1442 1735 1496 1779 sit
1516 1769 1527 1789 ,
1551 1748 1596 1778 se
1616 1733 1785 1804 ipsunt*

362 1825 384 1850 n
410 1806 577 1852 seducit
594 1809 626 1850 ⁶.
650 1825 670 1848 n
700 1807 966 1852 Suffcramus
988 1822 1091 1866 ergo
1108 1806 1294 1852 invicem
1316 1807 1361 1850 in
1382 1806 1641 1861 dilectione,
1658 1805 1785 1874 satis}

358 1887 532 1937 agentes
554 1893 723 1922 servare
746 1879 958 1922 unitatem
979 1877 1153 1937 spiritus
1176 1878 1222 1922 in
1249 1876 1426 1922 vinculo
1457 1877 1574 1936 pacis
1595 1896 1605 1922 ε
1638 1885 1789 1956 extraj>

358 1965 492 2009 quam
515 1950 710 2010 quisquis
729 1948 912 2006 colligit,
932 1964 1022 1993 non
1040 1964 1140 1994 cum
1160 1949 1333 1994 Christo
1349 1947 1540 2007 colligit:
1560 1947 1788 2016 (Ιυίεςμιίεῃ4

358 2028 503 2064 autem
523 2035 613 2064 non
632 2034 734 2063 cum
756 2019 930 2064 Christo
947 2019 1128 2077 colligit,
1149 2019 1327 2078 spargit.
1764 2019 1792 2091 ἃ

416 2092 519 2132 VII.
545 2090 732 2133 Proinde
749 2089 838 2134 sive
855 2088 910 2133 de
934 2089 1122 2144 Christo,
1149 2090 1236 2134 sive
1257 2090 1313 2134 de
1334 2090 1427 2149 ejus
1444 2087 1652 2144 Ecelesia,
1669 2088 1793 2167 sive-2

357 2158 414 2203 de
435 2173 713 2217 quacumque.
751 2157 831 2202 alia
860 2174 907 2202 re
933 2175 1033 2218 quae
1057 2161 1247 2219 pertinet
1278 2158 1333 2204 ad
1362 2159 1495 2204 fidem
1529 2160 1795 2439 vitamque}

1760 1546 1789 1608 ἰ

1763 1636 1780 1665 ο

357 2237 567 2283 vestram,
590 2244 680 2272 non
705 2227 847 2272 dicam
871 2243 975 2282 nos,
1000 2244 1279 2289 nequaquam
1304 2229 1588 2288 comparandi
1617 2230 1654 2273 ei
1678 2229 1755 2290 qui

357 2298 467 2343 dixit
493 2318 501 2344 :
531 2318 551 2341 «
575 2299 697 2343 Licet
719 2300 751 2342 si
774 2314 879 2356 nos3
906 2317 927 2340 η
963 2299 1038 2343 sed
1061 2300 1240 2345 omnino
1273 2300 1395 2360 quod
1424 2309 1599 2345 secutus
1630 2299 1751 2361 adje-

352 2368 411 2412 cit
444 2388 453 2413 :
489 2388 508 2411 α
536 2369 579 2414 Si
601 2368 780 2428 angelus
813 2368 868 2413 de
898 2368 1032 2414 coelos
1067 2370 1190 2415 vobis
1223 2370 1549 2416 annuntiaverit
1591 2379 1752 2431 praeter

400 2471 413 2486 ¹
435 2481 447 2500 1
468 2472 541 2501 Cor.
563 2481 609 2509 ιιι,
631 2481 661 2511 7.
677 2488 717 2493 -
733 2477 744 2492 ²
768 2481 779 2502 1
801 2472 952 2511 Joan.1V‚
979 2473 1029 2506 16.
1048 2491 1080 2496 -
1098 2471 1111 2497 3
1130 2472 1185 2506 Gal
1219 2484 1262 2515 vi,
1282 2473 1313 2515 4.
1331 2472 1399 2504 -4
1419 2476 1511 2507 Rom.
1542 2484 1609 2513 xw,
1637 2472 1691 2506 15.
1708 2464 1796 2511 -πό

353 2522 369 2546 5
388 2524 502 2564 Ephes.
524 2535 570 2562 VI,
587 2534 619 2563 2,
639 2525 669 2556 3.
688 2523 758 2549 -6
781 2525 848 2559 Gal.
872 2537 914 2562 iv.
939 2535 969 2559 2.
1773 2551 1791 2579 ῃ
