1825 3264
324 225 378 263 6⁶2
757 229 790 258 s.
826 229 1057 259 Aucus‘run
1091 230 1271 259 zmscom

325 309 465 344 vestro
483 297 683 355 contagio
698 297 909 355 Optatum
938 294 1118 340 induitis
1140 294 1407 355 proditorem
1424 327 1435 348 ,
1461 301 1677 352 raptorem
1695 325 1706 346 ,

325 383 644 429 oppressorem,
679 376 969 426 separatorem
996 385 1005 410 ε
1037 365 1112 410 sed
1143 366 1253 409 absit
1278 373 1328 408 ut
1360 362 1575 423 cupiditas
1608 361 1711 406 red-

323 439 454 483 dendi
480 436 700 482 maledicti
728 453 796 481 me
824 437 879 481 ad
903 436 1094 496 aliquam
1116 444 1322 495 provocet
1344 433 1574 478 falsitatem
1601 446 1712 478 :nec

322 525 396 554 vos
418 509 536 554 enim
556 507 681 553 illum
702 508 880 552 induitis
896 543 906 563 ‚
929 523 1008 553 nec
1029 523 1106 552 nos
1126 508 1272 552 istum.
1296 509 1449 566 Itaque
1471 505 1505 550 si
1526 505 1713 566 quisque

325 580 380 624 ad
409 595 486 625 nos
508 580 684 624 veniens
706 580 752 623 in
776 579 952 623 nomine
981 578 1129 637 Optati
1162 593 1206 622 se
1229 577 1498 636 baptizatum
1513 590 1604 620 esse
1620 589 1713 619 res-

326 649 517 709 pondeat
531 685 541 705 ‚
567 659 614 694 et
643 649 934 709 baptizabitur
955 649 998 692 in
1017 648 1194 692 nomine
1212 647 1375 693 Christi
1395 667 1406 704 3
1428 655 1472 691 et
1484 661 1560 691 vos
1582 653 1714 707 quot·-

325 730 434 780 quot
468 737 492 765 a
519 721 643 765 nobis
675 720 894 764 venientes
929 719 1200 779 baptizastis,
1241 719 1274 762 si
1305 719 1351 762 in
1383 718 1561 762 nomine
1586 715 1714 761 Judae

327 789 546 834 traditoris
583 805 627 834 se
673 790 911 848 baptizatos
947 788 1146 833 dixerant
1166 824 1177 844 ‚
1226 805 1315 833 non
1354 786 1716 847 reprehendimus

326 860 445 921 quod
466 860 625 904 fecistis
650 880 657 904 z
684 862 717 903 si
733 869 877 903 autem
900 861 946 903 in
963 860 1122 904 Christi
1141 859 1319 904 nomine
1343 857 1549 918 baptizati
1571 865 1712 912 erant,

327 946 415 976 non
436 931 593 975 videtis
615 941 780 991 quanto
803 947 946 975 errore
975 931 1242 975 arbitremini
1265 931 1471 975 varietate
1497 931 1716 974 humano·-

327 1017 423 1045 rum
445 1002 653 1046 vitiorum
685 1001 830 1046 divina
857 1012 1123 1047 sacramenta
1153 1002 1324 1057 variari,
1351 1010 1428 1046 aut
1448 1001 1548 1046 vitae
1571 1001 1716 1060 cujus-

325 1087 457 1131 quam
478 1071 678 1116 sordibus
701 1071 868 1131 pollui?

384 1144 473 1187 CV.
507 1146 767 1186 Perimmus
801 1142 907 1186 dixit
930 1161 938 1187 :
961 1141 1049 1187 Sed
1078 1142 1112 1186 si
1140 1142 1232 1185 istae
1261 1150 1363 1186 sunt
1404 1150 1573 1202 partes,
1605 1139 1716 1185 nihil

327 1211 450 1256 nobis
474 1212 762 1272 praejudicant
788 1213 965 1257 nomina
999 1212 1246 1272 compartis.
1278 1215 1386 1256 Duae
1412 1227 1603 1272 namque
1634 1211 1716 1256 viae

327 1291 444 1337 sunt,
465 1298 551 1326 una
566 1292 749 1341 angusta
765 1298 852 1342 qua
871 1283 1090 1341 pergimus
1111 1301 1119 1327 ε
1143 1281 1276 1326 altera
1291 1295 1355 1327 est
1371 1283 1513 1343 impiis
1529 1298 1617 1343 qua
1638 1297 1718 1342 pe-

327 1352 477 1396 ribunt
496 1387 506 1407 ,
539 1362 582 1396 et
617 1362 761 1396 tamen
791 1352 918 1411 longe
948 1352 1207 1397 discernitur
1231 1353 1432 1398 vocabuli
1460 1353 1712 1415 aequalitas,

327 1438 381 1466 ne
403 1423 471 1467 via
488 1423 666 1483 justitiae
685 1424 904 1468 consortio
919 1424 1106 1468 nominis
1127 1424 1387 1469 maculetur.

382 1495 496 1538 CVI.
541 1498 816 1539 Auousrmus
859 1494 1084 1554 respondit
1126 1515 1134 1541 :
1179 1497 1376 1541 Timuisti
1419 1504 1714 1556 comparatam

327 1564 600 1609 multitudini
631 1576 781 1610 vestrae
814 1556 1141 1611 multitudinem
1174 1568 1289 1612 orbis
1313 1577 1555 1624 terrarum,
1586 1577 1631 1612 et
1658 1567 1714 1612 ad

326 1635 554 1694 paucitatis
577 1635 750 1680 laudem
774 1653 851 1696 per
873 1647 1098 1697 angustam
1120 1639 1233 1683 viam
1251 1639 1520 1697 gradientem
1542 1649 1585 1684 te
1602 1654 1713 1684 con-

327 1704 439 1748 ferre
461 1705 648 1749 voluisti.
680 1707 853 1751 Utinam
877 1723 966 1752 non
990 1707 1044 1752 ad
1064 1710 1156 1768 ejus
1178 1708 1355 1754 laudem
1372 1745 1382 1765 ‚
1407 1710 1484 1755 sed
1505 1709 1560 1755 ad
1577 1711 1713 1769 ipsam

324 1775 438 1818 viam
461 1784 502 1820 te
524 1776 776 1821 contulisses
807 1796 814 1821 :
847 1778 1042 1837 profecto
1065 1779 1325 1838 perspiceres
1342 1779 1540 1824 eamdem
1558 1780 1712 1840 pauci·
1766 1830 1774 1834 ,

326 1853 457 1889 tatem
495 1846 540 1889 in
579 1847 771 1891 Ecclesia
806 1863 894 1892 esse
934 1849 1133 1893 omnium
1170 1851 1366 1908 gentium
1382 1885 1392 1905 ‚
1437 1850 1512 1894 sed
1550 1865 1712 1910 paucos

326 1914 411 1959 dici
432 1918 572 1975 justos
600 1919 644 1960 in
677 1919 999 1977 comparatione
1028 1920 1267 1964 multorum
1290 1921 1542 1981 iniquorum
1568 1941 1577 1966 ;
1602 1921 1714 1966 sicut

325 1986 368 2028 in
391 1987 714 2045 comparatione
729 1987 863 2046 paleae
881 1999 1061 2048 possunt
1073 2005 1208 2049 pauca
1227 2005 1357 2048 grana
1375 1991 1463 2036 dici
1481 1991 1713 2036 uberrimae

325 2058 491 2113 segetis,
510 2073 608 2116 quae
626 2068 771 2102 tamen
793 2075 869 2118 per
889 2075 933 2103 se
955 2060 1044 2119 ipsa
1064 2061 1110 2105 in
1131 2076 1313 2106 massam
1336 2064 1509 2107 redacta
1530 2062 1714 2122 implent

324 2126 543 2170 horreum.
557 2131 664 2173 Nam
672 2129 784 2173 sicut
799 2129 843 2173 in
857 2130 1211 2176 tribulationibus
1225 2134 1480 2178 amissorum
1494 2134 1708 2189 locorum,

325 2195 383 2239 sic
415 2196 545 2240 etiam
577 2198 622 2240 in
657 2199 894 2256 paucitate,
931 2200 965 2243 si
999 2201 1043 2244 in
1066 2201 1130 2245 his
1154 2211 1280 2260 putas
1302 2218 1390 2247 esse
1402 2204 1614 2263 justitiam
1631 2238 1643 2259 ‚
1668 2212 1712 2248 te

325 2266 403 2324 ipsi
426 2267 752 2312 Maximianistae
774 2271 1060 2328 superabunt.

382 2338 518 2381 CVII.
545 2341 805 2384 Panum-us
826 2339 931 2384 dixit
949 2341 1119 2386 :Primo
1138 2340 1308 2387 Psalmo
1332 2344 1467 2388 David
1493 2344 1640 2389 beatos
1661 2353 1708 2388 et

323 2407 476 2465 impios
498 2418 691 2468 separat,
717 2425 805 2454 non
827 2420 967 2469 partes
985 2411 1146 2457 scilicet
1167 2413 1326 2458 faciens
1342 2449 1354 2470 ,
1383 2415 1460 2459 sed
1482 2416 1537 2460 ab
1557 2415 1707 2460 omni-

323 2476 405 2520 bus
421 2477 564 2537 impiis
580 2495 780 2539 separans
801 2483 1087 2527 sanctitatem.
1112 2502 1133 2527 «
1153 2487 1310 2530 Beatus
1324 2485 1389 2530 vir
1400 2487 1477 2546 qui
1490 2501 1582 2532 non
1601 2485 1708 2531 abiit

327 2563 346 2587 υ
372 2545 417 2590 in
442 2547 624 2594 concilio
640 2549 890 2609 impiorum,
914 2561 958 2597 et
973 2552 1019 2597 in
1035 2553 1102 2599 via
1118 2563 1395 2614 peccatorum
1412 2570 1502 2602 non
1516 2555 1652 2602 stetit.
1682 2559 1719 2596 »'
