1825 3264
324 242 407 282 246
764 253 796 279 s.
834 249 1065 278 Atousrmr
1097 250 1280 278 Errscorr

318 327 470 362 natum
503 324 565 359 est
592 316 638 358 in
668 315 743 368 eis,
771 315 847 374 qui
879 313 1041 358 ibidem
1075 313 1301 358 constituti
1332 322 1511 374 accepto
1543 314 1706 374 Spiritu

318 396 467 433 sancto
489 386 649 444 linguis
671 386 874 430 omnibus
895 395 997 429 sunt
1019 385 1170 429 locuti.

373 460 514 501 XXX.
539 459 634 501 Jam
659 472 735 517 per
757 457 856 500 alias
876 466 1024 515 gentes
1049 454 1422 515 quemadmodum
1444 454 1558 511 ierit,
1582 456 1703 515 quod

315 529 443 574 etiam
479 529 569 588 ipse
601 532 753 572 Petrus
782 528 1054 588 praedixerat,
1087 526 1163 571 ubi
1192 526 1251 570 ait
1277 545 1285 570 ι
1307 545 1327 568 «
1352 526 1487 570 Vobis
1508 535 1572 570 est
1600 542 1702 587 pro-

318 619 339 641 »
373 600 518 643 missio
535 608 578 642 et
597 598 693 643 filiis
709 600 874 653 vestris,
895 608 937 642 et
955 597 1159 643 omnibus
1175 597 1250 658 qui
1264 596 1395 656 longe
1411 606 1513 641 sunt
1534 632 1545 653 ,
1571 613 1703 658 quos-

317 690 337 713 »
373 686 563 730 cumque
596 671 870 715 advocaverit
904 672 1113 726 Dominus
1149 671 1259 712 Deus
1288 678 1434 713 noster
1465 688 1474 713 ε
1509 686 1530 710 »
1576 668 1704 713 dein-

314 758 414 802 ceps
456 742 693 786 videamus.
738 744 978 786 Narrantur
1015 741 1130 785 enim
1163 748 1480 800 consequenter
1512 755 1577 795 ea,
1604 756 1705 801 quae

315 824 420 858 tunc
443 823 559 872 gesta
582 822 684 857 sunt
708 812 987 869 Jerosolymis
1006 827 1144 871 usque
1161 812 1215 855 ad
1231 811 1472 870 passionem
1494 812 1703 871 Stephani

316 883 486 928 diaconi
519 883 631 927 :ubi
667 883 794 927 etiam
830 883 984 928 Saulus
1029 891 1396 926 commemoratur
1430 883 1704 928 consentiens

316 956 520 1001 occisioni
563 956 669 1015 ejus.
713 958 809 1008 Qua
851 954 1064 1011 completa
1086 990 1096 1008 ,
1140 955 1200 998 ita
1254 953 1413 997 deinde
1465 964 1665 998 narratur
1692 973 1702 1000 :

318 1046 337 1068 »
375 1029 506 1070 Facta
523 1035 585 1069 est
603 1034 746 1069 autem
763 1026 808 1068 in
828 1024 899 1068 illa
916 1024 986 1068 die
1003 1024 1247 1084 persecutio
1262 1038 1417 1081 magna
1431 1024 1475 1066 in
1493 1024 1701 1079 Ecclesia,

318 1115 337 1137 »
374 1111 472 1156 quae
489 1105 577 1138 erat
596 1095 640 1138 in
661 1094 941 1151 Jerosolymis
964 1114 973 1138 :
994 1109 1232 1154 omnesque
1253 1094 1432 1153 dispersi
1450 1095 1614 1138 suntin
1634 1110 1706 1139 re-

320 1186 338 1209 »
377 1166 578 1225 gionibus
607 1164 796 1219 Judaeae,
829 1175 872 1208 et
902 1165 1120 1220 Samariae,
1156 1165 1342 1224 exceptis
1365 1164 1598 1223 Apostolis,
1630 1166 1706 1226 qui

319 1256 339 1280 »
376 1245 678 1281 remanserunt
713 1234 991 1292 Jerosolymis
1016 1238 1045 1278 ¹.
1089 1253 1110 1276 »
1146 1234 1302 1279 Videte
1332 1234 1704 1294 quemadmodum

315 1309 519 1368 deinceps
542 1307 789 1367 impleatur,
815 1306 935 1367 quod
964 1322 1039 1366 per
1063 1307 1259 1351 ordinem
1280 1307 1488 1351 Dominus
1508 1307 1672 1352 dixerat
1692 1326 1701 1352 :

317 1399 337 1421 »
374 1380 504 1424 Eritis
533 1379 639 1422 mihi
671 1387 798 1422 testes
825 1379 869 1421 in
900 1378 1139 1422 Jerusalem
1160 1412 1170 1432 ,
1202 1387 1244 1421 et
1279 1379 1322 1421 in
1346 1387 1436 1422 tota
1458 1377 1628 1432 Judaea,
1664 1387 1707 1422 et

318 1469 338 1493 »
378 1451 584 1503 Samaria,
612 1458 654 1493 et
677 1464 815 1509 usque
835 1449 880 1492 in
903 1458 1038 1493 totam
1064 1458 1223 1493 terram
1240 1452 1272 1492 ².
1302 1467 1321 1489 »
1346 1451 1442 1494 Jam
1463 1449 1509 1492 in
1531 1451 1706 1494 Jerusa-

315 1522 400 1564 lem
422 1521 588 1565 factum
613 1530 723 1564 erat:
741 1521 1005 1580 sequebatur
1020 1520 1066 1563 in
1086 1520 1255 1573 Judaea,
1281 1529 1324 1564 et
1350 1521 1556 1576 Samaria,
1573 1536 1706 1580 prop-

317 1602 380 1636 ter
404 1591 523 1652 quod
541 1591 603 1634 illi
626 1591 805 1650 dispersi
825 1601 926 1635 sunt
946 1593 990 1635 in
1013 1591 1262 1649 regionibus
1284 1590 1465 1646 Judaeae‚
1491 1601 1535 1636 et
1559 1594 1706 1636 Sama-

315 1662 404 1705 riae.
434 1664 528 1705 Hoc
556 1662 672 1704 enim
699 1662 754 1704 de
784 1660 868 1705 illis
892 1677 993 1705 mox
1015 1661 1174 1706 dicitur
1195 1680 1205 1706 ι
1229 1680 1248 1704 «
1270 1665 1326 1706 At
1343 1661 1406 1705 illi
1422 1662 1498 1722 qui
1525 1660 1706 1722 dispersi

316 1751 336 1772 »
373 1740 511 1785 erant,
542 1740 812 1775 transeuntes
836 1746 913 1790 per
934 1732 1127 1776 civitates
1155 1741 1197 1776 et
1220 1732 1411 1787 castella,
1435 1731 1706 1791 evangeliza-

317 1821 335 1843 »
373 1802 481 1845 bant
494 1803 675 1845 verbum
696 1802 772 1845 Dei
790 1805 821 1845 ².
847 1820 866 1843 »
892 1803 1003 1854 Quia
1025 1817 1128 1847 vero
1150 1804 1289 1847 ierant
1311 1813 1353 1847 et
1375 1803 1599 1862 Apostoli,
1625 1818 1705 1848 au-

313 1874 404 1917 diro
437 1873 557 1933 quod
591 1874 818 1932 recepisset
851 1874 1042 1918 Samaria
1081 1874 1265 1918 verbum
1295 1875 1388 1929 Dei,
1420 1874 1598 1934 quando
1627 1890 1706 1934 per

313 1945 632 2003 impositionem
649 1960 802 1989 manus
818 1960 967 1989 eorum
984 1954 1245 2004 acceperunt
1263 1946 1472 2005 Spiritum
1484 1954 1700 2001 sanctum,

314 2017 367 2059 ita
394 2015 553 2059 dicitur
577 2015 632 2059 de
656 2019 782 2059 Petro
807 2025 850 2059 et
877 2018 1044 2060 Joanne
1071 2035 1079 2060 :
1110 2035 1128 2057 «
1156 2020 1308 2060 Petrus
1329 2025 1473 2060 autem
1497 2025 1540 2060 et
1569 2018 1704 2060 Joan-

318 2105 334 2126 u
371 2102 446 2129 nes
465 2086 679 2129 testificati
698 2087 880 2129 verbum
903 2086 1095 2141 Domini,
1119 2086 1344 2130 rediebant
1365 2085 1699 2144 Jerosolymam,

314 2174 334 2196 »
371 2156 607 2215 multisque
639 2157 739 2200 viris
783 2157 1154 2201 Samaritanorum
1190 2157 1545 2215 evangelizabant
1578 2168 1703 2203 tran-

314 2244 333 2266 »
370 2235 541 2270 seuntes
565 2230 596 2269 ⁴.
636 2247 652 2266 »
683 2228 845 2270 Deinde
868 2237 1067 2271 narratur
1089 2226 1144 2271 de
1166 2227 1240 2271 illo
1262 2228 1494 2282 Eunucho,
1529 2229 1606 2288 qui
1634 2244 1702 2273 re-

311 2297 433 2342 diens
470 2299 524 2342 ab
558 2298 855 2356 Jerosolymis,
893 2315 915 2342 a
948 2299 1151 2358 Philippo
1186 2299 1427 2357 baptizatus
1457 2307 1521 2343 est
1547 2318 1555 2343 :
1581 2308 1623 2344 et
1646 2299 1702 2344 de

311 2371 402 2428 ipso
439 2369 639 2429 Philippo
673 2369 859 2414 dicitur:
890 2388 908 2411 «
936 2369 1128 2428 Angelus
1166 2379 1311 2414 autem
1344 2370 1516 2414 Domini
1557 2371 1702 2431 rapuit

312 2459 330 2480 »
360 2440 610 2498 Philippum
634 2441 689 2484 ab
711 2455 778 2494 eo,
806 2450 847 2484 et
874 2440 1058 2500 amplius
1081 2456 1170 2485 non
1191 2442 1300 2486 vidit
1318 2457 1419 2486 eum
1437 2443 1694 2487 Eunuchus.

306 2527 326 2549 »
356 2510 450 2553 Ibat
482 2520 627 2554 autem
652 2512 718 2555 via
742 2527 817 2556 sua
840 2511 1032 2570 gaudens
1053 2511 1308 2571 :Philippus
1329 2521 1475 2557 autem
1495 2513 1697 2559 inventus

351 2601 358 2614 ¹
391 2597 459 2625 act.
484 2605 553 2628 vin.
580 2608 664 2626 1.—
683 2603 693 2617 ²
728 2597 773 2628 I·l.
799 2609 822 2636 1,
851 2597 882 2629 8.
900 2614 940 2620 -ν-
962 2596 974 2619 3
992 2598 1038 2629 Id.
1062 2608 1141 2638 vm,
1170 2597 1199 2638 5.
1221 2596 1289 2627 -4
1315 2597 1397 2630 Ibid.
1418 2598 1471 2631 25.
