1825 3264
351 257 435 298 204
784 262 818 294 s.
854 263 1090 294 auersum
1123 264 1306 294 nnseom

351 335 434 379 hoc
455 332 559 377 facit
577 340 755 392 propter
774 329 855 376 alia
878 345 978 392 quae
990 330 1186 390 requirit.
1204 328 1314 374 Vide
1335 338 1482 374 tamen
1499 328 1605 390 quid
1623 330 1739 374 idem

350 404 582 464 Apostolus
606 403 762 448 dixerit
789 423 798 448 2
827 422 847 446 «
876 404 917 448 Si
942 417 1042 460 ergo
1077 401 1227 446 volens
1268 402 1351 447 hoc
1387 400 1525 456 facio,
1570 402 1737 462 inquit,

353 495 372 517 »
408 475 654 520 mercedem
686 475 827 519 habeo
853 493 861 518 ε
888 475 921 518 si
944 483 1089 517 autem
1119 473 1305 528 invitus,
1339 472 1600 532 dispensatio
1634 473 1740 518 mihi

355 566 372 587 »
408 546 569 590 credita
591 548 700 589 est1.
720 565 736 587 »
761 547 984 604 Tanquam
1007 544 1189 598 diceret,
1225 544 1268 588 Si
1288 543 1431 588 bonus
1463 544 1630 588 bonum
1660 559 1741 587 an-

350 618 521 671 nuntio,
549 617 678 660 etiam
700 616 791 675 ipse
812 615 1017 674 pervenio
1042 634 1050 659 ;
1075 614 1108 658 si
1131 624 1276 658 autem
1296 614 1459 669 malus,
1485 615 1653 659 bonum
1669 629 1742 658 an-

350 688 520 731 nuntio.
548 687 772 747 Numquid
790 687 903 731 enim
928 686 1058 741 dixit,
1087 686 1127 731 Si
1142 686 1304 731 invitus
1321 684 1450 741 facio,
1470 686 1741 746 dispensator

349 774 439 802 non
458 759 562 802 ero?
588 758 878 802 Annuntiavit
912 761 1061 801 Petrus
1082 766 1125 800 et
1159 758 1303 801 caeteri
1326 757 1453 812 boni,
1478 757 1637 801 invitus
1658 759 1740 800 Ju-

347 827 421 872 das
437 864 447 882 ,
473 838 618 872 tamen
636 844 736 873 curn
758 829 858 888 ipsis
896 828 1049 872 missus
1080 829 1372 872 annuntiavit.
1402 827 1470 872 Illi
1494 828 1742 873 mercedem

348 899 536 954 habent,
562 900 664 944 huic
688 899 950 959 dispensatio
975 899 1137 944 credita
1161 908 1238 943 est.
1261 900 1346 952 Qui
1369 909 1513 943 autem
1537 898 1742 943 omnibus

349 967 432 1012 illis
450 970 814 1014 annuntiantibus
830 969 1115 1028 Evangelium
1133 979 1445 1029 perceperunt,
1472 985 1560 1013 non
1584 986 1606 1013 a
1622 968 1744 1028 plan-

349 1048 489 1082 tatore
513 1039 583 1083 vel
602 1041 809 1098 rigatore,
828 1041 902 1083 sed
921 1040 974 1082 ab
988 1055 1039 1083 eo
1062 1040 1138 1099 qui
1156 1041 1476 1084 incrementum
1499 1039 1594 1093 dat,
1615 1054 1744 1082 mun-

348 1110 441 1153 dari
466 1119 705 1168 potuerunt
738 1120 780 1154 et
797 1110 1040 1170 justificari.
1067 1113 1219 1170 Neque
1250 1111 1364 1154 enim
1403 1110 1561 1155 dicturi
1596 1125 1744 1154 sumus

347 1182 508 1226 Judam
528 1200 617 1228 non
642 1185 895 1243 baptizasse,
917 1199 1016 1229 cum
1035 1184 1178 1228 adhuc
1198 1185 1311 1228 inter
1335 1184 1577 1244 Discipulos
1596 1183 1740 1239 fuerit,

348 1256 527 1314 quando
552 1255 685 1300 fiebat
703 1258 822 1316 quod
847 1256 1056 1315 scriptum
1080 1266 1142 1300 est
1165 1275 1173 1301 ε
1204 1275 1224 1297 «
1250 1259 1347 1315 Ipse
1369 1272 1457 1300 non
1477 1255 1739 1315 baptizabat,

351 1343 370 1365 »
407 1325 484 1368 sed
507 1326 715 1384 Discipuli
739 1328 830 1386 ejus
854 1328 885 1370 ³.
912 1345 930 1367 »
958 1330 1025 1370 An
1060 1327 1161 1385 quia
1183 1327 1383 1370 nondum
1406 1318 1627 1372 Christum
1651 1335 1742 1370 tra-

348 1393 542 1450 diderat,
566 1397 641 1456 qui
659 1395 825 1441 loculos
841 1396 1076 1451 habebat2,
1099 1405 1141 1440 et
1162 1413 1209 1441 ea
1230 1413 1329 1457 quae
1352 1397 1642 1441 mittebantur
1664 1411 1744 1440 au-

348 1463 518 1509 ferebat
535 1501 546 1520 ,
568 1475 611 1509 et
628 1467 702 1525 qui
725 1467 924 1526 pecuniae
942 1476 1086 1512 custos
1107 1468 1316 1513 innocens
1339 1484 1430 1512 esse
1453 1483 1542 1511 non
1572 1467 1715 1526 potuit
1731 1502 1742 1522 ,

347 1535 619 1595 dispensator
641 1547 785 1581 tamen
817 1539 964 1597 gratiae
987 1539 1078 1583 sine
1108 1539 1416 1599 accipientium
1442 1540 1604 1582 damno
1633 1536 1747 1581 fuit?

346 1610 436 1651 Aut
457 1608 489 1650 si
513 1623 602 1652 non
626 1609 885 1668 baptizavit,
912 1618 1028 1653 certe
1059 1608 1254 1654 fatemini
1286 1610 1386 1670 quia
1416 1608 1742 1668 evangelizavit.

347 1677 477 1729 Quod
499 1678 532 1721 si
558 1679 639 1722 hoc
661 1679 891 1722 minimum
907 1688 949 1723 et
970 1680 1066 1723 leve
1084 1679 1266 1734 ducitis,
1288 1680 1431 1723 videte
1452 1679 1560 1739 quid
1578 1678 1633 1722 de
1652 1679 1747 1737 ipso

352 1748 488 1791 Paulo
511 1748 707 1807 apostolo
730 1751 922 1793 sentiatis
941 1785 950 1804 ,
978 1750 1054 1809 qui
1078 1750 1187 1793 dixit
1210 1769 1218 1794 ·.
1243 1768 1259 1787 «
1287 1752 1384 1794 Non
1407 1750 1522 1793 enim
1547 1749 1660 1792 misit
1677 1763 1747 1792 me

350 1835 369 1857 »
405 1819 602 1863 Christus
626 1819 868 1879 baptizare,
894 1820 968 1863 sed
992 1820 1330 1878 evangelizare&
1362 1839 1381 1860 »
1416 1822 1512 1863 Huc
1549 1817 1743 1873 accedit,

346 1889 448 1947 quia
470 1891 623 1948 incipit
654 1906 744 1934 esse
767 1891 911 1950 potior
932 1890 1089 1949 Apollo
1107 1926 1117 1945 ,
1144 1892 1221 1951 qui
1260 1891 1524 1950 baptizando
1562 1890 1743 1947 rigavit,

347 1975 478 2018 quam
504 1960 688 2015 Paulus,
715 1962 790 2021 qui
820 1962 1160 2020 evangelizando
1183 1961 1422 2021 plantavit,
1446 1977 1545 2006 cum
1572 1960 1654 2004 sibi
1676 1958 1746 2004 of-

348 2029 494 2073 ficium
519 2031 652 2089 patris
675 2047 774 2090 erga
798 2032 1048 2076 Corinthios
1071 2032 1127 2076 ob
1150 2033 1233 2076 hoc
1256 2032 1449 2076 vindicet
1465 2066 1476 2086 ‚
1497 2045 1577 2074 nee
1595 2030 1654 2073 eis
1671 2030 1748 2090 qui

348 2111 445 2160 post
474 2100 598 2145 illum
631 2102 686 2146 ad
724 2118 795 2146 eos
832 2113 1064 2158 venerant,
1107 2104 1191 2148 hoc
1230 2118 1392 2148 nomen
1421 2101 1649 2148 concedat.
1675 2101 1748 2146 Ait

348 2171 465 2214 enim
493 2191 502 2215 :
532 2191 551 2213 «
581 2172 623 2216 Si
645 2171 796 2216 decem
821 2172 956 2217 millia
980 2174 1241 2232 paedagogos
1268 2174 1462 2217 habeatis
1484 2174 1529 2216 in
1551 2173 1744 2226 Christo,

351 2260 371 2283 n
407 2241 484 2286 sed
506 2258 594 2287 non
619 2243 779 2287 multos
801 2253 943 2302 patres
967 2264 975 2288 2
996 2244 1040 2287 in
1060 2245 1234 2289 Christo
1253 2245 1367 2287 enim
1388 2246 1491 2287 Jesu
1514 2258 1591 2302 per
1609 2246 1750 2286 Evan-

351 2331 371 2353 »
409 2313 571 2372 gelium
594 2329 675 2373 ego
696 2329 771 2358 vos
796 2315 968 2372 genui⁵.
987 2332 1006 2354 »
1034 2314 1106 2357 Eis
1128 2313 1232 2358 dicit
1261 2333 1269 2358 :
1300 2333 1318 2355 «
1346 2316 1440 2372 Ego
1464 2329 1539 2357 vos
1558 2313 1709 2370 genui:
1725 2330 1744 2353 »

349 2383 509 2442 quibus
545 2383 630 2428 alio
663 2383 761 2428 loco
805 2384 910 2428 dicit
943 2403 950 2428 :
990 2403 1009 2425 «
1036 2385 1204 2428 Gratias
1237 2387 1350 2438 Deo,
1388 2382 1508 2443 quod
1531 2383 1752 2426 neminem

352 2471 373 2493 »
409 2450 602 2499 vestrum
618 2455 880 2514 baptizavit,
901 2455 982 2499 nisi
1004 2456 1206 2515 Crispum
1227 2465 1269 2500 et
1288 2457 1448 2500 Gaium
1465 2464 1507 2498 et
1523 2454 1754 2513 Stephanae

401 2560 407 2575 ¹
442 2564 455 2585 1
484 2556 554 2587 Cor.
576 2567 632 2597 ix,
668 2568 716 2597 ¹7·
735 2565 801 2580 —-²
822 2560 983 2599 Joan.1v‚
1004 2557 1185 2589 2.-31‹l.
1207 2569 1269 2593 xii,
1290 2560 1377 2590 6.—
1396 2558 1410 2587 4
1443 2568 1453 2588 ι
1480 2558 1550 2589 Cor.
1577 2566 1608 2596 1,
1640 2565 1747 2597 17.—

352 2606 493 2643 ⁵1d.1v.
518 2610 567 2642 15.
