1825 3264
309 252 472 283 com-M
503 254 705 283 LITTERAS
737 255 970 295 Peritum,
1004 258 1087 285 Lm.
1127 258 1172 284 11.
1360 247 1439 284 117

58 339 81 364 »
115 328 262 379 gentes
286 317 587 364 haereditatem
609 328 730 364 tuam
751 328 795 363 et
819 323 1128 379 possessionem
1152 332 1273 367 tuam
1297 322 1445 367 termi-

58 409 80 435 »ι
115 405 195 435 nos
218 399 359 435 terrae.
388 407 409 431 »
450 391 548 442 Quo
572 390 722 435 audito
747 390 900 449 utique
925 392 1136 436 mirantur
1157 407 1248 440 esse
1276 392 1446 453 aliquos

55 461 132 522 qui
153 461 255 506 huic
278 460 524 505 haereditati
546 460 708 506 Christi
735 459 1066 516 contradicunt,
1089 470 1132 506 et
1160 477 1255 507 eam
1278 463 1333 507 ad
1354 463 1446 507 exi-

55 544 183 592 guam
207 541 374 592 partem
396 541 522 576 terrae
544 531 738 590 redigere
765 539 980 576 conantur
1003 550 1013 576 2
1038 531 1332 592 mirantesque
1353 533 1446 579 for-

53 611 163 654 tasse
195 612 408 664 quaerunt
442 610 618 663 propter
649 602 694 646 id
728 603 850 662 quod
881 602 927 646 in
970 603 1337 662 consequentibus
1367 620 1447 649 au-

52 672 197 729 diunt,
214 693 235 717 «
261 674 424 719 Servite
461 673 648 718 Domino
684 673 728 716 in
765 674 918 718 timore
941 691 950 717 2
970 690 990 714 »
1015 672 1062 717 in
1094 688 1184 733 quo
1205 673 1268 717 illi
1290 675 1448 720 servire

50 745 246 806 possint,
283 744 329 789 in
365 753 586 804 quantum
623 759 740 803 reges
772 753 889 789 sunt.
927 745 1089 789 Omnes
1113 744 1227 788 enim
1250 745 1449 791 homines

49 816 206 861 servire
229 818 318 860 Deo
340 814 530 871 debent,
558 814 683 860 aliter
703 814 927 861 communi
947 814 1200 860 conditione
1218 849 1229 870 ,
1262 831 1348 876 qua
1366 817 1450 862 ho-

51 885 188 931 mines
218 894 319 930 >unt
343 906 352 930 :
379 885 502 930 aliter
528 885 705 930 diversis
727 885 878 941 donis,
902 884 1024 946 quod
1054 884 1126 929 ille
1148 884 1268 929 aliud
1292 887 1382 944 agit
1403 886 1450 931 in

49 956 176 1001 rebus
206 957 422 1012 humanis,
454 955 528 1001 ille
556 955 691 1001 aliud.
722 958 820 1002 Non
847 956 964 1000 enim
994 954 1232 1000 auferenda
1253 955 1371 1001 idola
1394 955 1449 1002 de

48 1034 186 1082 terra,
217 1026 338 1087 quod
366 1036 489 1072 tanto
522 1036 622 1072 ante
649 1026 850 1071 futurum
874 1026 1132 1087 praedictum
1154 1035 1218 1070 est
1242 1028 1279 1082 ¹,
1305 1036 1450 1087 posset

48 1099 280 1159 quisquam
294 1099 451 1158 jubere
463 1098 671 1158 privatus.
699 1098 876 1143 Habent
894 1113 998 1156 crgo
1020 1113 1158 1156 reges,
1181 1107 1359 1157 excepta
1377 1113 1450 1157 ge-

47 1169 163 1214 neris
185 1169 368 1213 humani
389 1169 622 1224 societate,
648 1184 700 1213 eo
727 1170 821 1228 ipso
843 1184 933 1230 quo
956 1184 1076 1228 reges
1098 1179 1222 1225 sunt,
1248 1168 1366 1214 unde
1389 1171 1450 1215 sic

48 1241 237 1285 Domino
259 1240 448 1285 serviant
467 1274 478 1296 ‚
515 1239 740 1301 quomodo
768 1255 859 1284 non
889 1249 1071 1300 possunt
1100 1241 1178 1300 qui
1210 1255 1330 1300 reges
1358 1255 1450 1286 non

46 1319 258 1426 SUZEXI.
284 1381 371 1424 Ista
388 1394 492 1439 ergo
510 1394 611 1424 cum
633 1379 844 1439 cogitant,
864 1379 1051 1425 audiunt
1065 1388 1108 1424 et
1126 1379 1238 1424 illud
1254 1379 1376 1440 quod
1393 1379 1450 1425 de

49 1451 189 1500 tribus
211 1451 358 1511 pueris
378 1451 469 1511 ipse
491 1451 868 1507 commemorasti,
900 1460 944 1496 et
968 1450 1154 1495 audiunt
1175 1451 1450 1496 solemnitate

49 1522 286 1569 mirabili2.
316 1526 439 1569 Tunc
461 1524 578 1568 enim
604 1523 758 1568 eadem
782 1523 1003 1583 Scriptura
1020 1523 1207 1567 maxime
1232 1523 1278 1566 in
1301 1522 1451 1568 Eccle-

46 1593 107 1638 sia
144 1602 346 1638 cantatur
366 1628 377 1648 ,
416 1593 596 1654 quando
640 1595 732 1653 ipsa
771 1592 980 1638 festivitas
1022 1593 1306 1638 ferventiores
1343 1593 1450 1637 facit

49 1663 179 1708 etiam
214 1678 286 1708 eos
314 1664 392 1722 qui
413 1674 572 1708 caetero
596 1679 711 1709 anno
733 1664 942 1723 pigriores
965 1673 1083 1708 sunt.
1111 1664 1224 1714 Quid
1245 1677 1348 1721 ergo
1371 1678 1448 1721 pu-

47 1733 146 1779 tatis
165 1732 299 1777 animi
320 1733 481 1777 habere
503 1733 770 1778 Christianos
792 1733 1073 1792 imperatores
1091 1766 1103 1787 ‚
1137 1747 1238 1776 cum
1261 1731 1448 1777 audiunt

47 1810 133 1848 tres
159 1818 315 1862 pueros
347 1803 496 1848 missos
517 1803 563 1847 in
590 1804 811 1848 caminum
837 1803 946 1861 ignis
971 1801 1162 1846 ardentis
1182 1837 1193 1857 ‚
1230 1803 1332 1862 quia
1356 1803 1447 1862 regi

47 1873 104 1919 ad
123 1868 401 1935 iniquitatem
428 1874 639 1920 adorandi
662 1874 879 1920 simulacri
909 1874 1153 1919 consentire
1175 1873 1444 1932 noluerunt3

46 1944 128 2002 nisi
147 1954 196 1990 ut
223 1946 419 2004 cogitent
440 1946 558 2005 piam
579 1945 825 1990 libertatem
849 1954 1097 1990 sanctorum
1122 1960 1203 1989 nec
1227 1945 1343 2003 regia
1363 1960 1445 2003 po-

45 2024 229 2071 testate,
253 2032 335 2061 nec
365 2031 509 2076 poenae
536 2017 814 2061 immunitate
836 2031 959 2075 posse
980 2015 1204 2074 superari?
1227 2013 1445 2073 gaudent-

45 2100 134 2146 que
151 2101 196 2130 se
218 2101 308 2130 non
333 2101 422 2130 esse
444 2101 495 2130 ex
517 2100 702 2130 numero
725 2084 876 2130 talium
899 2099 1051 2144 regum
1070 2119 1082 2140 ‚
1115 2084 1191 2144 qui
1212 2093 1444 2143 contemp-

42 2164 162 2209 tores
194 2155 410 2201 idolorum
432 2157 555 2216 quasi
579 2155 807 2215 sacrilegos
839 2156 1096 2216 puniebant.
1128 2158 1262 2200 Porro
1297 2163 1444 2198 autem

47 2241 149 2272 cum
179 2226 227 2271 in
257 2227 626 2286 consequentibus
651 2227 866 2281 audiunt,
903 2225 1108 2270 eumdem
1140 2239 1283 2283 regem
1301 2259 1313 2280 ‚
1353 2240 1443 2269 non

46 2295 187 2342 solum
225 2311 465 2356 puerorum
486 2331 496 2351 ‚
531 2296 608 2341 sed
643 2306 686 2342 et
723 2297 998 2341 flammarum
1033 2299 1124 2341 Deo
1161 2296 1444 2340 servientium

44 2374 171 2413 tanto
192 2366 402 2411 miraculo
424 2368 640 2422 territum,
666 2367 796 2412 etiam
815 2368 958 2427 ipsum
975 2367 1156 2426 coepisse
1174 2370 1264 2411 Deo
1281 2366 1442 2410 servire

43 2436 91 2495 in
113 2437 287 2492 timore,
313 2447 355 2481 et
376 2437 567 2481 exultare
587 2452 687 2481 cum
710 2447 897 2482 tremore
926 2447 969 2482 et
996 2436 1332 2496 apprehendisse
1351 2435 1442 2480 dis-

50 2507 286 2568 ciplinam3
313 2522 459 2552 nonne
486 2506 738 2566 intelligunt
767 2508 867 2552 ideo
895 2509 973 2555 ista
998 2522 1087 2551 esse
1114 2507 1379 2566 conscripta,
1402 2514 1447 2550 et

102 2599 110 2614 ¹
136 2593 208 2624 lsai.
231 2604 265 2631 n,
291 2594 350 2630 183
375 2592 468 2624 Zach-
489 2603 557 2631 xiii,
575 2601 606 2623 τὶ.
624 2610 664 2615 --
680 2600 691 2615 ²
716 2590 757 2623 ῙιΙ
769 2600 830 2627 est.
846 2591 994 2623 Pam-,halt
