1825 3264
341 238 422 276 2⁴8
783 250 814 275 s.
853 247 1086 276 Arci‘srmr
1119 248 1299 275 Eriscom

341 333 359 354 n
388 323 459 357 aut
491 311 694 356 accedere
722 311 775 355 ad
800 312 1106 372 alienigenann
1142 312 1216 356 sed
1244 312 1350 355 mihi
1372 315 1485 355 Dens
1514 313 1718 365 ostendit,

339 402 357 424 »
384 381 555 426 nullum
573 397 850 426 communem
874 392 948 427 aut
969 383 1245 443 inquinatum
1270 382 1414 426 dicere
1436 382 1672 427 hominem.
1697 401 1718 423 »

337 458 399 498 Ita
417 454 614 512 exposuit
630 453 746 498 illam
770 469 936 511 vocem,
962 470 1092 515 quam
1123 455 1178 499 de
1201 453 1461 498 animalibus
1482 454 1526 498 in
1543 453 1620 499 illo
1637 453 1722 498 lin-

335 536 404 571 teo
427 526 732 570 demonstratis
759 526 970 582 audierat,
999 547 1018 568 «
1046 529 1153 580 Quae
1179 529 1292 570 Deus
1317 525 1575 580 mundavit,
1601 534 1649 569 tu
1668 541 1723 571 ne

337 615 355 638 »
383 598 631 642 communia
645 597 813 642 dixeris.
840 617 859 639 »
882 601 905 642 J
910 614 975 642 am
997 598 1067 642 cui
1087 614 1174 643 non
1193 607 1414 657 appareat,
1434 596 1508 641 illo
1523 611 1621 641 vase
1637 597 1723 654 sig-

333 668 557 712 nificatum
605 667 757 712 orbem
808 678 1019 713 terrarum
1043 704 1053 724 ,
1097 684 1197 713 cum
1241 668 1444 712 omnibus
1486 667 1686 727 gentibus
1706 668 1724 708 ⁶?

334 738 460 783 Unde
473 739 604 783 etiam
623 749 812 800 quatuor
827 741 957 784 initiis
975 749 1066 784 erat
1088 739 1328 798 alligatum,
1353 747 1532 799 propter
1549 738 1723 783 notissi-

332 825 423 854 mas
439 819 628 870 quatuor
646 820 804 870 partes,
829 812 1051 855 Orientem
1071 819 1113 855 et
1127 810 1426 865 Occidentem,
1451 812 1657 855 Austrum
1681 818 1724 853 et

333 880 616 940 Aquilonem,
652 897 758 941 quas
788 882 1020 941 saepissime
1054 882 1274 940 Scriptura
1299 881 1593 925 commendat.
1626 882 1724 924 Jam

331 965 433 995 vero
454 951 612 995 Paulus
635 953 787 996 missus
810 952 863 996 ad
887 961 1049 1009 gentes,
1075 967 1173 1011 quae
1195 950 1288 995 loca
1311 951 1574 995 circumierit
1595 950 1727 994 disse·

331 1023 499 1065 minans
511 1023 693 1066 verbum
712 1024 806 1076 Dei,
828 1032 870 1066 et
888 1032 1008 1066 natas
1022 1024 1284 1066 confirmans
1295 1022 1527 1077 Ecclesias,
1544 1022 1723 1079 longum

332 1102 395 1136 est
416 1107 772 1136 commemorare.
790 1094 872 1137 Cui
893 1093 1038 1136 Judaei
1060 1108 1160 1136 cum
1185 1092 1438 1136 restitissent
1461 1091 1725 1145 Antiochiae,

330 1164 420 1221 ipse
432 1171 475 1205 et
484 1164 702 1206 Barnabas
714 1163 978 1208 dixeruntad
992 1179 1065 1208 eos
1085 1183 1091 1207 :
1113 1183 1131 1205 «
1150 1163 1285 1207 Vobis
1298 1162 1645 1222 oportebatprim
1653 1177 1727 1206 um

335 1252 354 1272 n
381 1232 503 1292 loqui
525 1234 709 1277 verbum
743 1235 834 1288 Dei,
859 1234 933 1278 sed
956 1235 1163 1294 quoniam
1191 1234 1405 1293 repulistis
1431 1232 1558 1288 illud,
1589 1242 1634 1276 et
1660 1234 1728 1276 in·

336 1322 354 1342 n
382 1303 534 1360 dignos
567 1319 640 1348 vos
666 1303 887 1362 judicastis
907 1305 994 1348 vita
1017 1314 1178 1348 aeterna
1197 1339 1207 1358 ,
1234 1319 1332 1347 ecce
1354 1305 1652 1347 convertimur
1672 1302 1729 1347 ad

336 1392 356 1413 »
384 1384 545 1430 gentes.
581 1375 648 1419 Sic
671 1376 782 1418 enim
805 1377 1010 1435 praecepit
1034 1376 1158 1420 nobis
1181 1375 1390 1420 Dominus
1411 1395 1419 1419 ε
1448 1375 1577 1419 Posui
1600 1384 1642 1418 te
1664 1373 1728 1418 lu-

337 1462 355 1483 »
383 1459 481 1487 men
519 1445 737 1503 gentibus,
772 1457 821 1488 ut
853 1447 906 1489 sis
934 1448 978 1489 in
1018 1446 1201 1490 salutem
1242 1461 1379 1506 usque
1411 1446 1456 1488 in
1485 1454 1728 1489 extremum

339 1533 358 1553 »
385 1524 510 1557 terrae
533 1517 562 1557 ¹.
589 1533 608 1554 η
628 1518 684 1559 Et
702 1516 899 1575 sequitur
917 1516 1088 1561 dicens:
1109 1535 1128 1558 «
1146 1517 1386 1560 Audientes
1401 1525 1543 1559 autem
1561 1524 1726 1575 gentes,

339 1604 358 1624 n
386 1595 673 1644 perceperunt
691 1587 870 1629 verbum
890 1588 963 1630 Dei
981 1621 990 1639 ,
1018 1596 1058 1630 et
1079 1586 1358 1631 crediderunt
1375 1595 1594 1647 quotquot
1608 1595 1731 1629 erant

340 1674 359 1695 n
386 1656 587 1698 destinati
610 1657 653 1698 in
675 1657 807 1699 vitam
831 1665 1054 1700 aeternam.
1083 1675 1103 1697 »
1128 1660 1241 1701 Ecce
1259 1667 1302 1701 et
1321 1657 1391 1701 hic
1413 1671 1729 1701 commemora-

337 1737 426 1770 tum
449 1735 511 1770 est
528 1727 823 1770 testimonium
844 1743 893 1770 ex
914 1729 1124 1786 propheta
1144 1731 1269 1783 Isaia,
1291 1729 1411 1788 quod
1429 1737 1472 1772 et
1487 1743 1565 1772 nos
1582 1727 1730 1787 posui-

337 1812 433 1840 mus
453 1832 463 1849 ,
489 1806 537 1840 ut
556 1797 609 1840 sit
625 1796 739 1840 salus
761 1812 898 1856 usque
919 1798 963 1840 in
985 1807 1223 1841 extremum
1248 1807 1375 1841 terrae
1397 1802 1429 1840 2.

397 1868 560 1910 xxxl.
596 1869 651 1910 Ut
679 1881 780 1925 ergo
803 1882 892 1910 non
919 1882 1257 1911 commemorem
1283 1876 1432 1925 gentes
1452 1901 1462 1921 ,
1502 1882 1602 1927 quae
1636 1876 1733 1925 post

340 1937 648 1996 Apostolorum
673 1946 869 1997 tempora
890 1937 1192 1993 crediderunt,
1217 1948 1259 1982 et
1283 1947 1554 1982 accesserunt
1578 1937 1731 1982 Eccle-

341 2008 413 2050 siae.
436 2027 445 2051 :
475 2006 561 2050 illae
583 2007 686 2066 ipsae
708 2007 826 2061 solae,
853 2023 959 2068 quas
980 2009 1024 2051 in
1058 2008 1214 2052 sanctis
1239 2008 1433 2062 Litteris,
1459 2009 1504 2050 in
1526 2007 1729 2061 Actibus,

343 2078 384 2119 in
405 2076 606 2134 Epistolis
637 2076 947 2135 Apostolorum
968 2113 978 2131 ,
1005 2088 1047 2121 et
1070 2079 1113 2121 in
1136 2077 1398 2137 Apocalypsi
1415 2076 1594 2120 Joannis
1609 2077 1733 2120 inve·

343 2147 500 2199 nimus,
517 2163 624 2206 quas
646 2148 822 2207 utrique
845 2148 1165 2206 amplectimur,
1182 2158 1224 2191 et
1247 2149 1406 2207 quibus
1429 2149 1603 2208 utrique
1625 2147 1733 2191 sub-

343 2215 507 2270 dimur,
523 2217 670 2260 dicant
686 2218 754 2261 isti
768 2218 893 2261 nobis
913 2218 1286 2278 quemadmodum
1303 2218 1506 2262 Africana
1522 2217 1734 2261 seditione

344 2287 565 2345 perierint.
596 2290 678 2331 Has
709 2288 824 2331 enim
849 2289 1112 2347 accepimus,
1139 2304 1227 2332 non
1260 2304 1309 2331 ex
1339 2288 1532 2332 conciliis
1552 2297 1735 2332 conten-

346 2357 543 2400 dentium
566 2358 867 2416 episcoporum
886 2394 895 2409 ,
929 2374 1017 2402 non
1053 2375 1101 2402 cx
1137 2358 1504 2417 disputationibus
1527 2358 1699 2402 novitiis
1720 2393 1730 2411 ‚

348 2441 434 2469 non
458 2442 507 2469 ex
527 2428 770 2472 forensibus
792 2428 860 2472 vel
883 2428 1220 2488 municipalibus
1243 2429 1395 2487 gestis,
1419 2429 1494 2472 sed
1512 2444 1561 2471 ex
1583 2428 1734 2480 litteris

349 2497 502 2539 sanctis
530 2498 761 2542 canonicis.
804 2499 1073 2543 Antiochena
1097 2498 1308 2552 Ecclesia,
1343 2498 1419 2542 ubi
1442 2499 1628 2557 primum
1653 2513 1732 2556 ap-

397 2586 401 2599 ·
427 2582 496 2609 Aet.
519 2590 586 2615 xiii,
609 2580 726 2620 46418.
744 2588 806 2604 ——2
826 2582 881 2613 1<ai
917 2593 1000 2622 xcix,
1019 2584 1052 2613 (3.
