1825 3264
274 235 436 264 CONTRA
469 237 734 266 CRESCONIUM
769 234 1056 275 DONATISTAM,
1095 239 1175 266 LlB.
1214 240 1278 265 111.
1392 227 1475 266 397

83 300 165 354 dis,
188 315 338 345 eorum
357 303 432 361 qui
448 303 493 346 in
506 302 755 347 Maximiani
768 303 998 347 schismate
1012 303 1357 363 perstitissent,si
1379 305 1477 365 quis

84 372 197 415 intra
219 371 473 417 dilationem
496 375 699 433 temporis
720 374 878 433 corrigi
899 374 1106 419 voluisset
1125 411 1136 429 ,
1161 376 1369 419 innocens
1398 377 1477 420 ha·-

83 442 277 486 beretur.
303 444 602 502 Corrigeretur
624 460 727 504 ergo
747 480 758 499 ,
782 445 816 489 si
848 446 945 504 quis
973 446 1129 504 corrigi
1156 445 1361 490 volu-Isset
1380 481 1390 499 ‚
1423 447 1477 490 ab

83 511 162 556 illo
179 513 409 557 schismate
431 514 476 558 in
494 531 583 574 quo
604 530 702 559 cum
720 515 981 560 Maximiano
999 517 1243 574 perstiterat
1261 535 1269 561 :
1295 516 1478 575 proinde

86 592 317 643 antequam
340 586 650 644 corrigeretur,
677 587 721 630 in
742 587 972 630 schismate
990 597 1078 631 erat
1103 622 1112 641 ,
1138 587 1183 630 in
1210 603 1299 647 quo
1321 587 1479 646 persti-

85 657 419 715 terat‚quamvis
442 658 486 700 in
504 672 572 712 eo,
592 658 694 717 quia
712 658 824 701 intra
848 657 1055 716 placitum
1076 667 1246 716 tempus
1260 667 1478 701 correctus

81 734 159 779 est,
173 741 262 770 non
276 728 552 784 pertinaciter
564 728 830 786 perstitisset.
844 730 951 772 Nam
965 737 1006 771 ct
1020 728 1478 786 posterioribusverbis

81 797 212 854 paulo
227 807 322 855 post
336 799 392 841 ita
407 797 633 855 distinguis
647 817 684 843 z«
701 800 755 841 Hi
769 808 913 842 autem
930 799 1006 856 qui
1028 799 1154 842 etiam
1178 808 1274 858 post
1296 798 1480 857 praedic-

82 875 174 910 tum
188 867 301 910 diem
316 882 416 912 cum
430 869 691 912 Maximiano
707 868 984 927 pertinaciter
997 869 1294 926 perstiterunt,
1310 877 1479 912 senten-

79 937 138 980 tia
170 937 458 982 damnationis
481 940 667 994 retenti,
692 939 822 983 simul
856 949 899 983 et
930 940 1143 998 baptisma
1177 949 1220 983 et
1244 938 1478 983 Ecclesiam

80 1006 389 1065 perdiderunt:
407 1028 424 1049 n
444 1008 590 1053 dicens
610 1011 776 1069 utique,
803 1028 820 1050 «
844 1010 1124 1067 pertinaciter
1146 1009 1474 1069 perstiterunt,»

81 1080 271 1122 ostendis
301 1080 431 1122 etiam
453 1078 549 1123 illos
568 1080 645 1139 qui
675 1079 857 1124 correcti
889 1088 992 1122 sunt
1012 1080 1244 1138 perstitisse
1260 1114 1270 1134 ,
1291 1079 1365 1122 sed
1389 1093 1479 1122 non

81 1148 373 1207 pertinaciter.
388 1152 437 1192 In
457 1165 566 1208 quos
582 1150 711 1193 simul
726 1165 876 1194 omnes
892 1149 1058 1208 prolata
1081 1159 1144 1194 est
1156 1149 1228 1193 illa
1245 1149 1475 1203 sententia,

80 1233 167 1278 qua
189 1234 402 1263 consensu
425 1220 623 1263 omnium
645 1220 901 1264 confirmata
923 1255 934 1275 ,
961 1219 1171 1278 placuisse
1196 1228 1341 1263 tamen
1373 1218 1479 1263 dicis

80 1291 256 1335 decreto
274 1290 445 1335 concilii
463 1290 717 1335 dilationem
742 1290 860 1335 illam
886 1292 1091 1350 temporis
1108 1291 1217 1335 dari.
1245 1290 1477 1344 Quomodo

80 1362 214 1420 igitur
235 1364 280 1407 in
299 1361 489 1407 Ecclesia
511 1372 663 1418 erant,
688 1363 790 1422 qui,
812 1371 1046 1422 antequam
1065 1363 1401 1420 corrigerentur,
1433 1362 1478 1404 in

82 1434 311 1478 schismate
332 1449 432 1478 cum
452 1435 712 1478 Maximiano
734 1434 1016 1492 perstabant?
1040 1432 1170 1486 Quod
1192 1433 1226 1476 si
1248 1433 1293 1475 in
1325 1431 1477 1476 Eccle-

84 1504 144 1548 sia
165 1520 255 1549 non
278 1514 422 1559 erant,
448 1505 550 1564 quia
569 1505 613 1548 in
631 1504 862 1548 schismate
879 1513 1018 1558 erant,
1044 1502 1270 1562 quomodo
1290 1502 1479 1561 baptiza-

80 1575 226 1620 bant?
260 1576 424 1621 Deinde
446 1575 670 1635 quomodo
704 1576 869 1620 sactum
893 1584 983 1629 est,
1009 1574 1120 1618 sicut
1146 1574 1250 1618 dicis
1266 1609 1276 1629 ,
1311 1582 1359 1616 ut
1388 1588 1478 1617 non

88 1645 228 1691 solum
254 1647 317 1691 illi
349 1662 458 1706 quos
492 1647 754 1701 memoravi,
785 1646 859 1701 sed
883 1646 1013 1688 etiam
1044 1644 1172 1688 multi
1203 1643 1274 1688 alii
1306 1643 1477 1702 purgati

81 1727 212 1777 atque
241 1718 494 1762 innocentes
527 1733 570 1761 se
593 1716 797 1761 Ecclesiae
815 1714 1130 1768 reddidissent,
1153 1714 1188 1758 si
1210 1713 1265 1757 ab
1285 1712 1476 1757 Ecclesia

80 1804 170 1833 non
189 1797 313 1833 erant
331 1788 539 1847 separati?
556 1787 638 1832 Cui
661 1787 694 1831 si
714 1785 1016 1839 reddiderunt,
1037 1783 1156 1828 unde
1180 1799 1269 1827 non
1285 1798 1474 1827 recesse-

81 1862 214 1903 runt?
234 1863 321 1904 Aut
340 1860 374 1903 si
394 1866 677 1911 recesserunt,
693 1857 780 1911 dic,
805 1871 969 1916 quaeso,
996 1864 1230 1915 antequam
1250 1869 1294 1898 se
1317 1853 1474 1898 Eccle-

79 1931 152 1974 siae
170 1930 472 1983 reddidissent,
498 1945 586 1989 quo
602 1930 699 1988 jure
724 1928 1087 1986 baptizaverunt?
1109 1928 1332 1979 «Quorum
1355 1924 1472 1978 ideo,

81 2001 224 2060 inquis
245 2035 256 2055 ‚
288 2001 499 2059 baptisma
525 1998 710 2043 rescindi
742 2013 831 2042 non
865 1997 1020 2041 debuit
1046 2031 1056 2050 ,
1076 1996 1177 2056 quia
1213 1997 1325 2039 intra
1359 1994 1475 2055 diem

82 2072 375 2131 praestitutum
399 2069 905 2128 restituti,peremptoria
929 2067 1140 2111 sententia
1163 2082 1251 2110 non
1273 2076 1475 2109 teneren-

83 2152 168 2187 tur.
203 2142 423 2196 Restituti‚
453 2161 473 2182 »
499 2157 587 2201 quo
610 2143 628 2184 P
651 2139 842 2199 Evigila,
875 2139 1078 2192 obsecro,
1111 2137 1181 2182 dic
1203 2136 1330 2181 nobis
1351 2171 1361 2191 ,
1385 2151 1474 2196 quo

82 2214 268 2257 restituti
290 2215 307 2256 P
332 2210 532 2256 Profecto
555 2211 751 2255 dicturus
778 2225 843 2263 es,
870 2209 915 2252 in
934 2207 1170 2252 Ecclesiam
1187 2242 1197 2262 ,
1224 2207 1295 2251 cui
1317 2222 1361 2250 se
1380 2206 1475 2250 illos

83 2283 319 2328 reddidisse
347 2282 503 2327 dixisti.
526 2282 850 2342 Quisquam-ne
873 2280 1114 2323 restituitur
1136 2278 1180 2321 in
1207 2277 1444 2322 Ecclesiam
1461 2311 1471 2330 ,

82 2354 158 2414 qui
187 2369 275 2398 non
306 2353 436 2397 fuerit
460 2353 514 2396 ab
549 2352 742 2397 Ecclesia
775 2359 995 2410 separatus
1019 2351 1036 2392 Ρ
1058 2349 1397 2407 Quisquam-ne
1419 2347 1474 2389 ab

83 2424 273 2469 Ecclesia
309 2440 397 2467 non
419 2432 640 2481 separatus
661 2421 904 2481 quamlibet
927 2433 1086 2478 paucos
1109 2418 1199 2461 dies
1223 2416 1411 2476 persistit
1431 2417 1474 2460 in

84 2496 353 2540 schismate?
387 2495 706 2553 Quisquam-ne
745 2492 800 2535 ab
834 2489 1022 2534 Ecclesia
1056 2504 1142 2532 non
1177 2497 1398 2546 separatus
1431 2501 1475 2530 se

87 2575 182 2625 post
205 2575 375 2624 tempus
392 2563 635 2624 quamlibet
656 2577 837 2622 parvum
863 2560 1005 2604 reddit
1029 2557 1232 2603 Ecclesiae
1253 2560 1270 2598 ἱ)
