1825 3264
356 226 408 264 54
791 233 822 260 s.
860 233 1090 261 aucus-rim
1123 233 1302 261 muscom

417 300 706 346 LXXXVIII.
743 299 1017 357 Quapropter
1055 295 1190 341 nolite
1223 296 1278 340 de
1313 295 1491 341 Joannis
1525 294 1743 356 baptismo

357 372 583 430 caliginem
606 369 748 414 facere
764 403 776 424 ‚
801 369 924 429 cujus
946 383 1074 412 causa
1106 376 1148 411 et
1177 366 1284 411 ratio
1316 366 1404 411 sive
1430 366 1509 411 ista
1535 366 1589 411 sit
1609 380 1742 426 quam

352 441 547 501 exposui,
567 440 654 485 sive
672 438 754 484 alia
772 438 926 483 melior
942 438 1186 498 certiorque
1206 437 1415 482 reddatur
1433 458 1444 495 3
1464 435 1575 481 illud
1596 445 1742 481 tamen

354 511 633 557 manifestum
656 519 741 565 est,
767 510 898 554 alium
926 510 1058 554 fuisse
1093 509 1358 569 baptismum
1379 508 1583 563 Joannis,
1608 507 1743 552 alium

353 584 536 630 Christi:
562 592 604 626 et
626 581 751 625 illum
773 582 951 626 Joannis
974 580 1239 640 baptismum
1258 578 1542 640 appellatum,
1563 579 1687 640 quod
1701 587 1744 623 et

351 656 533 700 istorum
557 669 665 713 quos
691 652 1040 697 commemorasti
1063 652 1285 711 responsio
1308 650 1514 706 declarat,
1538 660 1583 695 et
1603 665 1745 695 sermo

353 726 487 785 ipsius
503 725 691 779 Domini,
708 724 784 768 ubi
803 724 862 768 ait
883 726 906 767 J
911 722 1046 767 udaeis
1059 742 1066 768 :
1077 742 1098 766 ι(
1113 723 1356 781 Baptismus
1370 721 1550 767 Joannis
1566 720 1621 766 de
1632 720 1745 766 coelo

357 815 377 838 »
414 805 492 851 est,
528 812 582 840 an
612 811 660 839 ex
693 794 945 840 hominihus
968 797 980 820 ²
1005 796 1023 838 P
1048 813 1068 836 »
1094 797 1179 838 Iste
1210 802 1356 838 autem
1390 793 1630 853 baptismus
1655 807 1747 836 non

357 867 517 911 dicitur
535 865 772 920 Caeciliani,
787 880 867 909 nec
885 865 1058 919 Donati,
1075 880 1156 909 nec
1174 863 1421 923 Augustini,
1438 878 1518 907 nec
1530 861 1744 918 Petiliam,

355 936 430 981 sed
463 936 701 995 baptismus
736 935 910 980 Christi.
949 937 1058 979 Nam
1098 934 1131 978 si
1166 932 1444 993 impudentes
1479 948 1558 977 nos
1591 940 1744 992 putaS‚

355 1008 458 1067 quia
483 1017 579 1065 post
607 1022 683 1050 nos
707 1007 929 1050 neminem
947 1004 1150 1050 volumus
1172 1004 1383 1064 baptizari
1404 1019 1504 1049 cum
1524 1002 1749 1048 videamus

355 1087 453 1137 post
471 1080 494 1122 J
498 1094 579 1121 oan
586 1093 686 1121 nem
698 1076 827 1121 fuisse
839 1076 1037 1121 homines
1051 1074 1308 1134 baptizatos,
1327 1074 1404 1134 qui
1416 1075 1569 1134 utique
1581 1073 1749 1118 incom-

355 1148 606 1208 parabiliter
639 1149 772 1206 major
807 1155 869 1190 est
898 1146 1024 1190 nobis
1050 1166 1062 1203 3
1096 1145 1315 1205 numquid
1345 1146 1459 1190 forte
1482 1147 1670 1189 Joannes
1707 1153 1750 1188 et

357 1220 543 1277 Optatus
565 1217 754 1277 aequales
785 1218 917 1261 sunt?
932 1215 1183 1261 Ridiculum
1208 1215 1402 1260 videtur:
1423 1224 1466 1260 et
1481 1224 1624 1259 tamen
1642 1224 1750 1274 puto

357 1287 478 1347 quod
492 1303 581 1332 non
598 1302 669 1331 eos
682 1287 886 1345 aequales,
901 1286 977 1329 sed
995 1287 1199 1345 majorem
1218 1284 1402 1329 credatis
1411 1286 1637 1345 Optatum.
1651 1289 1752 1331 Post

359 1362 573 1404 Joannem
605 1359 767 1417 quippe
789 1356 1023 1417 Apostolus
1041 1357 1292 1416 baptizavit,
1316 1372 1393 1402 vos
1414 1357 1632 1416 baptizare
1654 1366 1752 1417 post

362 1431 571 1488 Optatum
593 1429 811 1472 neminem
842 1428 1023 1472 audetis.
1063 1431 1132 1472 An
1154 1428 1255 1487 quia
1292 1429 1477 1487 Optatus
1505 1429 1552 1472 in
1588 1429 1752 1472 unitate

364 1509 505 1546 vestra
528 1497 643 1543 fuit?
677 1501 774 1542 Jam
805 1499 888 1542 hoc
918 1498 1078 1557 quibus
1107 1497 1357 1556 praecordiis
1389 1499 1590 1542 sustineri
1618 1499 1753 1558 possit

364 1567 518 1624 ignoro
539 1583 547 1607 ι
569 1564 602 1608 si
625 1564 786 1608 amicus
808 1564 988 1608 Comitis
1007 1564 1022 1586 ²
1045 1563 1115 1606 cui
1137 1564 1291 1607 Comes
1312 1572 1404 1607 erat
1431 1566 1561 1619 DeuS,
1587 1565 1631 1608 in
1653 1563 1752 1608 uni-

368 1646 456 1681 tate
473 1635 603 1679 tuisse
619 1634 794 1689 dicitur,
814 1643 857 1679 et
874 1634 1037 1678 amicus
1049 1634 1193 1693 sponsi
1211 1642 1364 1693 praeter
1379 1635 1606 1679 unitatem.
1625 1634 1754 1689 Quod

365 1707 399 1751 si
420 1709 608 1750 ,Ioannes
631 1705 815 1749 maxime
838 1705 882 1748 in
907 1704 1073 1748 unitate
1097 1703 1205 1761 fuit,
1227 1714 1378 1749 et·non
1400 1704 1540 1750 solum
1563 1706 1749 1765 Optato,

365 1777 440 1822 sed
463 1777 664 1821 omnibus
686 1777 808 1820 nobis
830 1785 872 1819 ct
894 1775 1098 1820 omnibus
1124 1775 1243 1820 vobis
1265 1774 1394 1834 longe
1416 1775 1694 1821 excellentior
1710 1785 1754 1820 et

364 1849 500 1907 major
517 1846 600 1892 suit
621 1867 632 1904 3
656 1855 699 1890 et
720 1855 866 1890 tamen
888 1854 985 1905 post
1009 1860 1111 1889 eum
1133 1844 1294 1890 Paulus
1315 1844 1534 1905 apostolus
1556 1846 1753 1906 baptiza-

365 1918 427 1962 vit
454 1937 461 1961 :
488 1932 621 1976 quare
655 1932 729 1961 vos
756 1926 853 1975 post
881 1917 1092 1975 Optatum
1121 1931 1211 1960 non
1233 1916 1460 1976 baptizatis
1483 1919 1500 1962 Ρ
1521 1918 1610 1963 Nisi
1641 1917 1754 1963 forte

364 1988 408 2031 in
422 1988 498 2032 has
513 1987 728 2044 angustias
745 2002 820 2031 vos
833 1995 1026 2031 coarctat
1041 1987 1210 2031 caecitas
1226 1996 1382 2043 vestra,
1394 1997 1445 2032 ut
1461 1987 1611 2033 dicatis
1623 1989 1754 2049 Opta·

365 2068 459 2102 tum
492 2058 595 2101 dare
618 2058 805 2116 potuisse
830 2059 1037 2116 Spiritum
1067 2067 1265 2102 sanctum
1282 2093 1293 2113 ,
1319 2060 1533 2103 Joannem
1554 2075 1646 2104 non
1670 2075 1753 2119 po-

366 2128 510 2172 tuisse.
531 2127 660 2179 Quod
675 2129 707 2171 si
725 2143 813 2171 non
828 2128 985 2185 dicitis,
1007 2144 1060 2171 ne
1075 2128 1130 2171 ab
1149 2129 1250 2187 ipsis
1270 2130 1402 2175 etiam
1418 2130 1578 2174 insanis
1591 2139 1753 2176 vestras

364 2196 556 2241 rideatur
570 2198 757 2241 insania:
784 2196 889 2256 quid
910 2198 1156 2256 responsuri
1178 2199 1293 2255 estis,
1319 2215 1397 2244 cur
1419 2209 1518 2259 post
1538 2202 1752 2246 Joannem

359 2267 608 2327 baptizandi
641 2267 804 2312 fuerint
825 2268 1024 2312 homines
1041 2303 1052 2323 ‚
1078 2278 1176 2328 post
1197 2270 1408 2329 Optatum
1442 2279 1589 2316 autem
1622 2287 1752 2317 nemo

356 2338 644 2398 baptizandus
676 2338 756 2392 sit,
788 2339 867 2381 nisi
900 2339 1003 2397 quia
1035 2338 1097 2382 illi
1131 2340 1348 2400 baptismo
1372 2342 1551 2387 Joannis
1573 2343 1750 2388 fuerant

357 2410 580 2466 baptizati,
600 2409 869 2469 quicumque
884 2417 1029 2453 autern
1047 2410 1208 2454 Christi
1222 2411 1440 2471 baptismo
1454 2413 1747 2473 baptizantur,

353 2478 440 2521 sive
476 2493 550 2535 per
581 2477 766 2522 Paulum
802 2478 1078 2537 baptizentur
1097 2514 1108 2535 ,
1146 2481 1235 2525 sive
1266 2496 1344 2541 per
1371 2483 1583 2542 Optatum
1603 2518 1615 2539 ,
1641 2483 1748 2527 nihil

400 2569 404 2581 ¹
438 2561 551 2592 natm.
578 2572 642 2601 xxi,
663 2562 714 2593 ⁴23.
733 2579 770 2584 —
787 2570 798 2585 ²
817 2562 964 2595 Gildonis
986 2563 1063 2595 Vide
1078 2574 1184 2607 supra,
1205 2576 1234 2598 n.
1257 2565 1310 2598 23.
1716 2559 1720 2562 ⁴
