1825 3264
390 235 404 267 l
417 230 468 268 46
820 236 853 264 s.
892 235 1125 265 Aucus‘rrm
1159 237 1341 265 nrrscom

384 324 404 347 »
432 305 592 348 mine¹.
629 302 786 347 Omnia
808 302 925 346 enim
947 309 1089 346 vestra
1123 311 1226 346 sunt
1244 335 1255 355 ,
1288 316 1365 345 vos
1400 308 1544 344 autem
1579 301 1741 346 Christi
1759 333 1773 356 ‚

383 394 401 416 »
428 375 625 420 Christus
645 388 748 418 vero
773 373 866 417 Dei.
889 376 1056 418 Iterum
1070 371 1169 416 dico
1195 389 1204 417 :
1228 374 1367 417 Nemo
1389 371 1598 430 glorietur
1623 372 1670 415 iu
1691 371 1775 416 ho-

380 464 399 486 »
425 446 556 490 mine.
591 445 784 504 Saepius,
811 455 960 504 repeto
991 464 999 488 :
1040 447 1177 490 Nemo
1201 443 1415 502 glorietur
1447 443 1494 487 in
1526 443 1720 488 homine.
1751 458 1772 485 ιι

380 516 423 561 Si
445 516 543 576 quis
561 517 606 560 in
624 515 750 560 nobis
772 515 994 561 laudabile
1020 514 1242 560 advertitis
1259 549 1269 569 ,
1301 514 1356 558 ad
1375 513 1490 559 illius
1512 513 1688 559 laudem
1705 508 1776 558 re4

377 585 504 640 ferte,
532 605 552 629 «
574 590 609 630 A
631 601 721 646 quo
743 595 807 630 est
823 601 998 631 omnem
1019 585 1171 630 datum
1195 585 1411 645 optimum
1427 619 1438 639 ,
1474 594 1518 629 et
1541 598 1672 630 omne
1692 585 1776 629 do·-

382 677 399 698 »
426 672 533 700 num
556 656 799 716 perfectum
820 675 829 702 :
850 658 1077 701 desursum
1098 665 1162 700 est
1181 657 1296 700 enim
1314 654 1582 700 descendens
1604 670 1627 699 a
1645 658 1776 699 Patre

378 744 398 767 »
423 726 657 781 luminum,
683 726 801 786 apud
820 742 953 787 quem
977 742 1066 771 non
1088 735 1153 771 est
1170 726 1433 780 immutatio,
1461 740 1542 770 nec
1563 724 1775 770 momenti

378 814 398 837 »
426 797 708 841 obumbratio
725 801 759 840 2.
785 815 805 838 »
832 797 944 850 Quid
973 798 1087 841 enim
1108 796 1319 840 habemus
1349 794 1468 855 quod
1497 810 1588 840 non
1605 794 1776 854 accepi-

374 868 506 910 mus?
536 868 578 912 Si
601 876 748 911 autem
772 867 1017 926 accepimus
1034 901 1044 921 ,
1070 882 1159 911 non
1178 866 1416 925 gloriemur
1438 867 1562 926 quasi
1586 880 1676 910 non
1697 879 1773 909 ac·-

373 937 629 995 ceperimus.
662 941 718 981 Et
745 938 790 981 in
809 938 877 981 his
899 938 1104 982 omnibus
1126 951 1418 997 quaecumque
1441 937 1487 980 in
1509 936 1634 980 nobis
1656 936 1775 980 bona

372 1008 505 1051 nostis
521 1042 531 1062 ,
557 1007 796 1052 imitatores
820 1008 954 1052 nostri
985 1016 1123 1051 estote
1140 1042 1152 1062 ‚
1183 1008 1216 1051 si
1247 1017 1394 1050 tamen
1425 1021 1503 1051 nos
1521 1007 1684 1052 Christi
1705 1023 1714 1050 :
1737 1005 1774 1050 si

369 1088 516 1122 autem
534 1078 679 1138 aliqua
697 1078 809 1122 mala
826 1078 872 1123 in
897 1079 1023 1122 nobis
1045 1079 1115 1122 vel
1139 1078 1445 1136 suspicamini,
1468 1077 1540 1122 vel
1561 1076 1741 1122 creditis
1762 1108 1775 1132 ,

368 1147 437 1190 vel
460 1147 630 1203 videtis,
657 1149 841 1193 retinete
863 1147 972 1192 illud
999 1148 1290 1202 Dominicum,
1316 1162 1406 1207 quo
1422 1149 1564 1193 securi
1580 1148 1672 1207 ejus
1690 1149 1772 1191 Ec-

370 1217 545 1261 clesiam
566 1234 656 1262 non
682 1227 860 1278 propter
880 1217 995 1262 mala
1012 1219 1241 1262 bominum
1263 1218 1467 1262 deseratis
1493 1236 1502 1263 ε
1531 1236 1552 1260 «
1576 1219 1685 1270 Quae
1702 1216 1772 1261 di·-

370 1306 391 1329 »
418 1289 555 1332 cimus
571 1288 702 1333 facite
714 1324 724 1343 ,
750 1304 850 1347 quae
863 1298 1009 1332 autem
1023 1289 1136 1332 mala
1150 1303 1229 1332 nos
1241 1287 1385 1332 facere
1402 1289 1565 1347 putatis
1584 1297 1660 1332 aut
1673 1303 1772 1332 nos-

372 1376 392 1398 »
418 1359 492 1413 tis,
523 1359 655 1403 nolite
676 1359 818 1403 facere
834 1360 865 1402 3.
896 1377 917 1400 »
941 1362 1040 1404 Non
1059 1360 1176 1403 enim
1194 1368 1366 1418 tempus
1383 1368 1447 1403 est
1462 1357 1682 1418 purgandi
1699 1373 1774 1403 me

367 1429 490 1473 vobis
511 1464 521 1484 ,
545 1445 645 1473 cum
674 1445 769 1474 mea
791 1445 915 1475 causa
934 1430 1129 1488 neglecta
1152 1445 1242 1474 rem
1259 1431 1383 1475 vobis
1405 1429 1624 1474 salubrem
1646 1445 1771 1475 com-

368 1501 576 1544 mendare
584 1501 862 1560 susceperim,
881 1509 930 1544 ut
942 1515 1073 1545 nemo
1087 1500 1297 1560 glorietur
1308 1501 1353 1544 in
1368 1500 1563 1545 homine.
1590 1519 1610 1543 «
1627 1499 1771 1546 Male-

352 1588 391 1610 -»
412 1569 554 1614 dictus
573 1571 691 1614 enim
714 1572 855 1615 omnis
879 1572 955 1630 qui
982 1586 1103 1629 spem
1129 1586 1250 1614 suam
1274 1571 1400 1630 ponit
1421 1571 1468 1615 in
1492 1571 1672 1616 homine
1687 1572 1721 1614 ⁴.
1744 1588 1769 1613 ιι

371 1642 465 1683 Hoc
475 1649 693 1700 praecepto
710 1641 938 1685 Dominico
951 1650 994 1684 et
1006 1640 1244 1699 apostolico
1257 1649 1426 1686 retento
1435 1650 1569 1701 atque
1579 1650 1767 1697 servato,

371 1710 502 1752 etiam
520 1725 589 1753 me
613 1710 658 1753 in
681 1725 776 1754 mea
811 1725 938 1754 causa
954 1745 965 1765 ,
994 1710 1106 1754 sicut
1134 1710 1334 1754 inimicus
1363 1711 1596 1756 existimari
1617 1711 1793 1770 cupit„

373 1779 602 1825 deficiente
621 1791 663 1825 et
680 1797 900 1841 oppresso,
918 1782 1072 1826 victrix
1086 1781 1167 1825 erit
1185 1797 1312 1826 causa
1329 1786 1400 1826 cui
1417 1783 1571 1827 servio.
1594 1783 1637 1828 Si
1651 1783 1770 1826 enim

373 1852 614 1896 firmissime
638 1854 861 1897 tenueritis
878 1852 999 1913 quod
1013 1854 1220 1898 exhortor
1240 1863 1283 1897 et
1302 1863 1464 1911 satago,
1485 1853 1776 1898 maledictum·

340 1948 345 1954 -
374 1936 465 1965 esse
483 1938 657 1966 omnem
671 1924 747 1983 qui
759 1938 879 1982 spem
896 1938 1019 1967 suam
1037 1925 1161 1983 ponit
1183 1925 1228 1967 in
1246 1925 1422 1968 bomine
1434 1959 1445 1979 ‚
1470 1934 1520 1968 ut
1537 1939 1668 1968 nemo
1683 1923 1770 1981 glo-

374 1993 510 2037 rietur
529 1994 575 2036 in
590 1994 768 2037 homine
785 2014 796 2051 3
821 2009 965 2039 aream
983 1995 1272 2050 Dominicam,
1296 2004 1474 2054 propter
1485 1995 1655 2054 paleam
1669 2010 1773 2055 quae

375 2063 440 2106 vel
465 2080 583 2108 nunc
601 2074 734 2109 vento
752 2066 988 2123 superbiae,
1014 2080 1215 2125 percussa
1237 2066 1371 2121 volat,
1395 2066 1466 2111 vel
1487 2066 1641 2111 ultima
1663 2081 1771 2111 ven-

378 2133 574 2178 tilatione
607 2136 901 2193 separabitur,
929 2135 1053 2180 nullo
1074 2136 1206 2180 modo
1228 2136 1432 2181 deseretis
1449 2172 1459 2191 ,
1486 2152 1568 2182 nec
1588 2136 1772 2182 domum

377 2219 577 2262 magnam
595 2215 772 2264 propter
790 2221 887 2250 vasa
911 2206 1022 2250 facta
1044 2207 1090 2250 in
1104 2206 1412 2251 contumeliam
1431 2207 1668 2266 refugietis,
1687 2221 1772 2252 nec

377 2284 554 2333 propter
575 2276 710 2319 malos
726 2276 862 2335 pisces
882 2277 926 2320 in
943 2276 1089 2320 littore
1105 2276 1367 2335 separandos
1388 2292 1465 2336 per
1483 2277 1678 2337 disrupta
1700 2292 1775 2321 rea⁵

377 2345 435 2388 tia
451 2344 675 2400 exhibitis,
702 2361 782 2390 nec
803 2355 980 2405 propter
996 2346 1152 2391 hoedos
1174 2356 1344 2406 pastore
1366 2347 1559 2393 divisuro
1573 2347 1629 2392 ad
1649 2348 1770 2392 sinis·-

377 2422 485 2458 tram
502 2415 726 2473 ponendos
744 2416 859 2461 bona
871 2417 1049 2461 unitatis
1064 2432 1222 2476 pascua
1237 2417 1513 2478 relinquetis,
1537 2433 1619 2463 nec
1635 2433 1771 2478 prop«

378 2493 441 2528 ter
463 2487 695 2531 commixta
714 2487 875 2532 zizania
897 2503 972 2533 vos
995 2504 1018 2532 a
1047 2489 1178 2533 tritici
1195 2482 1424 2546 societate,
1451 2490 1521 2535 cui
1550 2498 1684 2550 caput
1703 2497 1769 2534 est¹

430 2578 435 2592 ¹
464 2581 471 2601 ι
496 2573 566 2603 Cor.
588 2582 635 2613 ιιι,
655 2580 709 2604 21.
727 2589 767 2596 —
785 2580 797 2595 ²
815 2573 929 2606 Jacob.
947 2585 970 2614 ι,
992 2583 1093 2614 ι7.-
1111 2571 1125 2597 ³
1138 2574 1259 2606 Matth.
1276 2584 1364 2615 xxm,
1386 2571 1482 2606 3.-4
1499 2575 1620 2608 Jerem.
1640 2583 1717 2613 xvu,
1730 2571 1762 2606 5.
