1825 3264
254 277 415 306 CONTRA
448 278 709 307 GREsCONtt'M
746 278 1030 317 uoNA'ris'iAM,
1069 282 1147 306 mu.
1187 282 1242 306 iv.
1371 269 1449 308 495

72 343 170 386 data
191 350 270 397 est,
296 342 350 386 de
372 343 531 402 quibus
554 342 718 388 dictum
737 352 799 388 est
827 363 835 387 :
867 364 882 383 «
909 345 1141 389 Damnatos
1162 360 1250 390 csse
1270 360 1454 405 cognos-

71 412 155 456 cite
180 432 191 469 3
220 430 239 453 »
265 411 319 456 de
341 413 501 472 quibus
534 414 661 459 etiam
698 413 958 473 praedictum
996 424 1059 458 est
1080 415 1230 475 quales
1261 415 1423 460 fuerint
1444 451 1454 470 ,

71 482 178 543 quid
194 482 402 540 fecerint,
427 500 505 529 cur
522 500 594 530 eos
617 485 858 545 oportuerit
872 486 958 545 jam
989 486 1080 530 sine
1103 486 1311 531 dilatione
1338 487 1461 531 dam-

71 554 193 609 nari,
215 554 336 614 quod
356 554 519 600 scilicet
549 556 860 601 Maximianum
891 555 1102 615 impositis
1120 557 1322 601 manibus
1346 573 1459 617 prae-

71 635 212 670 sentes
256 625 583 671 ordinaverunt.
622 629 715 671 Hoc
752 635 816 671 est
851 627 967 671 enim
1009 627 1129 688 quod
1164 629 1463 687 significarunt

72 696 259 742 dicendo
280 733 290 753 ‚
319 716 338 740 κ
363 697 482 758 quod
507 696 680 742 funesto
705 713 834 758 opere
860 698 1115 758 perditionis
1139 714 1211 742 vas
1238 699 1464 744 sordidum

72 766 253 812 collecta
284 766 537 813 foeculentia
568 768 892 827 glutinaverint.
934 787 952 809 n
979 768 1068 812 Illis
1091 778 1235 813 autem
1275 770 1375 814 data
1405 780 1468 814 est

71 836 239 894 dilatio,
259 840 336 898 qui
347 838 610 884 ordinationi
622 840 870 884 Maximiani
886 855 974 885 non
986 839 1299 896 interfuerunt,
1312 857 1462 902 quam-

69 909 132 954 vis
162 908 205 953 in
228 910 320 970 ejus
350 911 554 955 societate
588 920 720 970 atque
754 912 985 955 schismate
1005 912 1232 956 constituti
1255 933 1266 969 3
1293 921 1463 956 tantum

69 981 172 1041 quia
193 996 349 1026 manus
363 982 424 1035 ei,
447 983 569 1042 quod
585 981 784 1026 absentes
804 982 1000 1038 fuerant,
1021 997 1109 1026 non
1132 982 1459 1041 imposuerunt,

68 1067 92 1096 a
113 1051 328 1097 damnatis
349 1051 673 1096 ordinatoribus
701 1052 854 1096 eadem
872 1051 1046 1097 concilii
1067 1053 1283 1097 sententia
1306 1052 1463 1096 distin-

73 1131 284 1182 guuntur.
314 1125 424 1169 Nam
453 1138 553 1168 cum
591 1122 800 1168 dixissent
838 1122 934 1168 illos
955 1158 965 1178 ,
1000 1139 1188 1183 quorum
1225 1134 1268 1168 et
1290 1125 1467 1168 nomina

70 1195 437 1254 conscripserunt,
468 1213 487 1236 «
513 1194 742 1239 damnatos
765 1209 854 1239 esse
877 1195 1142 1254 cognoscite.
1183 1197 1268 1239 Eos
1290 1203 1435 1239 autem
1452 1230 1463 1250 ,

71 1262 278 1323 inquiunt
299 1301 309 1318 ,
334 1281 443 1326 quos
465 1265 658 1323 sacrilegi
693 1265 856 1310 surculi
885 1281 975 1311 non
1003 1266 1200 1325 polluere
1222 1265 1435 1325 plantaria
1455 1301 1465 1321 ,

71 1334 156 1379 hoc
173 1343 252 1390 est,
268 1335 344 1395 qui
365 1351 388 1379 a
410 1336 658 1380 Maximiani
680 1337 820 1395 capite
837 1337 1032 1396 proprias
1049 1351 1204 1380 manus
1218 1336 1467 1380 verecundo

71 1405 173 1450 fidei
206 1406 376 1466 pudore
409 1416 682 1451 retraxerunt
702 1442 712 1460 ,
749 1407 804 1451 ad
838 1416 1021 1451 matrem
1058 1406 1297 1451 Ecclesiam
1327 1405 1467 1450 redire

73 1476 361 1535 permisimus.
392 1495 411 1518 υ
436 1478 553 1530 Quid
576 1476 769 1535 planius,
796 1477 904 1537 quid
926 1476 1195 1531 distinctius,
1221 1476 1328 1536 quid
1346 1491 1467 1535 aper-

73 1547 190 1591 tius?
207 1547 309 1592 Illos
326 1547 503 1592 dicunt:
526 1548 697 1592 Famosi
715 1548 906 1593 criminis
919 1563 1030 1602 reos,
1047 1548 1123 1608 qui
1144 1546 1315 1592 funesto
1339 1562 1468 1607 opere

76 1619 331 1678 perditionis
352 1634 427 1663 vas
450 1618 675 1664 sordidum
700 1619 881 1664 collecta
899 1619 1154 1663 foeculentia
1172 1618 1465 1676 glutinarunt,

74 1688 301 1735 damnatos
331 1705 421 1734 esse
450 1691 712 1750 cognoscite.
753 1709 773 1731 η
814 1693 902 1735 Hos
935 1699 1082 1734 autem
1117 1690 1273 1734 dicunt
1311 1709 1318 1733 :
1350 1692 1469 1742 Quos

76 1759 270 1819 sacrilegi
303 1760 465 1804 surculi
484 1776 573 1806 non
603 1760 799 1821 polluere
831 1759 1047 1819 plantaria
1069 1795 1079 1815 ,
1104 1760 1189 1804 hoc
1221 1769 1312 1814 est,
1347 1760 1467 1818 quia

75 1829 327 1876 Maximiani
352 1830 493 1889 capite
517 1831 710 1889 proprias
731 1844 886 1873 manus
901 1829 1153 1872 verecundo
1176 1828 1275 1872 fidei
1300 1829 1468 1887 pudore

76 1910 376 1956 retraxerunt,
401 1900 455 1945 ad
478 1910 661 1944 matrem
678 1899 916 1944 Ecclesiam
939 1899 1213 1959 permisimus
1236 1898 1374 1943 redire
1408 1919 1416 1943 ε
1445 1918 1464 1940 »

77 1981 122 2016 et
141 1972 244 2032 quia
266 1986 317 2015 ex
334 1970 418 2015 illis
439 1970 652 2014 damnatis
675 1970 764 2014 duo
782 1978 929 2028 postea
955 1970 1073 2014 salvo
1094 1971 1262 2014 honore
1283 1971 1469 2028 suscepti

76 2053 199 2098 sunt,
227 2058 315 2087 non
335 2042 558 2087 invenitur
580 2042 663 2086 hoc
682 2040 1055 2101 quemadmodum
1077 2040 1340 2085 defendatur
1356 2076 1366 2096 ,
1387 2040 1469 2084 nisi

79 2122 128 2157 ut
149 2113 354 2158 omnibus
377 2113 547 2158 dicatur
564 2112 715 2156 dilatio
733 2111 865 2156 fuisse
888 2127 1104 2156 concessa.

136 2185 232 2228 XL.
261 2183 345 2228 Sed
361 2199 560 2229 concessa
578 2184 633 2227 sit
649 2183 851 2228 omnibus
880 2201 889 2227 :
914 2197 1070 2241 nempe
1089 2190 1309 2242 quotquot
1329 2180 1385 2226 ad
1397 2196 1471 2226 vos

80 2253 136 2298 ab
157 2252 234 2298 illo
252 2253 483 2298 schismate
499 2253 740 2307 redierunt,
767 2261 1002 2312 antequam
1026 2252 1240 2306 redirent,
1266 2250 1356 2296 illic
1374 2250 1471 2294 fue-

79 2333 215 2380 runt,
244 2324 333 2370 illic
362 2325 695 2385 baptizaverunt
716 2342 725 2368 ε
759 2322 862 2367 inde
895 2322 949 2368 ad
970 2338 1044 2367 vos
1065 2323 1157 2368 sine
1180 2322 1473 2367 destructione

81 2395 147 2440 sui
160 2395 336 2440 honoris
352 2404 396 2439 et
409 2395 611 2454 baptismi
633 2395 882 2447 redeuntes,
895 2394 929 2437 si
947 2392 1067 2437 frons
1085 2392 1212 2447 adsit,
1238 2407 1311 2437 ora
1334 2401 1474 2437 vestra

82 2465 347 2510 clauserunt.
369 2468 480 2510 Cum
500 2466 616 2509 enirn
639 2465 892 2523 quaerimus,
919 2472 1154 2523 antequam
1174 2478 1233 2517 se,
1259 2463 1475 2522 sicutipse

84 2534 250 2588 dixisti,
277 2535 480 2578 Ecclesiae
513 2533 803 2579 reddidissent
823 2569 833 2588 ,
861 2543 903 2577 et
926 2543 1025 2577 ante
1047 2533 1164 2577 diem
1183 2534 1476 2592 praestitutum

88 2607 276 2652 restituti
301 2606 512 2660 fuissent,
538 2605 614 2650 ubi
636 2616 758 2649 erant
785 2626 795 2662 3
820 2604 928 2664 quid
951 2604 1071 2649 aliud
1090 2620 1166 2650 vos
1189 2620 1254 2649 res
1276 2605 1367 2663 ipsa
1388 2619 1476 2648 res-

251 2688 440 2719 cxxxix.
1267 2677 1317 2715 32
