1825 3264
333 261 386 298 28
467 282 481 294 .
768 269 799 293 s.
840 264 1065 293 Incusum
1100 263 1278 290 131³1scom

332 336 369 379 ei
389 348 556 386 manuS,
582 332 641 376 ait
662 351 671 376 ε
692 330 819 376 Saule
842 329 989 383 frater,
1017 328 1225 372 Dominus
1245 327 1359 370 misit
1381 341 1449 369 me
1471 328 1610 378 Jesus,
1631 323 1708 383 qui

333 407 447 450 visus
468 414 531 448 est
554 403 633 447 tibi
661 403 705 446 in
730 404 796 446 via
825 417 911 461 qua
943 399 1144 445 veniebas
1162 434 1172 452 ,
1197 407 1246 441 ut
1267 398 1412 441 videas
1433 406 1476 440 et
1496 395 1716 454 implearis
1776 408 1787 455 ζ,

337 476 497 534 Spiritu
521 483 686 518 sancto.
713 472 952 517 Confestim
985 469 1237 514 ceciderunt
1260 468 1314 511 ab
1338 467 1472 511 oculis
1503 468 1597 524 ejus
1626 473 1720 508 tan·
1781 482 1787 502 ·.

334 562 463 606 quam
497 559 713 604 squamae,
750 552 792 586 et
817 543 956 586 visum
987 540 1166 598 recepit,
1199 548 1242 583 et
1270 552 1450 596 surgens
1483 536 1723 594 baptizatus

335 625 412 660 est.
445 617 555 659 Cum
586 614 718 671 igitur
749 611 908 656 Paulus
935 627 956 654 a
989 610 1167 654 crimine
1203 606 1488 667 persequendi
1511 605 1725 664 baptismo

334 686 558 737 liberatus,
581 683 729 728 oculos
749 682 981 741 sumpserit
998 681 1268 731 innocentes,
1290 693 1368 721 eur
1385 692 1474 721 non
1498 676 1559 718 vis
1576 675 1724 734 pers‘e-

335 765 461 801 cutor
481 764 524 798 et
543 754 723 798 traditor
750 768 888 797 caecus
903 751 1012 795 falso
1034 750 1294 809 baptismate
1322 747 1378 791 ab
1405 747 1456 790 iis
1480 760 1589 806 quos
1610 746 1727 789 inse-

337 826 480 886 queris
497 825 730 882 baptizari?
753 841 771 863 »

397 898 596 939 XLVIII.
625 898 900 938 Amusmus
939 889 1186 949 respondit:
1204 892 1291 934 Nec
1309 895 1629 947 persecutorem
1645 901 1726 930 nec

337 965 589 1010 traditorem
612 965 792 1023 probas,
819 978 948 1023 quem
974 962 1036 1005 vis
1064 960 1211 1005 denuo
1236 960 1472 1018 baptizare.
1491 961 1548 1001 Et
1573 958 1605 1000 si
1628 971 1729 1015 pro-

339 1036 414 1079 bas
445 1034 650 1094 aliquem,
666 1049 754 1077 non
773 1042 835 1076 est
848 1042 994 1076 tamen
1009 1030 1157 1074 denuo
1176 1028 1464 1089 baptizandus
1478 1035 1730 1086 persecutor

340 1114 383 1148 et
405 1105 601 1156 traditor,
623 1105 751 1162 sijain
768 1103 926 1147 Christi
949 1101 1162 1159 baptismo
1184 1100 1427 1159 baptizatus
1445 1111 1522 1141 est.
1545 1096 1730 1141 Paulum

339 1175 501 1233 quippe
534 1182 762 1232 propterea
793 1172 999 1230 baptizari
1022 1171 1239 1229 oportuit,
1271 1170 1373 1230 quia
1398 1182 1622 1227 nunquam
1655 1166 1731 1210 tali

341 1245 554 1303 baptismo
569 1244 728 1286 tinctus
749 1243 846 1285 fuit.
871 1246 1024 1300 Itaque
1042 1240 1149 1284 1111111
1172 1241 1305 1284 habet
1324 1239 1463 1283 simile
1482 1239 1538 1282 ad
1556 1252 1729 1282 causam

341 1329 470 1372 quam
490 1313 713 1356 nobiscum
730 1312 867 1368 agitis,
888 1310 1006 1369 quod
1021 1310 1074 1353 de
1093 1310 1226 1354 Paulo
1244 1311 1521 1368 interponere
1537 1307 1726 1352 voluisti.

344 1383 427 1428 Sed
445 1384 477 1426 si
502 1383 584 1426 1100
607 1397 694 1425 11011
719 1381 1059 1439 interposuisses,
1084 1380 1239 1439 puerili
1264 1379 1566 1423 declamationi
1585 1378 1730 1422 locum

342 1468 430 1496 non
448 1452 696 1504 invenisses,
719 1450 996 1494 ubidieeres:
1020 1469 1038 1491 «
1056 1451 1093 1493 O
1111 1449 1241 1493 ultrix
1257 1448 1412 1493 furoris
1429 1448 1614 1501 caecitas,
1641 1446 1732 1492 3οῘο

344 1522 557 1580 baptismo
580 1536 797 1564 recessura
824 1521 832 1562 !
858 1539 876 1559 η
914 1522 1089 1572 Quanto
1113 1519 1227 1562 enim
1246 1518 1399 1563 fortius
1428 1519 1472 1561 in
1490 1533 1565 1562 vos
1589 1516 1732 1561 excla-

343 1591 552 1635 mandum
565 1600 627 1634 est
650 1592 709 1635 :O
724 1590 854 1633 ultrix
873 1588 1029 1633 furoris
1044 1590 1228 1643 caecitas,
1249 1605 1349 1648 quae
1363 1604 1453 1632 non
1467 1587 1604 1632 Paulo
1619 1603 1733 1632 com-

342 1671 507 1721 parata,
540 1661 615 1704 sed
640 1661 825 1713 Simoni,
862 1676 940 1704 nec
965 1670 1143 1719 accepto
1179 1660 1394 1719 baptismo
1429 1659 1635 1703 recedita
1661 1673 1735 1702 vo-

344 1732 433 1775 bis?
456 1734 562 1775 Nam
594 1732 627 1774 si
655 1740 951 1789 persecutores
974 1730 1028 1772 ab
1051 1730 1110 1773 eis
1133 1745 1241 1789 quos
1276 1720 1600 1787 persequuntur
1622 1729 1734 1786 bap-

345 1801 502 1844 tizandi
523 1809 640 1854 sunt,
668 1801 908 1843 Primianus
933 1815 956 1843 a
988 1800 1315 1844 Maximianistis
1338 1799 1604 1857 baptizetur,
1625 1813 1735 1857 quos

344 1871 649 1914 instantissime
671 1881 924 1929 persecutus
942 1879 1020 1914 est.

403 1943 560 1984 XLIX.
588 1944 847 1984 Pantanus
870 1940 1002 1984 dixit:
1025 1959 1044 1982 «
1064 1943 1120 1984 At
1142 1941 1256 1983 enim
1280 1948 1528 1984 constanter
1546 1941 1732 1998 opponi·

347 2011 414 2064 tis,
438 2010 544 2053 dixit
576 2009 791 2068 Apostolis
820 2011 1043 2053 Christus:
1063 2029 1082 2050 «
1118 2009 1199 2062 Qui
1224 2009 1356 2053 semel
1387 2008 1502 2053 lotus
1524 2018 1609 2063 est,
1646 2023 1735 2052 non
1791 2022 1795 2025 ·

351 2099 370 2121 »
406 2081 536 2123 habet
562 2095 735 2123 causam
766 2080 846 2122 nisi
875 2079 1003 2137 pedes
1032 2079 1229 2133 lavandi,
1257 2079 1333 2123 sed
1362 2089 1425 2124 est
1454 2079 1647 2122 mundus
1668 2088 1736 2122 to·

351 2170 370 2192 »
407 2153 506 2194 tus¹.
530 2171 546 2191 »
575 2151 617 2194 Si
640 2151 768 2193 verba
786 2151 862 2193 ista
881 2150 1009 2208 plene
1031 2149 1252 2204 discutias,
1272 2150 1643 2209 subsequentibus
1661 2150 1735 2194 ob-

351 2222 509 2265 tineris.
530 2221 597 2264 Sic
612 2235 800 2278 namque
815 2220 987 2263 locutus
1001 2229 1079 2274 est,
1092 2218 1238 2263 (1100113
1258 2221 1360 2272 :Qui
1374 2219 1503 2263 semel
1517 2220 1634 2263 lotus
1653 2229 1733 2272 est,

348 2307 436 2335 non
459 2291 591 2334 habet
613 2305 786 2334 causam
813 2290 891 2333 nisi
915 2291 1046 2348 pedes
1065 2289 1256 2344 lavandi,
1281 2289 1355 2333 sed
1379 2299 1443 2333 est
1460 2289 1651 2333 mundus
1673 2300 1737 2333 to-

350 2372 418 2406 tus
445 2381 453 2405 :
479 2371 522 2405 et
538 2377 613 2406 vos
629 2361 783 2404 mundi
810 2361 931 2413 estis,
956 2361 1030 2404 sed
1055 2377 1141 2403 11011
1165 2376 1328 2404 omnes.
1352 2363 1445 2404 Hoc
1464 2370 1608 2404 autem
1629 2360 1736 2404 dixit

350 2441 526 2490 propter
548 2430 724 2482 Judam,
750 2431 826 2489 qui
846 2446 944 2474 eum
969 2430 1112 2474 fuerat
1135 2431 1384 2474 traditurus.
1414 2431 1618 2489 Quisquis
1635 2445 1736 2487 ergo

352 2501 533 2545 traditor
572 2501 713 2544 factus
740 2516 804 2553 03,
840 2501 1102 2559 baptismum
1133 2499 1373 2558 perdidisti.
1412 2501 1608 2558 Denique
1643 2509 1737 2558 post

402 2580 408 2593 ¹
434 2575 525 2604 Joan.
547 2584 612 2612 11111,
637 2585 684 2605 10,
