1825 3264
303 268 463 298 CONTRA
499 270 700 298 Liri-unas
732 269 966 310 ΡΕτῐιῐΑΝῐ,
1002 274 1084 300 Lm.
1122 274 1187 299 111.
1360 265 1437 302 181

57 337 145 381 Nec
168 344 392 395 propterea
419 345 561 380 tamen
585 335 882 380 Ecclesiastica
906 336 1132 396 disciplina
1163 338 1398 397 negligitur
1421 355 1442 383 a

57 406 355 452 constantibus
370 415 413 450 et
427 406 704 464 diligentibus
719 415 761 450 et
773 405 1066 466 prudentibus
1078 408 1444 467 dispensatoribus

8 508 12 532 ÷
56 476 240 530 Christi,
265 477 340 520 ubi
366 476 545 521 crimina
575 477 634 521 ita
659 476 1016 532 manifestantur,
1048 487 1099 522 ut
1129 477 1249 522 nulla
1278 480 1443 538 possint

6 563 9 566 ·
55 546 269 606 probabili
285 547 450 591 ratione
469 545 661 590 defendi.
683 548 846 590 Extant
862 547 1166 591 inumerabilia
1180 547 1444 594 documenta

0 666 2 673 y
54 617 100 660 in
136 617 194 660 eis
211 617 295 677 :qui
332 616 400 661 vel
431 618 619 676 episcopi
644 615 713 661 vel
746 616 920 661 alterius
952 617 1256 676 hujuscemodi
1285 620 1443 677 gradus

0 742 1 746 Ἰ
55 686 199 732 clerici
217 686 411 743 fuerunt,
429 697 472 732 et
489 703 605 732 nunc
623 686 845 745 degradati
861 687 931 733 vel
948 687 1116 747 pudore
1129 688 1174 732 in
1188 688 1291 733 alias
1309 698 1443 733 terras

55 757 284 812 abierunt,
311 758 377 802 vel
400 758 454 802 ad
476 773 551 802 vos
581 758 696 817 ipsos
725 767 798 802 aut
830 757 885 802 ad
921 757 1022 803 alias
1051 759 1233 802 haereses
1259 760 1443 804 transie-

0 823 3 873 Ξ
55 837 184 883 runt,
219 828 288 873 vel
311 829 357 872 in
387 829 471 873 suis
495 829 744 888 regionibus
761 830 853 874 noti
869 839 992 875 sunt:
1017 845 1206 892 quorum
1233 840 1351 876 tanta
1381 840 1446 876 est

54 898 292 944 multitudo
315 900 502 959 dispersa
526 915 602 959 per
630 909 786 955 terras,
808 910 856 945 ut
879 901 912 945 si
936 916 1029 946 eam
1050 900 1286 946 Petilianus
1308 899 1444 945 refre-

0 988 9 1015 ς,
53 979 152 1014 nata
183 970 411 1029 paululum
441 970 730 1016 maledicendi
762 972 1004 1016 temeritate
1026 972 1252 1031 cogitaret,
1276 987 1443 1032 nequa-

4 1097 8 1112 ·
54 1056 185 1101 quam
201 1040 375 1085 caderet
397 1041 441 1085 in
468 1050 557 1085 tam
580 1052 726 1102 aperte
740 1042 891 1087 falsam
905 1058 1149 1102 vanamque
1161 1043 1441 1098 sententiam,

6 1163 7 1168 ¹
53 1127 137 1172 qua
167 1111 401 1156 dicendum
424 1113 547 1157 nobis
579 1122 754 1172 putaret
777 1133 785 1158 2
816 1133 835 1155 «
857 1116 996 1160 Nemo
1018 1123 1212 1159 vestrum
1230 1123 1292 1158 est
1315 1114 1444 1158 inno-

0 1184 8 1237 }
52 1196 168 1235 cens,
194 1182 269 1225 ubi
290 1197 387 1226 reus
405 1197 535 1227 nemo
552 1183 801 1228 damnatur.
827 1201 847 1224 »

111 1255 331 1297 XLIV.Ut
346 1254 461 1297 enim
485 1254 588 1298 alios
613 1255 812 1298 omittam
835 1254 880 1297 in
899 1254 1075 1299 diversis
1096 1254 1220 1299 terris
1241 1254 1444 1299 habitan-

4 1370 6 1374 ,
52 1332 114 1368 tes
139 1345 149 1381 3
173 1325 242 1367 vix
260 1325 374 1368 enim
398 1324 556 1368 alicubi
578 1325 698 1368 deest
718 1326 801 1369 hoc
819 1340 953 1383 genus
970 1325 1222 1379 hominum,
1253 1341 1343 1384 quo
1365 1340 1442 1385 ap-

0 1450 4 1458 ?
52 1403 198 1454 pareat
220 1395 391 1454 iniquos
411 1395 663 1454 praepositos
682 1409 730 1439 ac
748 1395 982 1450 ministros,
1007 1404 1049 1438 et
1063 1396 1108 1438 in
1122 1394 1334 1440 catholica
1355 1397 1441 1439 Ec-

51 1464 177 1509 clesia
195 1464 331 1509 solere
354 1464 549 1508 damnari
564 1484 571 1509 :
586 1465 890 1510 Milevitanum
909 1465 1151 1509 Honorium
1170 1464 1225 1508 de
1244 1465 1441 1523 proximo

50 1535 193 1595 potuit
228 1535 401 1580 intueri.
430 1539 490 1580 De
513 1536 781 1595 Splendonio
815 1552 932 1592 vero,
965 1551 1096 1597 quem
1126 1535 1359 1580 diaconum
1392 1537 1438 1580 in

0 1599 4 1661 s
26 1648 30 1650 .
50 1605 272 1650 Catholica
303 1606 576 1661 damnatum,
601 1615 644 1650 et
673 1622 696 1650 a
721 1621 764 1650 se
787 1607 1102 1666 rebaptizatum
1134 1606 1440 1665 presbyterum

0 1730 2 1735 ,
50 1675 154 1720 fecit
187 1699 197 1733 3
228 1678 350 1736 cujus
379 1678 422 1720 in
454 1676 590 1721 Gallia
624 1677 950 1722 damnationem
987 1677 1041 1721 ad
1070 1692 1148 1721 nos
1176 1693 1199 1720 a
1234 1675 1440 1721 fratribus

50 1745 221 1790 missam
240 1746 404 1806 collega
428 1756 572 1791 noster
595 1750 861 1792 Fortunatus
874 1747 1035 1791 ibidem
1053 1746 1170 1806 apud
1188 1747 1440 1791 Constanti-

51 1825 150 1860 nam
176 1817 350 1876 publice
371 1817 600 1877 legendam
624 1819 872 1878 proposuit,
914 1827 957 1862 et
986 1833 1117 1878 quem
1151 1827 1298 1876 postea
1322 1818 1439 1861 idem

53 1887 287 1933 Petilianus
305 1889 542 1934 horrendas
560 1891 651 1950 ejus
665 1890 838 1934 insidias
856 1899 1057 1950 expertus
1076 1889 1260 1948 abjecit:
1285 1888 1340 1932 de
1356 1889 1439 1932 hoc

52 1972 152 2016 ergo
172 1959 440 2018 Splendonio
462 1959 641 2020 quando
658 1976 747 2004 non
769 1961 913 2019 potuit
935 1960 1202 2004 commoneri
1224 1958 1439 2017 quemad-

51 2030 232 2072 modum
262 2029 361 2072 mali
385 2039 427 2073 et
451 2030 494 2072 in
517 2029 741 2074 Catholica
764 2029 1058 2088 degradentur
1081 2031 1098 2073 P
1119 2029 1253 2073 Miror
1275 2029 1319 2071 in
1348 2042 1437 2087 quo

52 2099 304 2143 temeritatis
320 2100 558 2160 praecipitio
581 2114 654 2144 cor
676 2100 883 2154 habebat,
907 2115 1007 2145 cum
1040 2100 1119 2143 ista
1139 2099 1338 2153 dictaret,
1358 2098 1436 2142 ubi

52 2184 179 2213 ausus
201 2178 265 2213 est
288 2169 430 2214 dicere
453 2189 460 2214 :
489 2172 663 2214 «Nemo
685 2179 875 2214 vestrum
900 2179 961 2214 est
984 2170 1205 2224 innocens,
1239 2169 1315 2212 ubi
1339 2182 1437 2212 reus

53 2253 181 2284 nemo
203 2240 448 2284 damnatur.
472 2258 492 2281 »
519 2241 812 2293 Quamobrem
832 2241 1031 2300 permixti
1048 2239 1344 2300 corporaliter,
1369 2253 1437 2282 se-

0 2365 1 2373 *
53 2310 189 2369 parati
211 2310 462 2368 spiritaliter
496 2311 538 2354 in
562 2309 774 2355 catholica
804 2311 995 2355 Ecclesia
1027 2309 1161 2365 mali,
1195 2318 1237 2353 et
1264 2307 1440 2369 quando

0 2426 1 2436 ἵ
51 2380 243 2424 humana
262 2380 511 2425 conditione
529 2381 804 2439 ignorantur,
821 2390 862 2425 et
880 2380 1058 2441 quando
1082 2379 1320 2437 disciplinae
1343 2393 1442 2423 con-

54 2451 317 2495 sideratione
340 2451 621 2506 damnantur,
642 2467 738 2496 suas
759 2453 945 2496 sarcinas
966 2460 1154 2511 portant.
1181 2454 1242 2494 Ac
1267 2465 1342 2509 per
1358 2450 1443 2494 hoc

0 2558 1 2563 ,
55 2521 115 2566 illi
131 2522 267 2566 securi
284 2531 402 2576 sunt,
422 2523 454 2566 si
473 2537 622 2566 eorum
641 2523 827 2581 peccatis
842 2523 1083 2566 imitatione
1103 2531 1144 2565 et
1164 2522 1448 2565 consensione

55 2607 143 2636 non
167 2592 523 2646 communicant,
549 2593 817 2652 quicumque
846 2608 921 2652 per
955 2607 1028 2637 cos
1048 2591 1204 2637 Christi
1237 2592 1450 2650 baptismo
