1825 3264
368 234 450 272 182
800 244 834 270 s.
869 239 1098 270 aucun-rm
1129 241 1312 270 muscon

367 308 643 368 baptizantur
671 325 680 352 ε
709 306 812 368 quia
835 315 879 351 et
900 308 935 352 si
955 322 1034 367 per
1054 306 1240 367 optimos
1276 306 1627 365 baptizarentur,
1660 319 1752 351 non

372 379 451 423 nisi
479 379 535 422 ab
556 377 632 422 illo
653 377 730 438 qui
746 378 953 437 justificat
974 377 1157 436 impium
1174 377 1532 437 justificarentur.
1557 375 1756 421 Creden-

367 450 485 494 tibus
507 450 671 509 quippe
707 448 754 492 in
783 464 884 493 eum
913 450 988 510 qui
1019 448 1226 509 justificat
1256 448 1439 507 impium
1460 482 1472 503 ,
1515 447 1755 508 deputatur

364 520 471 564 fides
493 520 548 563 ad
566 519 794 579 justitiam.
809 521 823 545 ¹

424 593 652 635 XLV.V0s
666 599 828 644 autern,
854 605 955 634 cum
976 588 1244 649 objiciuntur
1259 588 1384 633 vobis
1402 587 1751 644 Maximianistae,

366 672 657 706 trecentorum
681 671 723 706 et
745 660 895 706 decem
914 660 1085 706 concilii
1103 663 1119 686 ²
1141 652 1352 705 sententia
1366 659 1584 718 damnati3
1601 658 1683 704 eod

368 732 553 777 concilio
577 741 639 776 tot
661 732 992 792 proconsulibus
1010 767 1020 787 ,
1045 741 1111 776 tot
1132 732 1257 790 gestis
1288 730 1625 791 municipalibus
1647 729 1756 774 alle-

370 813 470 862 gato
488 803 729 862 oppugnati
751 824 762 860 3
786 804 840 846 cle
872 802 1055 847 basilicis
1075 817 1182 862 quas
1204 801 1435 857 tenebant,
1456 816 1533 861 per
1547 802 1662 861 jussa
1680 801 1756 861 Ju-

369 876 517 918 dicum
540 883 583 917 et
601 875 825 918 civitatum
845 874 1003 918 auxilia
1023 873 1290 933 proturbati3
1306 888 1451 917 rursus
1473 887 1495 916 a
1517 872 1640 917 vobis
1655 887 1758 916 eum

369 946 428 989 eis
450 961 559 1004 quos
578 956 693 989 extra
717 946 1070 989 communionem
1093 953 1278 989 vestram
1302 943 1648 1003 baptizaverant,
1667 943 1759 987 sine

369 1015 460 1059 ulla
487 1015 690 1074 baptismi
723 1016 964 1074 quaestione
987 1016 1173 1074 suscepti
1208 1024 1250 1058 et
1277 1015 1477 1059 honorati
1503 1013 1642 1074 3quid
1672 1029 1764 1058 res--

372 1086 598 1145 pondeatis
621 1101 709 1130 non
732 1086 947 1130 invenitis.
976 1086 1197 1130 Sententia
1215 1086 1379 1146 quippe
1395 1083 1645 1140 vincimini,
1670 1099 1762 1130 non

373 1171 471 1199 vera
492 1191 502 1210 ,
536 1157 610 1199 sed
633 1165 771 1199 vestra
789 1191 799 1211 ,
826 1172 912 1216 qua
936 1154 1198 1200 contenditis
1220 1155 1264 1198 in
1279 1154 1431 1200 eadem
1452 1155 1763 1216 communione

371 1235 757 1282 sacramentorum,
779 1226 884 1271 alios
902 1226 1086 1270 aliorum
1109 1226 1250 1285 perire
1270 1226 1540 1281 criminibus,
1563 1234 1606 1270 et
1627 1224 1762 1270 talem

371 1313 592 1357 quemque
616 1313 721 1351 esse,
750 1297 890 1356 qualis
913 1307 975 1341 est
1007 1299 1138 1341 homo
1160 1313 1182 1341 a
1207 1312 1296 1357 quo
1317 1297 1451 1341 fuerit
1476 1296 1721 1357 baptizatus
1745 1317 1758 1356 3

371 1368 406 1410 si
421 1382 582 1411 nocens
603 1376 850 1422 nocentem,
875 1368 910 1411 si
926 1368 1135 1412 innocens
1162 1368 1458 1412 innocentem.
1486 1370 1593 1421 Quae
1610 1367 1645 1412 si
1661 1381 1764 1412 vera

373 1447 496 1492 sunt,
529 1448 579 1482 ut
601 1437 705 1481 alios
727 1438 1063 1482 innumerabiles
1085 1438 1310 1494 omittam,
1347 1438 1715 1483 Maximianistaru

374 1518 506 1564 certe,
520 1524 709 1568 quorum
726 1508 865 1553 scelus
882 1525 1022 1570 usque
1039 1509 1093 1554 ad
1112 1509 1288 1554 illorum
1309 1510 1637 1555 similitudinem
1654 1525 1743 1571 quo

376 1582 494 1625 vivos
515 1591 626 1625 terra
645 1582 827 1636 sorbuit,
849 1583 894 1625 in
916 1591 1005 1626 tam
1028 1597 1262 1627 numeroso
1285 1581 1470 1627 concilio
1492 1582 1623 1627 vestri
1642 1595 1748 1642 exag

375 1662 580 1711 gerarunt
606 1688 615 1706 ,
650 1668 726 1697 vos
758 1653 938 1697 crimina
965 1653 1268 1712 perdiderunt.
1301 1654 1343 1699 Si
1375 1663 1522 1699 autem
1542 1653 1748 1699 Maximia

379 1724 591 1767 nistarum
621 1724 801 1768 crimina
834 1739 910 1768 vos
934 1740 1024 1769 non
1056 1725 1343 1783 perdiderunt
1365 1746 1376 1783 3
1407 1724 1514 1769 falsa
1536 1733 1639 1769 sunt
1665 1740 1726 1785 qu

377 1794 435 1838 ita
457 1794 640 1848 sentitis,
667 1803 709 1837 et
731 1793 871 1838 multo
893 1795 1036 1838 minus
1068 1795 1212 1840 nescio
1237 1811 1335 1855 quae
1357 1811 1447 1840 non
1472 1795 1654 1855 probata
1682 1795 1744 1840 cri

377 1865 494 1909 mina
507 1865 714 1909 Afrorum
738 1866 890 1910 orbem
912 1875 1124 1910 terrarum
1149 1866 1332 1926 perdere
1346 1876 1600 1926 potuerunt.
1614 1869 1677 1912 Ac
1690 1881 1769 1926 per

378 1936 479 1991 boc,
505 1936 615 1980 sicut
637 1936 786 1980 scribit
802 1935 1035 1995 Apostolus
1051 1937 1407 1998 :«Unusquisque
1419 1952 1541 1982 suam
1555 1938 1720 1982 sarcina

381 2025 401 2047 »
436 2015 583 2066 portat
606 2008 620 2033 ³
644 2026 652 2051 :
684 2027 700 2047 »
728 2016 770 2051 et
789 2007 951 2051 nullius
973 2016 1037 2051 est
1052 2008 1271 2068 baptimus
1288 2009 1464 2063 Christi,
1485 2008 1566 2052 nisi
1581 2008 1764 2054 Christi=

378 2086 420 2121 et
448 2075 607 2120 frustra
630 2078 845 2136 promittit
867 2078 1102 2122 Petilianus
1130 2093 1180 2122 ex
1208 2079 1291 2123 hoc
1321 2078 1442 2140 quod
1459 2077 1514 2123 de
1536 2078 1741 2123 Maximia

378 2147 499 2189 nistis
526 2147 815 2202 intendimus,
840 2149 885 2191 in
906 2148 1098 2192 secundo
1119 2148 1233 2194 libro
1251 2147 1341 2193 esse
1364 2149 1584 2194 dicturum
1603 2184 1614 2205 ,
1640 2149 1745 2194 nimi

379 2216 492 2259 male
508 2218 695 2262 sentiens
722 2218 776 2261 de
798 2218 1004 2263 cordibus
1019 2219 1242 2274 humanis,
1268 2220 1392 2279 quasi
1410 2235 1500 2266 non
1521 2219 1747 2279 intelligan

380 2303 480 2331 eum
494 2303 582 2332 non
599 2289 761 2333 habere
775 2289 879 2349 quid
896 2290 1025 2334 dicat.

437 2360 594 2401 XLVI.
640 2361 749 2403 Nam
772 2360 806 2402 si
836 2359 1092 2419 baptismus,
1118 2375 1249 2420 quem
1273 2364 1557 2406 Praetextatus
1588 2371 1629 2407 et
1651 2360 1762 2406 Feliv

378 2426 526 2471 cianus
549 2429 593 2471 in
612 2429 859 2473 Maximiani
883 2430 1191 2475 communione
1204 2431 1573 2488 ministraverunt,
1589 2430 1719 2476 illoru
1764 2454 1765 2458 =

384 2496 463 2539 fuit
489 2519 499 2553 3
526 2514 602 2541 cur
625 2515 646 2541 a
672 2500 794 2543 vobis
813 2534 823 2553 ,
861 2501 904 2543 in
941 2501 999 2544 eis
1024 2517 1132 2561 quos
1172 2502 1522 2560 baptizaverunt,
1560 2512 1718 2563 tanqua

434 2588 439 2601 ¹
463 2584 552 2612 Rom,
576 2594 620 2616 iv„
643 2582 670 2612 ·'v.
688 2601 726 2605 —
746 2590 756 2604 ⁷
782 2585 953 2625 Bagaitani,
976 2602 1016 2609 --
1035 2583 1045 2607 3
1066 2585 1134 2617 Gal.
1154 2597 1198 2622 vr,
1221 2585 1252 2618 53.
