1825 3264
314 276 478 306 con-rna
511 276 713 306 umerus
745 280 980 318 renuam,
1016 281 1098 308 mn.
1135 282 1182 308 11.
1362 269 1448 308 139

55 345 179 407 ligis,
202 342 342 389 voluit
366 342 564 402 intelligi.
603 345 697 388 Jam
722 342 836 387 enim
860 358 915 387 ne
937 345 1032 402 quis
1048 344 1239 404 inquirat
1265 360 1343 390 cur
1363 345 1448 390 hoc

56 415 227 465 dictum
248 413 326 470 sit,
353 421 566 474 quantum
590 414 801 459 Dominus
822 413 982 469 donat,
1008 415 1248 473 expediam.
1276 419 1449 476 Praepa-

55 486 181 537 rabat
218 487 334 530 Deus
360 484 526 530 animos
562 485 789 530 hominum
815 500 891 544 per
923 485 1184 544 Prophetam
1202 521 1212 539 ‚
1239 496 1287 531 ut
1319 487 1449 531 talem

7 582 9 620 3
54 555 349 607 desiderarent
372 557 638 601 sacerdotem
658 572 737 616 pro
756 571 844 616 quo
862 555 1009 599 nullus
1030 566 1174 615 posset
1191 572 1326 600 orare.
1355 561 1451 616 Ipse

54 627 327 689 figurabatur
347 627 618 687 temporibus
642 628 768 687 primi
790 626 942 687 populi
966 637 1008 670 et
1026 627 1153 686 primi
1174 628 1345 686 templi,
1371 629 1446 672 ubi

55 698 200 746 omnia
224 698 375 756 figurae
397 707 556 742 nostrae
578 697 759 742 fuerunt
778 700 806 742 ¹.
835 696 938 742 Ideo
963 697 1082 742 solus
1101 713 1296 742 summus
1313 713 1449 742 sacer-

8 820 10 823 ,
55 769 133 817 dos
157 769 347 814 intrabat
369 769 413 813 in
436 779 580 815 sancta
605 779 878 825 sanctorum,
902 778 952 814 ut
979 778 1121 814 oraret
1150 785 1229 828 pro
1253 768 1416 828 populo
1434 804 1445 824 ‚

55 840 247 902 quicum
265 839 486 885 sacerdote
506 841 550 884 in
573 841 663 900 ipsa
685 841 889 885 interiora
910 848 1056 884 sancta
1075 855 1164 884 non
1180 839 1386 884 introibat
1403 843 1418 866 ²
1436 861 1447 898 3

9 922 11 969 j
53 911 164 958 sicut
175 909 248 955 ille
262 910 460 956 sacerdos
479 911 654 957 intravit
667 912 710 955 in
723 922 884 956 secreta
901 911 1131 964 coelorum,
1145 911 1189 954 in
1202 910 1273 954 illa
1287 911 1451 955 veriora

10 987 11 1033 j
54 991 201 1028 sancta
214 990 462 1026 sanctorum
476 1017 487 1037 ‚
510 982 654 1028 adbuc
664 983 788 1028 nobis
804 983 873 1027 hic
888 982 1034 1042 positis
1045 997 1123 1042 pro
1139 982 1297 1042 quibus
1313 981 1450 1025 inter-

55 1051 204 1113 pellat.
223 1052 327 1098 Ideo
342 1053 447 1098 dixit
462 1055 702 1114 Propheta:
723 1075 742 1096 «
763 1055 805 1100 Si
823 1054 1064 1114 peccaverit
1083 1053 1287 1113 populus,
1307 1053 1450 1098 orabit

62 1143 79 1164 ν»
106 1138 184 1182 pro
199 1138 250 1167 eo
264 1123 486 1182 sacerdos3
503 1125 536 1168 si
550 1135 693 1169 autem
710 1124 908 1169 sacerdos
922 1125 1180 1185 peccaverit,
1200 1124 1296 1184 quis
1310 1123 1452 1168 orabit

59 1211 80 1235 n
106 1208 186 1253 pro
203 1209 254 1238 eo
268 1194 311 1237 ³?
326 1213 345 1236 »
370 1193 415 1238 id
433 1202 511 1250 est,
533 1195 678 1239 Talem
705 1195 945 1240 desiderate
962 1194 1246 1249 sacerdotem,
1263 1195 1338 1255 qui
1355 1209 1452 1253 pec-

57 1279 154 1311 care
175 1280 264 1310 non
280 1265 433 1325 possit,
452 1281 507 1310 ne
522 1266 709 1324 indigeat
725 1267 836 1311 orari
850 1282 928 1326 pro
945 1282 1004 1311 se.
1030 1269 1085 1310 Et
1098 1265 1196 1310 ideo
1214 1281 1293 1325 pro
1313 1268 1453 1325 Apos-

10 1390 12 1394 ,
56 1332 154 1380 tolis
175 1343 323 1380 oratur
339 1350 362 1379 a
381 1334 554 1395 populis
578 1355 587 1380 :
610 1351 690 1395 pro
712 1335 788 1380 illo
806 1346 950 1380 autem
973 1335 1194 1380 sacerdote
1217 1334 1451 1394 Apostolo-

11 1412 13 1415 ’
56 1420 154 1450 rum
177 1405 380 1464 magistro
395 1415 439 1450 et
456 1407 641 1450 Domino
663 1421 750 1451 non
775 1416 924 1450 oratur
939 1407 971 1450 ⁴.
999 1405 1113 1450 Audi
1138 1406 1221 1450 hoc
1238 1407 1453 1450 Joannem

10 1469 13 1482 ⁵
55 1475 284 1534 fatentem,
306 1486 350 1522 et
370 1477 588 1522 dicentem
612 1497 621 1523 :
651 1497 672 1520 «
698 1481 891 1533 Fratres,
914 1478 1082 1538 inquit,
1108 1478 1201 1521 haec
1218 1477 1360 1523 scribo
1373 1492 1452 1521 vo-

11 1546 13 1558 '
59 1566 81 1590 »
107 1548 200 1604 bis,
224 1557 275 1593 ut
295 1563 385 1594 non
405 1550 589 1608 peccetis
614 1569 623 1593 ;
650 1558 692 1593 et
720 1549 754 1593 si
776 1549 872 1609 quis
896 1549 1165 1608 peccaverit,
1191 1548 1453 1593 advocatum

59 1637 81 1662 i»
105 1619 318 1664 habemus
340 1618 457 1679 apud
482 1622 650 1664 Patrem
675 1622 821 1664 Jesum
843 1619 1259 1678 Cb1·istumjustum‚
1279 1619 1369 1678 ipse
1391 1627 1455 1662 est

10 1704 15 1752 r2
61 1708 82 1732 ι»
106 1691 296 1736 exoratio
319 1705 397 1750 pro
419 1691 605 1750 peccatis
624 1691 779 1735 nostris
802 1692 832 1734 ⁵.
864 1710 882 1731 »
912 1690 1133 1735 Habemus
1152 1726 1162 1745 ,
1189 1689 1294 1735 dixit
1317 1709 1325 1735 :
1354 1705 1455 1750 pec-

59 1760 165 1809 catis
185 1761 362 1816 nostriS,
382 1760 505 1806 dixit.
533 1761 655 1806 Disce
676 1760 966 1805 bumilitatem
990 1796 1001 1817 ,
1029 1776 1082 1805 ne
1105 1760 1233 1806 cadas
1255 1782 1266 1818 3
1299 1761 1388 1805 imo
1407 1769 1456 1804 ut

13 1836 15 1888 ἶ
60 1829 297 1891 aliquando
318 1847 483 1892 surgas.
517 1834 670 1892 Neque
697 1833 812 1877 enim
835 1832 913 1876 ista
936 1831 1110 1876 dixisses
1131 1867 1142 1887 ,
1174 1831 1255 1875 nisi
1278 1830 1457 1876 cecidis-

11 1945 16 1966 ι
60 1915 138 1945 ses.

119 1973 334 2018 CCXLII.
361 1975 623 2018 Peruumss
645 1971 782 2017 dixit:
814 1991 833 2014 «
859 1975 921 2017 Ac
950 1987 1006 2016 ne
1036 1987 1080 2017 se
1109 1972 1302 2016 vindicet
1323 1987 1344 2015 a
1376 1972 1454 2015 de-

59 2041 165 2089 licto
185 2044 261 2103 qui
282 2041 420 2088 laicus
449 2053 540 2098 est,
566 2045 650 2088 hoc
679 2043 911 2088 interdicto
939 2051 1112 2087 tenetur
1138 2062 1145 2086 :
1171 2045 1235 2088 Ne
1257 2057 1457 2087 commu-

61 2113 178 2159 nices
196 2114 382 2172 peccatis
403 2113 568 2158 alienis.

14 2183 17 2244 ζ
121 2185 357 2230 CCXLIH.
384 2187 661 2230 Anat-sums
683 2181 905 2243 respondit
936 2202 944 2228 z
980 2185 1132 2238 Erras,
1177 2192 1225 2228 ut
1263 2182 1424 2228 (licitur
1443 2217 1454 2239 ‚

61 2262 157 2301 toto
174 2253 289 2299 coelo
307 2269 383 2315 per
403 2255 650 2314 superbiam
664 2291 674 2309 ‚
700 2255 807 2298 dum
832 2268 920 2298 non
942 2254 1004 2297 vis
1026 2254 1346 2299 communicare
1363 2253 1455 2298 orbi

15 2347 17 2384 j
63 2333 190 2373 terrae
205 2340 284 2386 per
304 2325 612 2371 humilitatem.
640 2329 747 2372 Nam
770 2340 913 2386 neque
936 2325 1018 2370 hoc
1041 2324 1154 2370 laico
1177 2325 1344 2370 dictum
1369 2333 1454 2378 est,

14 2406 19 2435 i
65 2404 108 2441 et
124 2396 260 2442 nescis
277 2396 650 2457 quemadmodum
669 2396 833 2440 dictum
851 2395 918 2439 sit.
941 2396 1010 2440 Ad
1033 2396 1306 2441 Timotheum
1328 2398 1458 2454 Apos-

64 2466 180 2512 tolus
208 2481 308 2510 cum
333 2467 565 2522 scriberet,
593 2467 678 2512 hoc
694 2466 899 2512 monebat
918 2466 1122 2511 eumdem
1146 2467 1288 2526 ipsum
1313 2465 1458 2510 Timo—

116 2576 125 2592 ·
150 2570 254 2602 Levit.
274 2580 339 2610 xvi,
357 2579 389 2603 2.
403 2587 444 2595 ——
461 2577 473 2594 ²
494 2570 591 2604 Hebr.
614 2581 658 2611 vu,
677 2581 708 2612 7.
730 2587 770 2593 —
788 2568 800 2592 ³
828 2580 839 2602 1
862 2570 939 2611 Reg.
960 2580 994 2611 n,
1009 2570 1062 2603 25.
1078 2568 1145 2599 -4
1162 2569 1323 2612 Actfflxiv,
1342 2577 1397 2603 ⁴22.
1417 2587 1456 2593 —

68 2621 84 2647 ⁵
103 2635 115 2656 1
136 2626 224 2657 Joan.
245 2636 281 2668 u,
301 2636 326 2657 1.
1291 2629 1299 2636 '
