1825 3264
275 288 435 315 coneum
468 287 730 316 ent-:smmum
765 291 1051 330 noNA‘risTim,
1088 293 1167 319 Lm.
1206 293 1270 318 111.
1376 275 1456 314 457

80 353 309 412 praecepit,
330 367 402 397 eos
424 353 537 412 ipsos
554 353 658 398 dicit
680 369 703 398 a
729 353 905 400 diabolo
925 357 1187 415 captivatos,
1213 371 1291 400 nec
1316 365 1461 400 tamen

78 437 210 482 quam
240 422 598 477 commendabat,
636 423 776 468 amisit
806 424 1051 480 lenitatem,
1077 427 1180 487 quia
1203 441 1298 470 eam
1328 439 1460 485 quam

79 491 280 548 docebat,
297 502 439 537 tacere
461 493 600 538 noluit
620 494 860 538 veritatem.

137 564 252 607 XCI.
291 563 375 608 Sed
394 564 484 623 ipse
504 564 662 608 videris
682 565 803 624 cujus
821 574 961 623 partes
979 580 1075 623 agas
1089 601 1099 621 ,
1125 567 1201 626 qui
1218 581 1312 610 mea
1330 565 1462 609 verba

78 631 198 677 velut
211 634 448 678 convitiosa
470 643 512 678 et
533 649 643 678 saeva
670 634 957 689 criminando,
983 650 1055 679 eos
1078 651 1188 695 quos
1223 636 1276 680 ad
1309 635 1462 694 dispu-

79 703 262 747 tandum
282 705 514 748 convenire
528 719 617 748 non
641 705 717 759 vis,
743 704 798 749 ad
820 704 1081 765 litigandum
1097 707 1244 750 niteris
1260 707 1458 750 excitare.

77 771 188 818 Nolo
215 774 332 817 enim
359 772 527 828 dicere,
556 774 658 833 quia
690 783 732 818 et
767 784 808 819 te
839 776 1007 834 litigare
1045 775 1246 820 delectat.
1291 776 1463 820 Parcius

76 843 238 902 quippe
255 858 301 886 ac
316 842 604 888 verecundius
620 878 631 897 ,
656 844 732 887 sed
754 846 876 904 quasi
894 861 944 888 ex
961 845 1142 904 obliquo
1160 846 1267 889 mihi
1288 846 1457 905 objicis,

77 928 177 973 quae
196 912 251 956 ad
272 928 341 957 me
359 915 538 958 omnino
560 929 649 958 non
671 915 906 973 pertinent.
929 916 1041 968 Quid
1061 916 1176 959 enim
1194 915 1389 975 judicem
1410 915 1464 959 de

79 984 418 1028 Manichaeorum
450 985 859 1043 pestilentiosissima
889 995 931 1030 et
962 986 1216 1031 Christianis
1256 986 1463 1030 omnibus

81 1053 398 1098 anathemanda
421 1055 626 1109 vanitate,
656 1055 689 1098 si
718 1064 888 1099 tantum
911 1056 1056 1100 dicere
1073 1055 1271 1109 solerem,
1298 1071 1346 1100 ac
1375 1070 1465 1099 non

80 1124 209 1168 etiam
239 1124 491 1183 conscriptis
512 1125 632 1169 libris
654 1125 801 1169 multis
832 1125 1237 1185 multiplicibusque
1268 1135 1461 1181 testarer,

81 1210 135 1239 ne
155 1195 406 1255 sicquidem
428 1205 537 1240 esset
567 1195 769 1240 adversus
804 1212 873 1240 me
907 1196 1022 1241 ullus
1050 1196 1280 1242 calumniae
1311 1206 1465 1241 vestrae

79 1266 214 1310 locus.
240 1269 391 1326 Neque
414 1267 529 1310 enim
550 1281 619 1310 me
640 1266 863 1312 Catholica
886 1266 994 1312 falso
1017 1283 1040 1311 a
1057 1267 1179 1312 vobis
1200 1268 1322 1325 argui
1341 1267 1465 1311 mira-

81 1345 214 1391 retur,
249 1353 273 1380 a
295 1337 453 1396 quibus
479 1345 594 1381 totus
627 1337 884 1381 christianus
909 1338 1024 1381 orbis
1046 1353 1146 1382 cum
1177 1347 1242 1381 tot
1265 1337 1465 1382 Ecclesiis

80 1408 208 1450 etiam
233 1406 316 1450 illis
338 1406 486 1466 primis
516 1407 765 1466 Apostolico
787 1407 935 1451 labore
957 1408 1222 1467 propagatis,
1250 1407 1366 1451 falsis
1384 1408 1467 1451 cri-

80 1477 268 1520 minibus
286 1487 526 1521 accusatur.
553 1479 664 1522 Cum
684 1493 786 1521 vero
809 1486 957 1520 contra
982 1478 1266 1530 Manichaeos,
1298 1478 1373 1536 qui
1398 1492 1466 1521 me

80 1546 449 1590 adolescentulum
474 1547 709 1606 aliquando
741 1547 1026 1606 deceperant,
1048 1562 1142 1590 mea
1168 1556 1287 1591 tanta
1311 1548 1465 1606 scripta

79 1618 154 1676 qui
174 1616 359 1662 voluerit
382 1618 524 1676 legere
552 1619 697 1677 possit,
724 1633 812 1662 non
833 1633 971 1677 usque
1005 1618 1113 1661 adeo
1132 1617 1314 1676 desipit,
1346 1627 1395 1660 ut
1412 1617 1466 1660 de

80 1703 148 1732 me
171 1688 318 1733 credat
352 1691 495 1748 potius
519 1690 658 1733 verbis
692 1688 856 1742 vestris,
884 1704 1015 1748 quam
1044 1689 1179 1732 oculis
1207 1697 1249 1732 et
1271 1688 1466 1733 sensibus

80 1759 179 1803 suis.

138 1820 278 1863 XCII.
319 1838 338 1861 (ι
368 1819 452 1864 Sed
482 1818 724 1878 epistolam,
758 1819 916 1878 inquis,
960 1818 1162 1877 principis
1199 1818 1350 1871 vestri,
1380 1832 1465 1876 qua

82 1889 224 1933 nescio
247 1889 355 1948 quid
378 1888 432 1932 de
455 1898 496 1932 te
518 1889 701 1947 scripsit,
727 1903 827 1932 cum
858 1898 897 1932 te
925 1887 1116 1932 ordinari
1139 1887 1290 1941 nollet,
1318 1896 1469 1932 tenent

82 1973 170 2002 non
190 1959 315 2017 pauci
336 1967 599 2002 nostrorum.
620 1977 638 1997 n
661 1957 784 2001 Illam
801 1973 903 2002 vero
920 1959 1094 2001 minime
1111 1973 1323 2011 curarem,
1343 1972 1421 2001 nec
1435 1958 1468 2000 si

82 2030 190 2089 ejus,
212 2045 235 2073 a
258 2044 346 2089 quo
363 2030 520 2088 scripta
538 2029 712 2082 dicitur,
746 2045 832 2073 non
859 2030 1082 2088 perspicua
1114 2044 1192 2087 pro
1216 2029 1340 2072 nobis
1367 2044 1467 2072 sen-

84 2099 217 2143 tentia
238 2099 470 2158 legeretur,
495 2098 612 2143 illam
633 2099 895 2144 calumniam
921 2098 1239 2158 falsitatemque
1261 2097 1469 2143 condem-

84 2184 190 2213 nans
218 2188 226 2213 ε
251 2179 417 2229 quanto
442 2170 585 2213 minus
607 2183 700 2213 eam
724 2179 847 2213 curat
872 2168 1083 2214 catholica
1108 2168 1318 2223 Ecclesia,
1344 2171 1468 2229 cujus

84 2254 256 2284 causam
278 2249 428 2285 contra
447 2255 521 2284 vos
545 2240 726 2298 agimus,
747 2240 816 2284 cui
835 2248 898 2284 tot
916 2239 1071 2284 divinis
1088 2239 1340 2283 testimoniis
1359 2255 1469 2298 prae-

85 2309 268 2366 sidenti‚
304 2309 425 2356 nulla
458 2312 651 2356 humana
684 2311 738 2355 de
766 2326 988 2370 quoquam
1012 2309 1189 2354 homine
1223 2310 1469 2354 testimonia

84 2396 161 2425 seu
182 2396 281 2425 vera
302 2394 378 2425 seu
396 2379 517 2436 falsa,
538 2397 624 2440 qua
642 2380 802 2439 gaudet
824 2380 1029 2425 auferunt
1047 2380 1293 2424 veritatem.
1317 2380 1471 2424 Desine

87 2451 246 2496 talibus
268 2471 277 2496 :
297 2467 410 2496 unus
432 2452 564 2496 homo
586 2467 698 2506 sum,
717 2452 920 2496 Ecclesiae
943 2451 1055 2495 inter
1073 2466 1150 2495 nos
1168 2452 1307 2508 agitur
1325 2466 1467 2505 causa,

86 2537 174 2566 non
196 2537 290 2566 mea
314 2542 322 2567 ;
348 2522 574 2578 Ecclesiae,
600 2523 795 2582 inquam,
822 2538 921 2582 quae
943 2522 987 2566 in
1012 2521 1134 2566 nullo
1155 2522 1330 2566 homine
1352 2537 1471 2580 spem

87 2607 247 2651 ponere
271 2609 292 2638 a
315 2608 393 2638 suo
420 2591 571 2638 didicit
609 2592 914 2652 Redemptore.
936 2596 1196 2653 Quanquam
1223 2608 1302 2639 nec
1325 2593 1380 2639 de
1402 2608 1472 2637 me
