1825 3264
266 254 429 285 CONTRA
460 257 725 285 cmzscomcM
757 256 1046 297 nom-Ansam,
1081 260 1165 287 nn.
1201 260 1267 287 111.
1382 246 1463 288 «107

86 323 187 368 hinc
210 330 254 366 te
280 321 511 367 arbitratus
541 320 767 367 manifeste
798 321 956 367 falsum
981 324 1145 369 crimen
1176 323 1296 384 quod
1318 325 1358 368 ei
1381 334 1471 370 tra-

87 392 273 438 ditiones
291 392 510 452 objicitur,
526 393 838 448 demonstrare,
863 394 965 453 quia
977 393 1274 453 interposuisti
1294 404 1471 440 senten-

78 463 190 507 tiam
214 464 306 522 ejus
327 478 458 522 quam
477 463 522 507 in
544 461 729 508 concilio
746 464 857 508 inter
878 473 1057 509 caeteros
1079 465 1303 525 episcopos
1321 475 1473 511 contra

86 533 369 580 Caecilianum
402 544 445 580 et
466 533 570 580 alios
597 535 916 581 communionis
948 536 1039 595 ejus
1066 537 1295 596 participes
1331 536 1439 582 dixit
1461 557 1470 582 :

87 614 295 665 tanquam
320 605 412 650 fieri
440 621 529 650 non
551 615 711 665 posset,
735 615 784 650 ut
806 605 1034 651 traditores
1062 607 1244 654 traditor
1265 607 1474 652 condem-

86 685 224 720 naret.
254 675 514 720 Prudentius
536 677 651 720 enirn
669 685 714 720 tu
735 675 854 721 vides
874 677 952 721 ista
974 692 1106 737 quam
1127 677 1286 722 Paulus
1300 687 1474 738 aposto·

84 743 154 789 lus
171 763 182 790 :
210 760 309 789 nam
332 745 405 789 ille
416 746 679 805 quibusdam
694 762 758 791 res
780 747 1013 806 objiciebat
1030 747 1254 803 absurdas,
1274 763 1354 792 nec
1371 764 1473 793 con-

84 814 303 859 siderabat
333 831 422 860 non
446 831 567 875 posse
594 817 688 860 fieri
717 817 836 876 quod
869 816 1040 861 dicebat
1066 837 1075 862 2
1115 837 1136 860 «
1158 818 1243 872 Qui
1267 819 1475 877 praedicas

88 903 110 926 »
135 900 225 930 non
247 883 483 930 furandum
504 920 516 940 ,
541 884 694 931 furaris
722 907 733 944 3
758 887 834 946 qui
860 886 966 931 dicis
988 902 1078 931 non
1099 887 1438 932 adulterandum
1458 922 1470 942 ,

88 973 109 997 »
135 954 352 1000 adulteras
378 976 388 1013 3
427 956 503 1015 qui
525 956 788 1002 abominaris
809 956 925 1002 idola
942 992 952 1012 ,
987 956 1260 1016 sacrilegium
1283 958 1388 1002 facis
1410 960 1470 1001 ¹.»

85 1028 142 1070 Et
163 1024 274 1070 illud
295 1027 513 1086 praecipue
535 1047 543 1070 :
577 1046 593 1066 «
616 1029 667 1071 In
690 1043 778 1087 quo
799 1028 916 1071 enim
939 1026 1122 1072 alterurn
1137 1027 1322 1087 judicaS,
1348 1038 1390 1072 te
1412 1028 1474 1086 ip-

88 1114 108 1137 »
134 1111 229 1140 sum
252 1097 539 1153 condemnas,
565 1097 714 1141 eadem
734 1098 850 1141 enim
874 1098 961 1156 agis
983 1098 1261 1158 quaejudicas
1277 1102 1309 1140 ².
1337 1117 1356 1139 »
1384 1100 1473 1143 Hos

85 1181 188 1225 ergo
201 1166 444 1222 traditores,
463 1169 623 1227 quibus
640 1169 844 1214 confessis
860 1169 1033 1213 territus
1049 1169 1274 1214 Secundus
1287 1170 1470 1228 ignovit,

85 1252 230 1282 secum
260 1237 416 1282 habuit
436 1238 480 1282 in
509 1239 840 1298 Carthaginensi
873 1239 1057 1285 concilio
1075 1275 1085 1295 ,
1111 1249 1154 1284 et
1191 1240 1237 1284 in
1273 1240 1472 1284 absentes

85 1323 175 1352 non
195 1307 414 1353 confessos
437 1307 641 1353 dixerunt
671 1310 928 1364 sententias,
954 1311 1031 1370 qui
1054 1319 1286 1369 praesentes
1315 1309 1369 1354 dc
1397 1325 1475 1354 sua

84 1393 174 1423 non
195 1387 297 1422 sunt
318 1378 585 1423 confessione
603 1380 812 1424 damnati.
840 1383 933 1425 Hoc
954 1380 1190 1425 concilium
1214 1397 1303 1426 non
1324 1395 1473 1424 mane-

84 1458 166 1504 ret,
194 1449 336 1494 necin
353 1450 614 1509 posteritatis
634 1451 883 1496 memoriam
907 1450 1189 1510 perduraret,
1216 1453 1296 1496 nisi
1318 1451 1474 1496 descri-

85 1519 262 1563 beretur
278 1520 334 1564 ab
352 1520 444 1564 aliis
459 1555 470 1575 ,
495 1530 825 1564 conservaretur
846 1521 900 1564 ab
918 1522 977 1566 eis
1000 1522 1076 1581 qui
1094 1536 1145 1566 eo
1168 1536 1212 1565 se
1234 1520 1471 1566 defendere

83 1590 389 1649 praeparabant
407 1625 418 1645 ,
440 1591 475 1635 si
496 1591 593 1650 quis
615 1591 673 1635 eis
695 1591 848 1635 eadem
870 1592 1050 1636 crimina
1080 1600 1362 1652 posteaquam
1383 1592 1472 1636 illic

85 1660 272 1709 relaxata
295 1670 396 1705 sunt
413 1661 654 1721 objecisset.

143 1733 328 1776 XXXII.
366 1734 535 1777 Interea
576 1732 705 1776 etiam
739 1732 930 1777 Secundi
971 1733 1127 1792 ipsius,
1163 1743 1213 1778 ut
1242 1742 1471 1793 appareret

83 1817 183 1846 eum
200 1837 212 1858 ,
237 1818 293 1847 ne
317 1803 500 1848 schisma
521 1804 642 1848 fieret
657 1838 668 1858 ,
693 1804 815 1862 quod
835 1803 977 1848 solent
998 1820 1088 1864 prae
1115 1805 1280 1848 caeteris
1301 1805 1470 1863 pacifici

83 1874 426 1933 praecavere‚illa
447 1875 592 1919 omnia
609 1873 757 1919 divino
764 1873 930 1933 judicio
942 1874 1171 1919 dimisisse:
1196 1875 1317 1935 quod
1334 1875 1473 1920 multo

82 1943 218 2002 magis
240 1943 381 1988 facere
402 1944 581 1988 deberet
602 1944 646 1987 in
672 1943 1301 2002 concilioCarthaginensi‚ubi
1321 1954 1472 1990 contra

84 2014 283 2058 absentes
306 2014 425 2059 nulla
448 2014 760 2069 constiterant,
785 2014 865 2058 nisi
881 2013 1046 2058 Lucilla
1062 2016 1076 2040 ³
1099 2024 1205 2059 tunc
1226 2025 1471 2074 praepotens

83 2094 127 2128 et
160 2084 507 2143 pecuniosissima
536 2083 715 2129 foemina
748 2085 856 2129 odiis
881 2100 1057 2129 accensa
1084 2083 1311 2130 furialibus
1339 2087 1473 2131 vehe-

84 2165 253 2200 menter
274 2155 480 2210 instaret,
506 2166 554 2200 ut
575 2163 727 2200 contra
748 2155 1030 2200 Caecilianum
1056 2156 1191 2201 veluti
1215 2157 1472 2202 damnatum

86 2227 194 2272 alter
215 2226 491 2272 ordinaretur
513 2226 974 2286 episcopus⁴.Quodin
993 2227 1219 2287 Zenophili
1234 2227 1471 2272 consularis

80 2297 249 2358 judicio
270 2307 419 2357 postea
441 2306 833 2343 commemoratum
857 2307 921 2342 est
945 2313 1020 2357 per
1043 2298 1278 2358 quemdam
1302 2298 1472 2342 Nundi-

84 2369 257 2413 narium
275 2368 452 2426 Sylvani
473 2368 678 2413 Cirtensis
704 2377 808 2412 tunc
840 2368 967 2412 vestri
993 2369 1181 2427 episcopi
1215 2368 1468 2422 diaconum,

85 2439 285 2499 quicum
320 2447 560 2483 memorato
595 2439 796 2497 episcopo
824 2453 903 2483 suo
924 2453 1053 2497 quem
1081 2453 1305 2497 perpessus
1331 2436 1473 2483 fuerat

136 2543 142 2559 ¹
163 2542 253 2573 Rom.
269 2551 303 2581 n,
319 2548 425 2572 2¹.—·
436 2546 448 2562 ²
464 2539 545 2571 lbid.
556 2538 618 2562 —3
635 2539 764 2572 Lucilla.
778 2539 855 2572 Vide
865 2549 972 2581 supra,
984 2539 1039 2571 lib.
1054 2544 1185 2572 :contra
1198 2541 1424 2582 Parmen.cap.
1439 2539 1472 2580 3,

91 2600 125 2629 et
136 2597 237 2639 Epist.
251 2606 337 2637 xun,
357 2607 388 2628 n.
407 2606 444 2638 17
460 2600 493 2628 et
505 2597 672 2638 Optatam,
690 2594 745 2628 lib.
759 2593 859 2628 1.—4
876 2595 1070 2637 Majorinus,
1087 2595 1139 2628 cui
1152 2598 1293 2628 Donatus
1306 2595 1473 2628 successit.
