1825 3264
310 316 472 347 CONTRA
503 320 767 348 cnascomum
799 319 1087 362 nonaum-Am,
1123 325 1206 352 Lm.
1242 326 1302 353 ιν.
1417 313 1502 354 475

118 382 397 442 baptizantur
413 399 435 428 a
456 385 624 438 vestris,
642 385 686 428 in
711 385 871 444 quibus
893 386 1042 431 eadem
1065 397 1332 434 sacramenta
1350 403 1440 434 esse
1460 399 1504 434 et

118 452 263 507 sentiS,
284 462 326 497 et
349 453 475 508 dicis,
505 463 548 498 et
574 454 738 498 scribis.
766 457 859 508 Qua
884 457 1015 513 igitur
1037 458 1206 501 sceleris
1232 458 1503 515 impudentia

118 537 209 566 nou
229 532 422 567 servatur
439 524 484 567 in
505 524 579 578 eis,
608 539 718 583 quos
740 525 784 568 in
806 536 953 569 sancta
982 527 1148 570 unitate
1172 528 1362 586 baptizat
1388 529 1504 573 orbis

119 592 402 648 christianus,
434 593 554 652 quod
574 604 788 638 servatum
817 605 881 639 est
903 596 948 639 in
980 597 1063 650 eis,
1092 613 1203 656 quos,
1226 598 1269 641 in
1298 599 1505 657 sacrilego

118 662 348 707 schismate
367 664 640 723 baptizarunt
663 668 944 710 Praetextatus
963 675 1007 710 et
1033 667 1502 713 FelicianusPCausam

117 731 264 791 itaque
286 743 494 788 nostram,
516 750 646 794 quam
671 735 894 779 vobiscum
920 736 1145 790 habemus,
1166 748 1308 782 vestro
1325 739 1413 797 jam
1429 739 1504 798 ju-

117 800 231 846 dicio
254 804 534 856 terminastis,
567 819 666 847 cum
698 820 769 848 eos
796 807 872 865 qui
903 822 926 849 a
948 806 1070 850 vobis
1099 807 1379 852 damnatione
1407 823 1506 867 per-

116 872 226 916 cussi
241 882 360 927 sunt,
377 874 451 933 qui
469 872 653 932 populos
670 889 724 917 ne
740 874 794 918 ad
811 890 884 918 vos
899 876 1175 930 accederent,
1196 877 1505 921 instantissime

116 952 401 1000 monuerunt,
425 944 501 1003 qui
524 953 620 1002 post
643 958 717 987 vos
739 944 868 987 etiam
893 945 1202 1003 baptizandum
1222 961 1310 989 esse
1325 961 1508 990 censue-

117 1021 236 1066 runt,
261 1027 361 1056 cum
379 1013 437 1057 eis
459 1028 568 1072 quos
589 1022 706 1057 extra
723 1023 907 1057 vestram
931 1016 1283 1059 communionem
1307 1017 1352 1059 in
1377 1016 1508 1061 sacri-

116 1081 227 1137 legio
249 1083 485 1127 schismatis
512 1084 736 1128 constituti
758 1084 1110 1143 baptizaverunt,
1130 1086 1221 1129 sine
1246 1085 1334 1129 ulla
1355 1086 1510 1143 degra-

119 1153 309 1207 datione,
346 1154 434 1197 sine
462 1154 666 1213 baptismi
689 1154 944 1209 iteratione,
981 1156 1025 1198 in
1056 1155 1198 1199 altaris
1230 1157 1509 1200 concordiam

117 1224 379 1282 suscepistis,
404 1234 446 1269 et
470 1224 589 1268 nulla
614 1241 658 1268 re
682 1224 761 1268 alia
785 1226 840 1268 ab
868 1225 944 1270 illo
973 1225 1134 1270 scelere
1166 1227 1401 1285 sacrilegii,
1431 1227 1511 1270 nisi

120 1303 270 1338 sancto
287 1295 386 1352 igne
408 1295 628 1339 charitatis
649 1295 840 1354 expiatos
862 1310 952 1339 esse
974 1295 1230 1340 credidistis.
1257 1295 1388 1349 Quod
1410 1311 1509 1340 vere

121 1364 268 1419 fieret,
293 1364 327 1409 si
356 1380 431 1409 vos
467 1364 664 1409 eamdem
696 1365 952 1409 charitatem
975 1366 1020 1409 in
1053 1380 1154 1410 vera
1185 1367 1353 1410 unitate
1383 1375 1507 1411 tene-

119 1433 237 1478 retis.

176 1504 298 1547 XIV.
338 1505 419 1548 Sed
455 1513 599 1548 tamen
629 1503 855 1547 videamus
889 1504 1019 1547 etiam
1058 1503 1112 1547 de
1141 1503 1284 1548 verbis
1319 1503 1512 1563 epistolae

120 1572 335 1627 Petiliani,
358 1589 488 1633 quam
508 1583 658 1618 contra
677 1589 744 1617 me
763 1572 998 1617 defendere
1014 1574 1205 1628 voluisti,
1224 1574 1449 1634 quomodo
1468 1584 1511 1618 te

119 1657 248 1687 exuas
273 1643 317 1686 in
351 1644 432 1687 hac
461 1659 587 1687 causa
618 1643 1048 1697 Maximianensium‚
1082 1643 1137 1687 de
1163 1660 1250 1703 qua
1273 1659 1390 1687 nunc
1422 1643 1513 1686 sola

119 1713 249 1756 statui
285 1728 411 1771 agere
444 1711 670 1756 adversum
705 1712 868 1756 litteras
895 1721 1005 1756 tuas.
1037 1712 1185 1756 Posuit
1207 1721 1321 1756 certe
1343 1712 1417 1755 ille
1433 1712 1514 1756 ista

120 1783 252 1827 verba
270 1798 361 1827 sua.
387 1783 713 1837 «Conscientia,
729 1783 803 1838 ait,
821 1793 968 1828 sancte
982 1783 1123 1828 dantis
1140 1783 1395 1836 attenditur,
1414 1797 1514 1840 quae

122 1852 272 1897 abluat
294 1853 556 1911 accipientis.
587 1871 606 1893 »
639 1853 718 1897 Cui
743 1868 844 1911 ego,
875 1872 894 1894 «
920 1853 1035 1906 Quid
1058 1853 1117 1907 si,
1152 1853 1357 1912 inquam,
1383 1851 1516 1895 lateat

123 1923 264 1967 dantis
286 1923 564 1976 conscientia,
586 1931 629 1966 et
650 1922 762 1966 forte
780 1923 999 1967 maculosa
1018 1923 1089 1976 sit,
1114 1922 1338 1982 quomodo
1355 1922 1516 1980 poterit

123 1994 371 2052 accipientis
393 1993 570 2037 abluere
592 1993 898 2037 conscientiam
917 1995 934 2036 Ρ
960 2011 978 2034 »
1006 1995 1128 2036 Hanc
1146 2002 1192 2036 tu
1217 1991 1515 2035 inevitabilem

123 2064 426 2124 quaestionem,
445 2064 545 2122 quia
568 2064 613 2106 in
630 2063 770 2107 verbis
790 2061 986 2106 Petiliani
1008 2062 1187 2106 omnino
1206 2076 1294 2105 non
1313 2060 1510 2115 solvitur,

124 2135 210 2178 tuis
232 2133 397 2177 solvere
420 2148 640 2192 aggressus
659 2148 702 2177 es
718 2168 728 2187 ,
753 2142 797 2176 et
823 2133 994 2186 dixisti,
1025 2148 1113 2176 non
1138 2140 1287 2175 contra
1312 2146 1382 2174 me
1398 2165 1408 2184 ,
1441 2130 1517 2174 sed

125 2213 274 2249 contra
304 2202 427 2247 illum
461 2218 592 2263 quem
622 2201 860 2246 defendere
900 2202 1091 2246 voluisti.
1133 2201 1210 2244 Ille
1232 2201 1396 2260 quippe
1418 2200 1476 2244 ait
1505 2219 1513 2244 :

130 2292 148 2314 α
174 2274 447 2318 Conscientia
466 2273 609 2316 dantis
626 2271 880 2326 attenditur,
902 2288 1001 2332 quae
1021 2270 1171 2314 abluat
1189 2270 1437 2328 accipientis
1459 2288 1468 2313 ι
1493 2285 1513 2309 »

127 2352 176 2386 tu
205 2358 307 2386 vero
338 2342 499 2396 fassus,
535 2340 743 2385 latentem
771 2341 1078 2385 conscientiam
1102 2339 1238 2383 videri
1263 2354 1351 2382 non
1374 2351 1515 2396 posse,

127 2413 186 2456 sic
209 2427 306 2454 eam
333 2411 474 2455 dixisti
497 2410 678 2464 attendi,
704 2420 754 2454 ut
775 2426 862 2454 non
880 2410 1081 2453 videatur
1105 2409 1210 2467 ipsa,
1235 2408 1310 2451 sed
1333 2406 1441 2466 quid
1461 2407 1518 2450 de

127 2480 201 2525 illa
224 2490 376 2524 notum
395 2481 449 2523 sit
464 2482 508 2523 in
524 2479 698 2539 publica
717 2479 845 2523 tama.
869 2480 994 2523 Unde
1011 2478 1247 2536 colligitur,
1266 2491 1415 2521 verum
1427 2477 1519 2535 jam

128 2566 218 2595 non
241 2565 346 2603 esse,
367 2549 485 2609 quod
510 2549 774 2594 conscientia
796 2548 939 2592 dantis
961 2548 1113 2592 abluat
1131 2546 1378 2606 accipientis
1407 2561 1516 2590 con-

131 2619 352 2663 scientiam
379 2639 385 2662 :
409 2618 483 2662 scd
501 2618 614 2662 fama
639 2619 730 2677 ejus
753 2617 889 2662 abluit
908 2618 1146 2662 secundum
1164 2626 1206 2661 te
1226 2635 1234 2661 t
1255 2632 1354 2676 quae
1368 2616 1520 2674 utique
