1825 3264
301 224 463 254 com-M
497 225 696 252 ιιττεκΛε
729 225 960 263 Peritum,
996 227 1077 253 un.
1114 227 1178 251 ιιι.
1359 213 1438 250 195

62 291 137 336 illo
158 290 266 336 dixit
286 309 294 335 ;
319 291 454 346 «Viri,
472 289 647 348 diligete
667 305 822 334 uxores
835 299 996 335 vestras
1010 325 1021 345 ,
1041 291 1152 334 sicut
1175 298 1219 334 et
1245 288 1442 334 Christus

65 379 86 403 »
121 361 269 406 dilexit
290 360 548 416 Ecclesiam,
569 370 612 404 et
633 375 676 404 se
705 360 847 419 ipsum
872 359 1048 404 tradidit
1079 375 1156 419 pro
1177 374 1246 414 ea,
1272 368 1323 402 ut
1346 373 1443 403 eam

65 450 85 473 η
120 431 422 486 sanctificaret,
446 430 663 477 mundans
692 445 787 475 eam
806 430 978 476 lavacro
1000 446 1124 491 aquae
1146 431 1191 474 in
1208 430 1341 474 verbo
1364 431 1395 473 ¹.
1419 448 1439 471 υ

61 504 175 547 Ecce
191 502 293 562 quia
312 502 510 548 Christus
535 502 799 560 sanctificat,
820 516 921 546 ecce
952 502 1053 561 quia
1083 502 1279 546 Christus
1313 500 1444 545 etiam

60 572 154 632 ipso
175 571 347 620 lavacro
367 588 492 633 aquae
513 574 559 617 in
581 572 731 628 verbo,
756 573 833 617 uhi
856 573 1043 617 ministri
1074 572 1356 631 corporaliter
1377 573 1442 617 vi-

61 641 222 689 dentur
243 645 428 705 operari,
449 645 540 704 ipse
557 643 721 700 abluit,
747 644 838 704 ipse
856 643 1055 689 mundat.
1081 646 1338 702 Nemoergo
1359 643 1443 687 sibi

62 723 231 773 arroget
251 715 373 774 quod
390 715 466 758 Dei
487 723 551 760 est
576 733 586 760 ε
604 715 664 759 sic
678 724 794 759 certa
814 729 910 774 spes
927 715 1171 768 hominum,
1188 730 1289 758 cum
1302 714 1349 758 in
1370 713 1448 758 illo

61 784 209 845 figitur
224 788 299 845 qui
314 784 465 830 fallere
482 800 572 830 non
589 794 729 844 potest
745 803 754 829 ε
769 804 790 828 «
805 785 1020 840 Quoniam
1034 784 1288 829 maledictus
1299 785 1439 828 omnis

64 872 85 897 n
119 855 197 915 qui
216 870 338 915 spem
358 870 480 900 suam
497 856 618 915 ponit
635 856 680 900 in
703 856 880 900 homine
901 859 919 882 ²
944 875 953 901 :
980 874 1000 897 »
1021 865 1080 910 et,
1109 859 1305 900 «Beatus
1323 855 1446 913 cujus

65 943 86 969 ιο
120 936 184 971 est
203 928 412 972 Dominus
431 930 542 971 Deus
561 942 656 987 spes
677 928 995 986 ipsius³.»Nam
1014 914 1283 986 dispensator
1305 926 1443 970 fidelis

62 996 307 1042 mercedem
339 998 520 1057 accipiet
541 998 673 1042 vitam
706 1007 911 1042 aeternam
939 1018 948 1042 :
985 997 1256 1057 dispensator
1297 1006 1446 1042 autem

61 1066 264 1122 infidelis,
290 1083 391 1112 cum
409 1068 569 1112 cibaria
596 1068 823 1112 Dominica
841 1068 1066 1112 distribuit
1079 1068 1312 1121 conservis,
1339 1068 1451 1112 absit

63 1146 114 1182 ut
127 1153 204 1198 per
220 1154 341 1183 suam
357 1138 660 1183 infidelitatem
672 1139 834 1183 cibaria
851 1139 1020 1183 inutilia
1034 1137 1178 1183 faciat.
1189 1138 1449 1192 «Quoniam,

66 1227 86 1251 »
122 1225 220 1269 quae
243 1208 412 1264 dicunt,
434 1209 599 1268 inquit,
634 1208 787 1266 facite,
813 1225 912 1269 quae
935 1218 1080 1253 autem
1103 1208 1286 1263 faciunt,
1310 1207 1449 1253 facere

67 1295 88 1319 n
124 1279 258 1323 nolite
277 1281 308 1323 ⁴.
339 1297 358 1320 »
386 1278 516 1332 Quod
537 1278 636 1322 ideo
658 1287 809 1322 contra
840 1277 975 1322 malos
995 1277 1310 1337 dispensatores
1339 1294 1453 1338 prae-

65 1358 242 1409 ceptum
257 1358 336 1404 est,
361 1358 412 1393 ut
428 1349 544 1393 bona
558 1349 635 1392 Dei
655 1363 730 1407 per
745 1349 859 1407 ipsos
876 1348 1161 1406 accipiantur,
1182 1348 1295 1393 mala
1307 1358 1454 1393 autem

64 1419 258 1481 ipsorum
272 1421 360 1465 vita
382 1435 433 1464 ex
455 1418 809 1464 dissimilitudine
831 1428 1050 1464 caveatur.

124 1493 217 1536 Lx.
242 1492 286 1537 Si
301 1500 446 1537 autem
464 1489 518 1535 ad
532 1491 611 1535 ista
628 1491 767 1550 prima
786 1490 919 1535 verba
939 1488 1145 1549 Epistolae
1158 1504 1266 1534 meae
1286 1490 1455 1535 Petilia-

65 1577 173 1607 num
202 1578 291 1607 non
313 1561 581 1622 respondisse
603 1561 882 1606 manifestum
904 1570 994 1616 est,
1016 1570 1060 1605 et
1086 1561 1163 1605 ubi
1192 1561 1454 1621 respondere

67 1643 249 1678 conatus
271 1643 350 1688 est,
367 1633 500 1691 magis
514 1631 703 1678 ostendit
714 1633 834 1692 quod
850 1648 939 1677 non
952 1633 1143 1692 potuerit
1159 1632 1423 1692 respondere
1441 1652 1450 1678 :

68 1704 176 1764 quid
194 1703 249 1748 de
270 1703 353 1748 illis
376 1704 571 1763 partibus
593 1719 792 1749 meorum
812 1704 1072 1763 scriptorum
1095 1703 1276 1763 loquar,
1296 1704 1455 1765 quibus

68 1790 149 1819 nec
183 1775 445 1834 respondere
474 1775 673 1829 tentavit,
708 1791 808 1835 quae
835 1775 1016 1820 omnino
1047 1791 1137 1819 non
1158 1775 1335 1834 attigit?
1357 1790 1457 1835 quae

69 1854 215 1890 tamen
231 1845 378 1907 qualia
393 1846 479 1891 sint
495 1847 528 1891 si
552 1862 773 1892 recensere
790 1847 976 1907 quisque
989 1845 1189 1900 voluerit,
1214 1846 1288 1905 qui
1306 1856 1349 1890 et
1362 1861 1458 1890 mea

70 1924 113 1960 et
134 1916 268 1976 ipsius
288 1917 420 1962 habet
441 1917 615 1976 scripta,
642 1926 749 1976 puto
767 1917 888 1976 quod
909 1915 1123 1974 intelligat
1145 1926 1306 1975 quanta
1320 1916 1458 1960 firmi-

73 1994 160 2031 tate
179 1988 381 2032 roborata
404 1989 503 2032 sint.
529 1986 660 2040 Quod
681 1997 730 2031 ut
755 1988 878 2031 vobis
895 1987 1079 2031 breviter
1101 1988 1344 2039 ostendam,
1370 1987 1460 2044 ipsa

71 2057 316 2102 testimonia
344 2057 398 2101 de
433 2057 664 2115 Scripturis
696 2057 853 2101 sanctis
879 2056 1045 2115 prolata
1074 2057 1266 2109 recolite,
1295 2055 1364 2101 vel
1393 2054 1460 2100 le-

73 2126 216 2185 gendo
246 2136 479 2182 recensete,
511 2143 611 2187 quae
646 2128 790 2187 posuit
815 2126 937 2173 velut
964 2126 1168 2172 adversus
1203 2143 1297 2182 nos,
1331 2136 1375 2171 et
1413 2127 1459 2171 iu

73 2211 169 2241 mea
199 2199 476 2257 responsione
503 2213 603 2258 quae
636 2198 759 2256 posui
788 2198 918 2241 etiam
941 2213 1021 2257 ego
1051 2197 1253 2242 adversus
1280 2213 1353 2242 vos
1380 2215 1389 2242 ε
1415 2206 1459 2242 et

73 2265 218 2313 videte
237 2268 610 2328 quemadmodum
636 2283 716 2327 ego
746 2267 818 2312 illa
854 2284 954 2327 quae
975 2268 1066 2327 ipse
1094 2269 1255 2327 posuit,
1288 2266 1457 2312 ostendi

75 2351 169 2382 non
188 2338 316 2383 nobis
332 2372 343 2393 ,
367 2339 443 2384 sed
472 2339 617 2398 potius
637 2338 758 2383 vohis
796 2353 887 2383 esse
918 2338 1132 2384 contraria
1161 2357 1169 2383 ε
1196 2339 1287 2398 ipse
1315 2347 1461 2382 autem

127 2483 135 2500 ¹
158 2478 276 2521 tiphos.
302 2487 334 2518 v,
360 2475 412 2509 25.
440 2492 481 2498 —
509 2483 520 2498 ⁷
541 2477 660 2508 Jerem·
687 2486 771 2515 xvii,
796 2475 909 2509 5.—-3
929 2476 1009 2509 Psal.
1031 2487 1122 2508 xxxix
1141 2501 1148 2515 ,
1184 2475 1216 2508 5.
1237 2492 1273 2499 -
1293 2475 1308 2506 4
1339 2478 1460 2511 Matth-

82 2543 169 2574 xuu,
193 2546 220 2566 ι.

1214 2599 1276 2639 13.
