1825 3264
475 269 528 294 nn
565 271 575 294 t
591 269 747 295 ΜΤΑτε
781 270 993 298 [chEsrffi.
1344 262 1428 298 229

52 351 73 374 »
95 333 185 377 titia
198 341 288 377 esto
302 341 435 377 terra:
459 334 659 378 emittant
681 343 849 378 montes
865 335 1201 394 jucunditatem,
1221 338 1426 398 quoniam

51 421 71 444 »
92 404 290 447 misertus
311 411 374 447 est
391 406 503 448 Deus
521 404 672 464 populi
688 405 771 461 sui,
785 414 828 448 et
849 405 1035 449 humiles
1058 407 1209 465 populi
1231 408 1296 451 sui
1319 407 1428 452 allo-

49 491 70 514 »
95 482 220 517 cutus
242 482 320 518 est.
358 474 471 518 Dixit
500 485 645 519 autem
671 476 772 520 Sion
801 494 808 519 :
836 475 1074 535 Dereliquit
1097 492 1166 519 me
1200 478 1425 533 Dominus,

52 563 69 585 n
95 552 139 588 et
152 546 263 588 Deus
276 544 438 589 oblitus
449 555 512 589 est
525 547 623 589 mei.
639 545 863 606 Numquid
875 547 1016 605 capiet
1028 545 1189 590 oblivio
1203 547 1429 592 mulierem

49 631 70 655 »
96 613 172 658 filii
195 615 261 658 sui
284 649 295 669 ,
322 615 391 659 vel
413 625 555 674 potest
576 617 669 660 fieri
691 626 740 660 ut
768 631 857 660 non
889 617 1142 661 misereatur
1161 617 1296 661 foetus
1318 619 1430 662 uteri

50 705 68 725 »
94 685 158 728 sui
180 685 198 726 ⁶?
219 688 344 730 Nunc
361 701 460 730 ecce
482 687 561 730 etsi
578 686 695 731 illam
716 687 878 732 oblivio
900 687 1094 741 habebit,
1116 703 1184 730 mc
1208 697 1352 732 tamen
1364 689 1430 732 tui

50 775 68 796 »
95 755 218 800 nullo
251 756 382 801 modo
409 757 571 802 oblivio
605 759 762 817 capiet,
789 759 893 802 dicit
916 758 1141 802 Dominus.
1168 761 1280 803 Ecce
1302 774 1431 818 super

46 843 67 867 »
94 841 246 871 manus
267 842 382 871 meas
408 826 612 887 descripsi
645 837 742 872 tuos
774 843 936 882 muros,
968 829 1013 872 in
1041 838 1278 888 conspectu
1301 829 1432 873 etiam

48 912 68 938 »
94 911 191 941 meo
218 912 260 941 es
279 898 324 940 in
346 908 623 957 perpetuum,
645 908 687 943 et
705 898 825 942 brevi
839 898 1122 943 aedificaberis
1137 899 1190 942 ab
1203 899 1268 942 his
1288 915 1311 942 a
1331 900 1432 958 qui—

45 985 66 1009 »
94 968 174 1012 bus
191 983 336 1013 eversa
355 984 413 1013 es.
439 987 459 1010 »
478 971 589 1014 Cum
614 970 744 1027 igitur
763 985 839 1027 per
854 969 1148 1028 Apostolicam
1169 984 1319 1013 vocem
1343 985 1432 1013 non

42 1038 233 1082 sinamur
255 1039 338 1083 hoc
356 1039 411 1083 de
427 1038 593 1098 populo
615 1039 888 1093 Judaeorum,
916 1039 991 1083 scd
1009 1039 1064 1083 de
1085 1040 1433 1084 Christianorum

42 1109 299 1168 intelligere,
316 1109 423 1170 quid
438 1109 701 1155 intellecturi
715 1125 864 1154 sumus
882 1111 926 1154 in
947 1126 998 1155 eo
1015 1111 1135 1170 quod
1157 1112 1215 1154 ait
1232 1111 1316 1154 hoc
1336 1109 1433 1154 loco

42 1182 174 1223 Isa'ias
195 1199 234 1224 2«
253 1183 308 1223 Et
327 1181 448 1225 brevi
466 1181 746 1225 aedificaberis
768 1181 822 1224 ab
838 1181 904 1225 his
927 1196 949 1224 a
971 1181 1132 1240 quibus
1149 1196 1296 1225 eversa
1320 1195 1363 1224 es
1382 1199 1390 1224 :
1410 1198 1429 1221 υ

40 1250 119 1294 nisi
140 1266 260 1309 reges
283 1260 408 1295 terrae
427 1252 503 1311 qui
521 1251 661 1311 primo
680 1251 1053 1311 persequebantur
1068 1250 1322 1305 Ecclesiam,
1336 1260 1434 1309 post

41 1319 264 1379 adjuturos
286 1336 379 1364 eam
395 1330 516 1365 tanto
534 1330 634 1364 ante
656 1321 914 1379 praedictum
935 1322 953 1362 ’ἲ
980 1322 1063 1365 Sed
1087 1322 1187 1379 quia
1210 1321 1337 1364 multi
1356 1336 1432 1364 eo-

42 1405 140 1434 rum
163 1391 208 1434 in
226 1391 312 1435 suis
329 1391 632 1451 iniquitatibus
655 1392 853 1435 morituri
868 1403 1007 1445 erant,
1027 1391 1224 1450 adjungit
1243 1400 1286 1434 et
1300 1391 1430 1434 dicit:

45 1479 64 1504 «
100 1464 156 1505 Et
183 1462 259 1520 qui
289 1461 595 1506 desolaverunt
620 1471 684 1516 te,
710 1460 934 1505 discedent
958 1476 980 1504 a
1001 1469 1059 1504 te.
1099 1478 1119 1501 »
1144 1459 1310 1503 Deinde
1331 1461 1434 1519 quia

41 1546 191 1576 omnes
216 1541 364 1590 gentes
386 1532 727 1591 adjungerentur
749 1530 978 1585 Ecclesiae,
1004 1531 1201 1590 sequitur
1228 1539 1270 1573 et
1292 1529 1395 1573 dicit
1422 1549 1431 1574 ι

46 1621 65 1644 «
90 1602 383 1661 Circumspice
407 1603 572 1662 ubique
594 1602 728 1646 oculis
749 1602 831 1645 tuis
862 1623 873 1658 3
898 1611 940 1645 et
956 1600 1055 1644 vide
1077 1600 1433 1644 universos.Vivo

45 1690 65 1713 »
91 1687 187 1731 ego,
208 1672 311 1716 dicit
331 1674 539 1716 Dominus
566 1692 573 1716 :
613 1687 764 1716 omnes
785 1672 863 1715 hos
884 1671 1039 1715 indues
1064 1680 1105 1714 te
1123 1706 1133 1725 ,
1163 1679 1205 1714 et
1229 1670 1434 1729 dispones

45 1760 65 1784 »
91 1757 162 1786 eos
185 1751 234 1785 ut
249 1751 555 1786 ornamentum
574 1757 698 1786 novae
720 1750 896 1801 nuptoe:
923 1741 1128 1800 quoniam
1144 1756 1243 1799 quae
1266 1740 1432 1784 deserta

45 1831 65 1854 »
91 1811 270 1857 suerunt
290 1814 335 1857 in
358 1823 399 1858 te
419 1849 430 1868 ,
456 1823 499 1857 et
521 1823 727 1873 corrupta
752 1822 795 1856 et
817 1812 992 1870 delapsa
1011 1847 1021 1865 ,
1042 1827 1161 1856 nunc
1186 1813 1229 1854 in
1248 1814 1433 1856 maxima

45 1902 66 1926 »
91 1894 259 1930 arctura
283 1894 412 1929 erunt
440 1900 517 1944 per
539 1900 610 1930 eos
645 1886 720 1944 qui
747 1893 1096 1936 commorantur,
1133 1883 1227 1927 istic
1255 1902 1262 1927 :
1303 1883 1433 1942 longe

45 1974 66 1997 »
92 1971 114 2000 a
145 1965 188 2000 te
211 1956 479 2010 efficiantur,
513 1956 588 2015 qui
619 1965 658 1999 te
692 1954 1038 1999 transvorabant.
1066 1954 1221 1996 Dicent
1243 1953 1359 1996 enim
1387 1953 1433 1997 in

46 2045 66 2068 »
93 2042 216 2070 aures
239 2037 333 2069 tuas
353 2025 430 2069 filii
452 2027 514 2069 tui
537 2041 645 2084 quos
669 2026 867 2068 amiseras
886 2059 895 2076 ‚
919 2022 1129 2080 Angustia
1148 2023 1274 2066 nobis
1297 2031 1361 2066 est
1385 2023 1431 2065 in

47 2116 66 2137 η
94 2097 174 2140 isto
196 2087 316 2150 loco,
344 2094 473 2139 facito
494 2097 641 2154 itaque
680 2095 804 2138 nobis
827 2095 953 2138 etiam
979 2109 1095 2138 nunc
1112 2093 1257 2137 locum
1276 2092 1321 2136 in
1341 2108 1430 2152 quo

47 2185 66 2207 »
92 2179 426 2210 commoremur.
451 2168 515 2209 Tu
531 2180 634 2209 vero
657 2165 774 2208 dices
789 2165 833 2207 in
852 2162 981 2208 corde
1007 2172 1097 2217 tuo,
1123 2162 1229 2215 Quis
1252 2177 1432 2220 genera-

45 2254 66 2278 »
91 2237 154 2280 vit
175 2236 281 2280 mihi
303 2236 420 2289 istos,
442 2250 540 2279 cum
565 2236 692 2278 sciam
722 2249 810 2278 esse
832 2249 901 2277 me
916 2235 1008 2278 sine
1028 2233 1126 2278 filiis
1148 2242 1190 2276 et
1217 2232 1392 2276 viduam
1412 2234 1431 2276 Ρ

31 2318 66 2348 ’»
92 2307 197 2360 Quis
219 2321 325 2365 ergo
341 2306 442 2350 istos
463 2305 666 2350 educavit
694 2305 799 2348 mihi
828 2307 846 2346 ἰ)
879 2307 972 2363 Ego
994 2304 1107 2348 enim
1138 2302 1340 2346 derelicta
1365 2301 1429 2345 fui

33 2394 67 2419 ¹»
86 2377 194 2431 sola,
219 2378 425 2421 hiantem
449 2377 553 2420 mihi
570 2377 648 2420 ubi
666 2386 788 2420 erant
810 2377 827 2417 ’ἶ
847 2376 914 2420 Sic
932 2374 1038 2420 dicit
1054 2375 1261 2418 Dominus
1281 2391 1290 2417 ς
1315 2374 1429 2416 Ecce

46 2467 67 2489 »
90 2447 238 2492 tollam
261 2448 306 2491 in
341 2448 537 2491 nationes
569 2462 722 2491 manus
754 2461 893 2500 meas,
929 2455 972 2490 et
990 2446 1036 2489 in
1063 2443 1225 2488 insulas
1254 2442 1427 2501 signum

47 2537 68 2560 »
92 2533 238 2563 meum
256 2553 268 2571 ‚
288 2527 330 2562 et
349 2517 562 2562 adducam
593 2516 704 2563 filios
726 2526 822 2562 tuos
843 2518 888 2562 in
909 2517 1007 2560 sinu
1027 2550 1037 2567 ‚
1058 2515 1164 2559 filias
1186 2514 1315 2558 etiam
1335 2522 1428 2558 tuas

95 2610 104 2626 ¹
125 2604 197 2635 lsai.
217 2613 306 2638 uix,
340 2611 389 2634 ια.
