1825 3264
320 311 483 340 com-na
515 312 780 342 cunscomuu
812 311 1101 353 nom-risum,
1137 316 1219 343 Lm.
1257 317 1316 344 ιν.
1444 307 1526 346 523

143 374 410 420 documenta
448 377 574 421 etiam
606 378 836 423 criminum
870 378 1127 435 alienorum,
1154 382 1376 440 quaemihi
1409 398 1526 429 nunc

142 446 311 490 conaris
343 446 599 504 ostendere,
634 463 723 492 non
758 447 924 492 faciunt
956 465 1049 494 reos
1078 450 1263 510 populos
1297 453 1523 510 gentium:

142 515 302 576 quibus
333 516 512 576 quando
550 517 801 562 debuerunt
829 534 918 562 non
949 519 1241 565 demonstrata
1276 525 1422 577 sunt¹‚
1459 523 1527 568 vel

139 587 243 647 quia
282 602 371 632 non
395 589 575 632 curastis
600 609 608 633 ;
638 605 659 632 a
696 588 856 649 quibus
879 590 1050 649 populis
1083 592 1127 634 in
1156 591 1237 636 hac
1260 594 1528 639 causainno-

140 658 368 713 centibus,
402 660 437 703 si
462 674 530 703 me
555 660 860 715 dissociavero,
896 676 974 720 pro
1008 653 1262 707 criminibus
1295 662 1444 708 alienis
1465 665 1526 709 in-

140 742 300 772 nocens
332 743 422 773 esse
454 744 542 773 non
577 738 730 789 potero
764 745 786 774 a
816 730 1024 790 sacrilego
1056 732 1235 776 crimine
1269 733 1522 778 schismatis,

140 799 329 842 Proinde
343 808 392 843 ut
414 799 649 858 plurimum
672 800 862 856 valeatis,
888 811 931 845 et
948 817 1066 846 nunc
1084 802 1189 846 mihi
1211 803 1304 848 haec
1322 820 1420 847 vera
1436 820 1526 848 esso

137 866 326 913 doceatis
342 903 353 924 ‚
378 869 634 914 damnamus
657 880 850 915 mortuos
872 870 1123 927 traditores,
1148 873 1267 918 vivos
1290 890 1378 918 non
1397 874 1524 919 dese-

136 939 270 983 rimus
290 939 559 984 innocentes.

194 1011 328 1053 Lxx.
364 1011 475 1054 Cum
499 1024 602 1068 ergo
632 1009 814 1054 dixerim
837 1013 854 1036 ‘²
881 1030 890 1056 z
919 1030 939 1053 «
967 1010 1051 1056 Sed
1087 1012 1119 1055 si
1142 1027 1228 1071 qua
1261 1028 1360 1058 vera
1384 1011 1526 1060 essent

131 1088 271 1124 vestra
293 1078 557 1124 documenta
573 1115 584 1135 ‚
622 1079 842 1135 Ecclesiae,
880 1080 964 1125 hoc
998 1091 1061 1125 est
1081 1116 1092 1136 ,
1133 1083 1358 1127 catholicae
1381 1100 1454 1128 vos
1475 1101 1525 1130 ea

131 1151 320 1210 probare
349 1151 548 1195 debuisse
566 1187 576 1206 ,
611 1160 659 1195 ut
688 1168 764 1196 vos
798 1153 913 1196 intus
946 1154 1090 1197 essetis
1112 1189 1122 1208 ,
1148 1153 1207 1197 illi
1235 1164 1378 1199 autem
1414 1171 1523 1215 quos

130 1222 442 1266 convinceretis
464 1221 730 1282 pellerentur
750 1222 893 1267 foras:
925 1241 944 1263 n
971 1223 1078 1283 quid
1109 1233 1172 1268 est
1195 1226 1315 1284 quod
1344 1241 1522 1285 respon-

129 1290 233 1336 dere
254 1292 426 1336 voluisti
448 1328 458 1340 ,
489 1312 505 1332 a
532 1292 631 1337 ideo
651 1294 968 1352 separationem
992 1292 1150 1338 factam
1170 1295 1290 1354 quod
1308 1312 1385 1339 nos
1410 1295 1523 1342 foras

128 1377 314 1407 essemus
336 1364 544 1423 propulsi,
569 1365 698 1408 vestri
717 1374 866 1409 autem
886 1366 930 1408 in
954 1364 1143 1409 Ecclesia
1166 1366 1356 1424 plenaria
1380 1377 1423 1412 et
1447 1384 1522 1413 ca—

131 1433 291 1478 tholica
313 1444 613 1479 remanserunt
636 1437 653 1479 Ρ
674 1454 692 1476 »
713 1437 806 1480 Hoc
828 1435 861 1479 si
884 1435 1064 1479 totidem
1083 1437 1225 1480 verbis
1246 1437 1368 1481 vobis
1391 1439 1520 1483 Maxi-

128 1505 370 1549 mianenses
383 1506 545 1559 dicant,
563 1506 668 1566 quid
685 1506 979 1564 respondebis,
995 1506 1075 1549 nisi
1094 1522 1173 1550 nec
1192 1506 1328 1551 refelli
1348 1508 1518 1567 dignos,

128 1574 203 1620 sed
217 1585 385 1620 tantum
410 1576 555 1631 rideri,
572 1578 646 1637 qui
671 1575 903 1621 Ecclesiam
929 1576 1166 1635 plenariam
1186 1594 1284 1622 cum
1310 1579 1521 1638 episcopis

124 1647 214 1706 jam
240 1647 381 1691 minus
404 1663 535 1707 quam
558 1657 733 1692 centurn
753 1682 764 1701 ,
796 1656 946 1691 contra
979 1656 1141 1690 tantam
1165 1651 1521 1693 numerositatem

130 1732 177 1760 ac
202 1715 528 1761 multitudinem
546 1754 556 1770 ,
583 1718 653 1761 cui
680 1717 862 1775 amplius
893 1732 1024 1775 quam
1052 1718 1234 1760 trecenti
1261 1718 1518 1776 praesident,

127 1788 318 1832 audeant
345 1788 561 1832 affirmare
586 1809 597 1845 3
633 1803 733 1832 cum
766 1802 843 1846 per
865 1802 1015 1830 omnes
1046 1786 1202 1830 Africae
1226 1790 1421 1845 regiones
1445 1791 1520 1833 ubi

125 1857 484 1903 Maximianenses
502 1867 618 1911 sunt,
640 1873 727 1902 non
745 1856 856 1900 desit
878 1856 1006 1900 etiam
1023 1858 1273 1902 communio
1297 1860 1516 1914 primiani,

126 1942 204 1987 per
238 1927 340 1971 alias
372 1936 517 1971 autem
546 1926 686 1970 multo
721 1925 865 1985 plures
900 1925 1159 1985 latioresque
1184 1926 1340 1971 Africae
1379 1938 1520 1987 partes

125 2012 264 2042 unum
287 1998 668 2043 Maximianensem
687 2011 814 2040 nemo
839 1996 1036 2054 reperiat,
1061 1997 1140 2040 nisi
1158 1997 1228 2040 vix
1254 1998 1366 2041 forte
1392 2015 1517 2057 perc-

128 2069 388 2128 grinantem.
423 2070 520 2121 Quo
543 2068 675 2126 igitur
696 2082 770 2110 ore
800 2075 951 2110 contra
987 2067 1224 2111 Ecclesiam
1249 2085 1270 2112 a
1298 2068 1397 2112 solis
1419 2079 1519 2114 ortu
1558 2123 1560 2126 .

124 2153 265 2198 usque
282 2138 337 2182 ad
359 2154 557 2183 occasum
586 2138 838 2197 promissam
859 2151 962 2180 voce
981 2138 1184 2181 Veritatis
1208 2148 1250 2182 et
1275 2139 1487 2183 redditam
1503 2175 1514 2195 ,

127 2207 260 2255 audes
278 2208 512 2254 Ecclesiam
533 2208 767 2268 plenariam
789 2206 932 2251 dicere
943 2217 1108 2266 partem
1126 2209 1296 2263 Donati,
1315 2226 1412 2254 cum
1428 2211 1517 2269 ipsa

125 2294 214 2325 non
230 2279 285 2324 sit
303 2280 381 2322 nisi
398 2278 570 2333 Africae,
589 2279 660 2322 illa
676 2293 778 2322 vero
792 2293 891 2321 cum
908 2286 970 2321 tot
991 2278 1192 2335 gentibus
1205 2280 1259 2323 sit
1274 2289 1315 2323 et
1332 2279 1517 2324 Africaei‘

128 2347 213 2395 Sed
245 2349 446 2393 videlicet
478 2349 556 2392 ista
597 2348 713 2392 illam
742 2348 854 2391 misit
878 2347 992 2391 foras
1020 2350 1036 2388 ’ἰ
1060 2351 1120 2393 Ne
1147 2365 1295 2407 quaeso
1321 2359 1368 2393 tu
1391 2350 1515 2394 istam

124 2435 274 2465 vocem
299 2420 443 2465 mittas
476 2418 588 2463 foras
616 2438 624 2463 ;
658 2420 700 2463 in
727 2418 835 2462 facie
857 2427 919 2461 cst
942 2419 1060 2462 frons
1092 2419 1294 2473 hominis,
1322 2435 1409 2464 uon
1433 2421 1515 2465 sub

125 2490 325 2535 humero.
352 2493 538 2548 Ergo-ne
558 2491 636 2534 ista
658 2488 776 2532 illam
803 2488 1080 2533 misitforasP
1106 2492 1201 2534 Non
1224 2490 1360 2545 vides,
1385 2491 1419 2534 si
1440 2491 1514 2536 illa

181 2598 187 2614 ¹
218 2592 323 2625 Forte
343 2591 435 2625 deest
451 2614 461 2629 ‚
490 2592 539 2624 vel
558 2592 629 2634 quia
654 2601 717 2623 non
745 2589 900 2632 potuistis.
918 2607 958 2613 —
981 2598 992 2614 ²
1013 2591 1090 2623 Vide
1108 2597 1217 2624 contra
1248 2592 1389 2625 Petilian.
1409 2592 1463 2625 lib.
1490 2605 1513 2631 i,

125 2657 197 2689 cap.
221 2656 274 2679 γ).
