1825 3264
317 264 480 298 com-u
511 264 714 296 unnus
744 264 978 306 nuruum,
1014 268 1096 296 Lu.
1132 269 1181 296 11.
1369 256 1450 296 123

127 333 366 382 ccxxlv.
406 334 684 378 Arausa-mes
713 329 936 390 respondit
961 350 970 376 :
996 334 1083 377 Nos
1104 347 1195 377 non
1229 346 1452 393 speramus

69 407 116 452 in
132 404 308 451 homine
327 402 444 462 3sed,
459 411 675 463 quantum
694 416 937 461 possumuS,
960 402 1154 448 homines
1169 402 1454 449 admonemus

69 485 121 523 ut
141 477 188 521 in
214 477 400 520 Domino
425 483 599 535 sperent
625 493 634 520 ι
658 487 738 518 nec
757 487 977 533 speramus
992 472 1035 516 in
1059 474 1253 533 principe
1278 477 1289 500 ¹
1318 494 1330 532 3
1353 474 1452 531 sed,

69 562 283 616 quantum
306 567 551 613 possumus,
576 551 793 611 principes
813 550 1099 594 admonemus
1130 559 1178 594 ut
1200 551 1245 594 in
1269 553 1453 596 Domino

69 635 259 687 sperent,
284 634 328 670 et
348 624 382 668 si
404 622 569 685 aliquid
593 638 616 667 a
647 621 922 682 principibus
943 636 1022 680 pro
1043 620 1230 665 utilitate
1254 623 1454 667 Ecclesiae

69 697 274 758 petimus,
290 696 437 740 nonin
456 695 515 738 eis
536 703 682 738 tamen
704 707 941 752 speramus.
961 695 1112 751 Neque
1126 692 1242 736 enim
1260 701 1303 736 et
1318 696 1458 752 Apos-

69 766 186 812 tolus
206 767 252 810 in
273 765 348 810 illo
371 765 549 810 tribuno
574 764 762 823 speravit
785 772 993 823 tanquam
1015 764 1059 806 in
1083 762 1384 822 principibus2
1401 797 1412 818 ,
1435 779 1457 808 a

68 852 158 898 quo
185 836 264 880 sibi
286 836 373 894 egit
396 845 446 880 ut
474 835 732 880 deductores
753 835 962 879 darentur
984 836 1135 878 armati
1155 869 1166 889 ,
1194 842 1270 878 aut
1290 834 1332 877 in
1356 833 1459 893 ipsis

69 908 243 954 armatis
260 915 467 965 tanquam
488 906 532 950 in
556 906 822 960 hominibus,
843 921 1033 966 quorum
1057 903 1341 949 multitudine
1359 920 1458 965 sep-

70 988 141 1025 tus
159 976 477 1033 evasitinsidias
492 977 777 1037 perditorum.
805 975 886 1021 Sed
912 992 992 1020 nec
1014 992 1090 1020 vos
1110 977 1240 1034 ipsos,
1262 975 1382 1035 quod
1406 975 1460 1020 ab

71 1054 337 1110 Imperatore
360 1049 548 1093 basilicae
575 1049 696 1093 vobis
719 1057 770 1093 ut
787 1047 1077 1093 redderentur
1099 1047 1285 1108 petistis,
1312 1047 1460 1106 argui-

69 1136 167 1165 mus
187 1154 198 1175 ,
230 1131 438 1179 tanquam
459 1120 505 1163 in
526 1119 701 1163 Juliano
724 1120 919 1178 principe
947 1119 1219 1178 speraveritis
1244 1137 1253 1163 ε
1292 1118 1365 1162 sed
1389 1133 1460 1161 ar-

71 1191 258 1251 guimus,
285 1189 404 1250 quod
427 1189 481 1233 de
502 1190 659 1234 Christi
677 1190 924 1234 testimonio
938 1188 1316 1249 desperaveritis,a
1338 1189 1406 1247 cuj
1416 1203 1462 1232 us

68 1262 237 1306 unitate
258 1263 369 1321 ipsas
383 1261 577 1306 basilicas
595 1261 834 1320 separastis.
848 1264 932 1305 Eas
953 1263 1067 1305 enim
1087 1261 1270 1322 jubente
1286 1260 1462 1304 inimico

71 1332 231 1378 Christi
249 1331 497 1390 accepistis,
523 1331 567 1374 in
594 1331 754 1390 quibus
784 1332 900 1390 jussa
923 1332 1083 1376 Christi
1106 1330 1459 1384 contemneretis,

69 1403 175 1448 dum
197 1401 392 1447 validum
414 1412 457 1446 et
483 1417 636 1447 verum
652 1402 775 1446 vobis
798 1401 971 1446 videtur
987 1401 1107 1462 quod
1121 1400 1323 1446 Julianus
1340 1415 1464 1445 cons-

69 1474 206 1529 tituit,
223 1472 393 1518 dicens:
413 1475 507 1518 Hoc
523 1488 702 1533 quoque
715 1472 1062 1532 supplicantibus
1076 1471 1334 1529 Rogatiano,
1357 1474 1468 1515 Pon-

70 1545 151 1599 tio,
176 1544 395 1599 Cassiano,
422 1553 466 1588 et
489 1546 655 1587 caeteris
671 1544 898 1603 episcopiS,
923 1543 999 1588 sed
1025 1553 1068 1588 et
1090 1542 1278 1596 clericis,
1299 1541 1466 1586 accedit

69 1615 124 1660 ad
146 1615 373 1660 cumulum
394 1649 405 1670 ,
431 1623 480 1658 ut
509 1613 680 1659 abolitis
703 1630 802 1674 quae
824 1614 1028 1658 adversus
1050 1629 1122 1659 eos
1143 1614 1234 1657 sine
1257 1613 1464 1671 rescripto

68 1701 297 1747 perperam
321 1694 438 1745 gesta
461 1695 578 1741 sunt,
596 1686 640 1729 in
659 1686 887 1745 antiquum
911 1694 1070 1730 statum
1084 1698 1242 1729 cuncta
1257 1699 1466 1729 revocen-

70 1765 143 1802 tur
161 1774 169 1801 ε
187 1756 430 1801 invalidum
455 1766 600 1800 autem
623 1765 667 1801 et
688 1755 844 1800 falsum
864 1756 984 1817 quod
1000 1756 1197 1801 Christus
1215 1755 1462 1807 constituit,

70 1826 218 1873 dicens
243 1846 251 1873 :
282 1847 303 1870 «
328 1828 458 1872 Eritis
475 1828 582 1874 mihi
604 1837 732 1873 testes
755 1828 800 1872 in
818 1827 1079 1883 Jerusalem,
1102 1837 1145 1872 et
1166 1829 1212 1871 in
1230 1826 1365 1872 totam'
1385 1829 1466 1870 Ju-

73 1916 95 1941 »
131 1899 272 1943 daeam
295 1909 338 1944 et
359 1899 614 1962 Samariam,
640 1908 682 1943 et
705 1914 843 1959 usque
864 1899 908 1943 in
928 1907 1064 1944 totam
1082 1908 1239 1942 terram
1264 1900 1296 1940 ¹.
1327 1916 1346 1938 »
1371 1898 1465 1941 Ob-

72 1984 290 2015 secramus
302 1985 395 2024 vos,
411 1971 702 2030 corrigimini:
722 1970 891 2015 reddite
905 1971 958 2014 ad
974 1971 1084 2015 hanc
1097 1968 1465 2013 evidentissimam

73 2040 208 2085 totius
222 2040 341 2084 orbis
357 2041 571 2085 unitatem
587 2075 599 2096 ,
617 2049 666 2085 ut
683 2056 771 2086 non
790 2040 932 2084 verbis
954 2049 1162 2099 apostatae
1180 2042 1202 2083 J
1210 2038 1342 2082 uliani
1356 2073 1366 2092 ‚
1392 2038 1467 2082 scd

72 2110 218 2155 verbis
242 2109 473 2154 Salvatoris
494 2110 684 2165 Christi,
714 2112 758 2153 in
780 2110 1008 2170 antiquum
1032 2118 1190 2154 statum
1218 2116 1376 2153 cuncta
1399 2123 1467 2151 re-

72 2189 299 2226 vocentur.
322 2180 588 2225 Miseremini
611 2180 767 2226 animae
788 2190 956 2225 vestrae.
983 2183 1080 2225 Non
1099 2181 1189 2240 jam
1213 2178 1467 2224 Constanti-

73 2266 182 2297 num
204 2260 248 2295 et
269 2250 495 2296 ,lulianum
513 2267 839 2311 comparamus,
860 2260 909 2295 ut
928 2266 1059 2312 quam
1078 2250 1163 2295 sint
1181 2252 1366 2310 impares
1387 2248 1466 2293 de-

73 2331 380 2368 monstremus.
401 2326 496 2367 Non
514 2322 723 2368 dicimus:
751 2323 793 2368 Si
810 2338 886 2367 vos
906 2338 995 2367 non
1010 2322 1208 2382 sperastis
1225 2322 1269 2366 in
1291 2320 1468 2366 homine

75 2402 119 2437 et
140 2393 184 2436 in
207 2394 417 2452 principe,
438 2408 538 2437 cum
556 2393 722 2438 homini
745 2393 993 2453 imperatori
1009 2408 1177 2452 pagano
1193 2401 1236 2436 ct
1258 2399 1468 2450 apostatae

76 2461 243 2507 dixistis
257 2496 269 2516 ‚
300 2461 418 2521 quod
453 2462 568 2522 apud
607 2477 706 2506 eum
748 2463 837 2507 sola
872 2463 1038 2523 justitia
1075 2462 1221 2506 locum
1259 2460 1440 2504 haberet
1454 2495 1464 2514 ,

74 2532 236 2593 quibus
260 2532 460 2591 precibus
482 2541 525 2576 et
548 2533 790 2593 Rescripto,
807 2534 920 2578 sicut
941 2533 1001 2576 ihi
1024 2532 1233 2591 scriptum
1251 2540 1331 2586 est,
1358 2531 1468 2575 sicut

129 2620 143 2640 ¹
159 2596 472 2662 Act.xxn1,17.-
490 2619 658 2660 ²1d.1‚8.
