1825 3264
305 254 387 293 448
734 263 766 289 s.
804 258 1033 290 Ancvsnm
1067 263 1244 290 EPISCOPJ

302 330 605 383 crescentium,
630 337 672 372 et
690 328 768 372 hos
790 328 1100 386 ignorantium,
1120 337 1208 372 tam
1226 327 1451 372 manifesta
1472 327 1683 372 innocen-

304 400 363 444 tia
384 399 586 458 separari,
607 407 656 442 ut
681 407 858 458 propter
879 398 1041 442 crimen
1067 396 1280 452 alienum,
1310 413 1399 458 quo
1419 413 1498 457 pro
1514 398 1682 442 unitate

307 469 488 515 tolerato
506 484 594 514 non
609 469 945 525 macularentur,
966 468 1136 514 violatae
1158 469 1291 530 ipsius
1309 469 1485 514 unitatis
1502 469 1683 514 crimine

304 540 643 584 damnarentur?

365 613 563 656 LXXIX.
590 610 707 664 Quid
730 611 808 655 tibi
824 626 927 669 ergo
949 612 1004 655 ad
1023 625 1195 655 causam
1213 608 1402 669 prodest,
1428 610 1512 655 hoc
1529 625 1580 654 ex
1602 607 1685 653 illis

305 693 492 743 quatuor
504 683 731 743 propositis
745 683 936 742 elegisse,
962 692 1010 727 ut
1031 692 1170 727 vestra
1193 681 1453 727 documenta
1469 682 1553 726 sint
1566 696 1681 735 vera,

302 763 453 799 contra
474 764 637 798 vestros
652 763 796 798 autem
812 769 911 813 quae
933 752 1209 813 proferimus,
1234 753 1340 798 falsa
1362 768 1451 797 esse
1468 753 1686 811 deputen-

305 827 405 869 tur?
427 828 539 869 Ecce
569 834 613 869 et
634 825 704 869 hic
729 825 940 882 vinceris3
963 825 1168 885 quoniam
1190 824 1302 868 veris
1324 839 1423 884 quae
1445 832 1570 883 putas
1601 822 1684 866 do-

303 897 519 941 cumentis
549 896 658 949 tuis,
685 911 772 940 non
796 905 1058 955 potuerunt,
1090 895 1165 938 ubi
1193 895 1463 948 debuerunt,
1484 892 1684 938 convinci

304 966 556 1020 traditores,
583 967 670 1010 sive
691 983 711 1010 a
736 967 887 1010 vestris
916 966 1067 1010 eadem
1091 967 1350 1010 documenta
1379 964 1549 1008 occulta
1582 964 1682 1017 sint,

302 1037 390 1079 sive
412 1036 491 1094 ipsi
515 1034 740 1079 traditores
763 1035 958 1094 qualibet
992 1036 1147 1079 astutia
1173 1049 1217 1079 se
1237 1034 1457 1094 judicibus
1490 1032 1685 1077 occulta-

300 1105 456 1159 verint,
482 1105 570 1149 sive
592 1104 646 1148 ab
665 1106 764 1164 ipsis
785 1106 926 1164 parvis
937 1104 1159 1165 judicibus
1178 1104 1384 1150 occultati
1401 1104 1500 1148 sint.
1530 1105 1685 1148 Semen

300 1176 488 1220 Abrahae
510 1175 688 1234 respice,
708 1174 828 1234 quod
849 1175 894 1218 in
922 1185 1178 1220 testamento
1207 1176 1281 1219 Dei
1304 1190 1381 1234 per
1403 1188 1554 1219 omnes
1575 1188 1683 1232 gen-

301 1254 364 1290 tes
397 1246 549 1290 crescit
577 1245 689 1289 sicut
718 1244 854 1289 stellae
884 1245 1006 1301 coeli,
1037 1255 1081 1290 et
1118 1246 1230 1291 sicut
1265 1260 1394 1289 arena
1422 1244 1606 1301 maris¹3
1642 1250 1686 1286 et

301 1325 450 1360 utrum
490 1326 668 1376 propter
708 1315 924 1361 occultata
957 1316 1228 1376 quibuslibet
1261 1316 1398 1360 causis
1425 1315 1569 1359 nescio
1598 1329 1685 1374 qua

301 1386 502 1431 Africana
525 1387 700 1442 zizania,
727 1397 815 1431 tam
838 1388 1011 1447 copiosa
1034 1388 1178 1432 messis
1200 1402 1274 1446 per
1295 1402 1447 1446 agrum
1467 1385 1684 1430 mundum

299 1459 439 1517 perire
460 1459 668 1518 potuerit,
694 1459 806 1502 aude
827 1459 987 1514 dicere,
1009 1460 1120 1503 aude
1142 1460 1333 1515 credere,
1354 1458 1486 1513 aude,
1514 1458 1548 1502 si
1571 1455 1686 1500 ullus

299 1530 388 1573 inte
412 1529 485 1572 Dei
510 1530 639 1574 timor
658 1539 744 1585 est,
769 1530 985 1589 cogitares

359 1601 536 1643 LXXX,
562 1603 806 1659 Exaggeras
828 1601 1161 1660 persecutiones,
1188 1615 1295 1660 quas
1315 1615 1392 1645 vos
1414 1600 1503 1659 pati
1525 1598 1682 1653 dicitis,
1746 1625 1751 1632 ·

299 1669 459 1729 quibus
482 1670 525 1713 in
550 1679 637 1713 tam
666 1670 872 1729 sacrilega
895 1681 938 1714 et
961 1670 1187 1715 manifesta
1211 1671 1500 1715 obstinatione
1527 1669 1683 1714 adver-

298 1755 369 1783 sus
387 1755 535 1798 pacem
559 1750 717 1784 sanctae
736 1740 936 1785 Ecclesiae
955 1740 1266 1794 rebellantibus
1285 1740 1468 1784 mirabili
1488 1754 1684 1784 mansue-

298 1809 451 1853 tudine
468 1810 660 1869 parcitur
681 1830 689 1854 ι
715 1821 758 1854 et
779 1810 886 1855 dicis
908 1812 951 1854 in
977 1811 1124 1870 primis
1145 1811 1336 1871 partibus
1359 1810 1553 1870 epistolae
1576 1820 1678 1864 tuae,

300 1899 320 1921 «
346 1879 464 1940 quod
483 1880 729 1939 imperatori
753 1881 1038 1925 Constantino
1055 1881 1272 1925 Caeciliani
1294 1881 1458 1925 crimen
1479 1894 1579 1924 cum
1602 1880 1680 1923 fie-

297 1959 362 1992 ret
382 1950 658 1993 manifestum
678 1986 687 2005 ,
713 1951 802 2009 ipse
826 1966 1003 2010 quoquc
1021 1966 1118 1994 eum
1132 1986 1142 2005 ,
1168 1961 1217 1994 ut
1233 1951 1384 1994 Brixiae
1406 1951 1448 1994 in
1468 1948 1595 1994 exilio
1611 1948 1681 1993 de·

297 2030 432 2079 geret,
457 2037 531 2065 sua
548 2022 758 2065 sententia
775 2021 1096 2066 condemnavit.
1124 2041 1143 2063 »
1166 2025 1214 2066 ln
1230 2032 1378 2082 quote
1391 2023 1492 2082 quis
1508 2020 1681 2065 dubitet
1732 2030 1749 2042 ‘⁴
1810 2079 1820 2090 .

296 2091 363 2134 vel
393 2091 481 2135 falli
500 2127 510 2146 ,
543 2093 611 2136 vel
642 2092 819 2149 fallere,
850 2095 1027 2152 quando
1055 2102 1098 2137 et
1131 2093 1319 2138 Felicem
1352 2097 1679 2152 Aptugnensem

295 2163 641 2206 commemorasti
664 2163 709 2206 in
735 2162 900 2223 judicio
924 2164 1192 2222 proconsulis
1223 2180 1246 2207 a
1276 2164 1506 2208 Vincentio
1533 2162 1678 2207 nescio

294 2232 439 2291 quode
461 2233 694 2277 traditione
720 2234 999 2278 convictum?
1023 2237 1134 2278 Ecce
1156 2248 1234 2291 ego
1257 2234 1398 2278 insero
1419 2233 1677 2277 sententiam
1743 2228 1755 2234 ³

293 2302 451 2346 AEliani
470 2303 754 2363 proconsulis,
781 2321 864 2364 qua
885 2314 1093 2363 purgatus
1117 2314 1247 2364 atque
1264 2304 1488 2348 absolutus
1511 2313 1573 2347 est
1591 2306 1675 2347 Fe·
1739 2301 1754 2327 ἶ

293 2373 349 2417 lix
363 2376 393 2416 ².
420 2375 459 2419 Si
485 2384 571 2419 tota
589 2385 703 2434 gesta
718 2377 780 2419 vis
793 2375 948 2434 legere,
970 2392 1022 2420 cx
1040 2376 1215 2420 archivo
1230 2375 1492 2433 proconsulis
1510 2375 1670 2433 accipe.
1738 2373 1747 2388 ¹

296 2461 316 2484 «
342 2443 538 2488 AElianus
563 2445 794 2504 proconsul
817 2445 939 2500 dixit,
966 2448 1029 2489 Ex
1053 2445 1315 2505 professione
1341 2444 1574 2498 Caeciliani,
1599 2443 1675 2504 qui
1729 2453 1747 2506 *ι

293 2522 385 2556 acta
410 2513 514 2559 falsa
531 2530 621 2559 esse
638 2516 757 2571 dicit,
784 2525 914 2576 atque
931 2516 1123 2575 epistolae
1146 2516 1331 2576 plurima
1351 2516 1514 2571 addita,
1535 2514 1673 2560 mani·
1737 2506 1743 2517 ⁶

339 2602 348 2619 ¹
371 2600 448 2629 Gen.
469 2609 543 2637 χχι),
567 2610 616 2641 17.
631 2607 696 2623 -2
718 2600 854 2633 Consule
871 2603 1038 2642 Optatum,
1061 2600 1114 2633 lib.
1134 2612 1156 2634 ι.
