1825 3264
313 267 475 298 com-M
507 267 710 297 urruns
742 267 977 308 ΡιτιιιΑΜ,
1014 270 1096 296 Lm.
1132 270 1180 295 ιι.
1359 259 1438 296 127

54 336 135 382 scit
157 335 240 380 hoc
261 333 427 392 collega
447 347 571 378 meus
592 335 859 377 Fortunatus
874 366 885 387 ,
906 334 1008 392 quia
1027 334 1074 377 in
1096 332 1247 378 eadem
1268 333 1442 378 civitate

50 405 168 460 estis,
184 418 411 464 nunquam
427 403 536 448 mihi
553 401 778 467 indicavit,
796 402 899 462 quia
921 395 1148 463 nunquam
1167 403 1438 464 quaesieram.

53 477 366 523 Verumtamen
386 475 518 519 etiam
539 474 574 518 si
596 475 680 519 hoc
697 473 855 529 fecisti,
876 482 926 518 tu
943 474 1035 532 ipse
1057 484 1207 519 contra
1230 484 1273 519 te
1294 475 1339 519 in
1361 475 1444 520 hac

52 545 144 607 ipsa
159 555 234 592 tua
247 544 429 607 epistola
444 545 789 590 commemorasti
805 544 1090 604 apostolicum
1112 545 1409 590 testimonium
1427 564 1438 592 ι

57 635 80 662 α
105 618 148 664 Si
164 617 428 663 distribuero
449 617 596 662 omnia
619 631 715 661 mea
740 616 1020 676 pauperibus,
1046 625 1090 660 et
1107 616 1329 660 tradidero
1351 632 1442 662 cor-

55 705 78 731 »
111 703 193 748 pus
213 702 359 733 meum
389 697 439 734 ut
456 687 646 742 ardeam,
671 686 927 732 charitatem
948 695 1096 732 autem
1125 701 1216 730 non
1236 687 1438 742 habeam,

50 775 76 803 a»
109 757 217 803 nihil
235 759 341 802 mihi
364 758 540 818 prodest
564 760 594 802 ¹.
624 775 644 799 »
681 757 723 802 Si
755 757 871 801 enim
907 756 1123 801 haberetis
1152 757 1410 801 charitatem
1428 791 1440 813 ‚

50 843 142 876 non
161 828 403 889 objiceretis
433 830 601 889 ignaro,
633 837 678 873 et
697 829 821 873 vobis
843 828 1066 886 incognito
1089 828 1184 872 orbi
1209 837 1440 884 terrarum,

49 915 133 947 nec
163 900 252 960 ipsa
282 900 434 945 saltem
474 899 658 960 probata
691 899 872 944 crimina
904 897 1128 944 Afrorum.
1156 899 1199 944 Si
1228 899 1444 944 haberetis

46 971 332 1026 charitatem,
357 987 448 1016 non
476 971 524 1015 in
560 971 708 1015 vestris
743 969 970 1014 calumniis
1007 970 1227 1029 fingeretis
1246 1005 1257 1024 ,
1297 970 1375 1014 sed
1399 970 1442 1013 in

50 1042 194 1088 verbis
221 1042 405 1087 Domini-
424 1040 771 1087 manifestissime
802 1055 1046 1099 expressam
1071 1056 1210 1102 usque
1240 1041 1285 1085 in
1308 1050 1443 1086 totam

51 1122 214 1158 terram
232 1114 549 1172 cognosceretis
572 1114 800 1158 unitatem.
827 1113 871 1158 Si
893 1122 1040 1157 autem
1069 1113 1152 1157 hoc
1173 1129 1263 1158 non
1285 1111 1441 1167 fecisti,

51 1183 158 1244 quid
177 1184 371 1243 gloriaris
387 1186 510 1244 quasi
524 1183 857 1229 fecerisPIta-ne
878 1199 981 1229 vero
997 1184 1166 1229 divitias
1178 1184 1440 1239 formidatis,

51 1264 101 1299 ut
115 1255 225 1299 nihil
246 1254 454 1300 habentes
473 1256 618 1300 omnia
641 1255 894 1315 possideatis
909 1257 958 1299 ²?
977 1256 1053 1300 Dic
1078 1257 1156 1300 ista
1170 1255 1350 1315 collegae
1367 1265 1444 1300 tuo

47 1324 274 1384 Crispino,
299 1325 376 1386 qui
395 1325 526 1370 modo
538 1326 660 1385 juxta
688 1325 937 1384 Hipponem
959 1335 1153 1370 nostram
1176 1326 1445 1384 comparavit

49 1393 255 1450 fundum,
276 1396 353 1440 ubi
373 1405 585 1454 mergeret
606 1396 805 1440 homines
822 1396 868 1439 in
890 1395 1180 1455 profundum.
1209 1397 1335 1441 Unde
1358 1397 1440 1441 hoc

46 1474 96 1517 et
114 1481 195 1525 ego
212 1467 398 1512 nimium
419 1467 521 1513 novi
547 1487 555 1512 :
581 1477 631 1512 tu
653 1466 766 1512 forte
793 1468 946 1523 nescis,
972 1476 1015 1512 et
1031 1466 1131 1512 ideo
1153 1483 1330 1512 securus
1351 1468 1443 1512 cla-

46 1550 170 1582 mas:
197 1537 376 1582 Divitias
396 1536 698 1583 formidamus.
738 1538 864 1582 Unde
895 1538 1057 1593 miror,
1091 1538 1214 1598 quod
1248 1539 1327 1583 ista
1361 1554 1444 1583 vox

46 1614 141 1663 tua,
168 1617 216 1653 ut
235 1608 291 1652 ad
313 1623 391 1653 nos
405 1609 675 1668 perveniret,
696 1610 838 1668 ipsum
859 1609 1069 1654 transiliit.
1089 1612 1207 1654 Inter
1230 1612 1444 1655 Constan-

47 1678 184 1724 tinam
201 1679 365 1739 quippe
379 1679 455 1724 ubi
475 1688 524 1724 tu
541 1695 600 1735 es,
615 1689 658 1724 e't
677 1681 926 1740 Hipponem
942 1681 1019 1725 ubi
1041 1696 1122 1739 ego
1137 1695 1250 1736 sum,
1266 1680 1444 1726 Calama

47 1748 216 1794 ubiille
237 1759 317 1814 est,
339 1750 522 1796 vicinior
542 1751 723 1810 quidem
744 1751 886 1806 nobiS,
915 1750 990 1795 sed
1020 1760 1165 1795 tamen
1187 1752 1444 1810 interposita

48 1829 128 1870 est.
141 1821 276 1867 Miror
293 1837 397 1881 ergo
411 1822 634 1883 quomodo
647 1837 736 1868 non
748 1821 822 1866 ille
834 1822 951 1881 prior
962 1822 1130 1881 excepit
1142 1823 1254 1867 hanc
1272 1838 1442 1879 vocem,

47 1899 94 1940 et
114 1894 373 1952 repercussit
390 1909 446 1937 ne
470 1893 669 1938 transiret
693 1893 749 1939 ad
771 1908 849 1937 nos
867 1928 878 1948 ,
911 1902 956 1937 et
975 1893 1182 1937 adversus
1206 1903 1248 1937 te
1267 1892 1442 1937 divitia-

47 1977 147 2013 rum
159 1962 312 2009 laudes
328 1965 468 2010 multo
481 1966 698 2025 copiosius
711 1965 922 2010 recitavit.
935 1967 1034 2010 Non
1051 1964 1192 2009 solum
1216 1965 1334 2009 enim
1353 1980 1444 2009 non

46 2032 257 2081 formidat
287 2035 361 2081 ille
389 2037 560 2082 divitias
580 2072 593 2091 ,
619 2038 691 2081 sed
716 2046 760 2080 et
792 2045 923 2080 amat.
961 2038 1016 2079 Et
1040 2044 1157 2079 certe
1192 2035 1247 2079 de
1283 2044 1444 2080 caetero

48 2106 168 2165 prius
196 2121 329 2166 quam
361 2107 483 2162 edas,
520 2107 652 2151 recita
679 2105 743 2150 illi
767 2105 894 2161 talia,
925 2105 960 2149 si
996 2120 1086 2149 non
1126 2106 1442 2162 emendaverit,

47 2178 379 2238 respondemus,
406 2181 472 2223 Tu
492 2189 657 2232 autem,
683 2178 717 2222 si
751 2192 905 2223 verum
940 2186 1004 2220 est
1027 2177 1145 2236 quod
1170 2193 1337 2236 pauper
1363 2179 1440 2233 sis,

40 2246 110 2298 ibi
138 2249 271 2294 habes
293 2249 470 2294 fratrem
495 2264 642 2293 meum
665 2252 958 2294 Fortunatum
986 2266 994 2292 ε
1032 2245 1202 2296 facilius
1223 2249 1326 2293 inde
1346 2249 1443 2310 pla-

47 2333 148 2365 eere
163 2320 325 2379 poteris
348 2319 411 2364 illi
433 2319 614 2380 collegae
629 2336 749 2378 meo,
772 2335 905 2380 quam
931 2319 1036 2363 huic
1054 2329 1145 2364 tuo.

108 2392 350 2436 CCXXIX.
379 2395 609 2436 ΡΕΤΠΛΑΜ
627 2411 644 2435 s
662 2391 767 2435 dixit
785 2411 795 2436 z
824 2410 842 2432 «
869 2392 955 2435 Nos
973 2390 1129 2435 timore
1152 2390 1227 2434 Dei
1241 2405 1329 2449 quo
1343 2390 1446 2434 vivi-

47 2474 170 2514 mus,
195 2476 349 2521 poenas
369 2472 413 2506 et
434 2471 595 2507 mortes
616 2478 725 2522 quas
746 2460 893 2519 gladio
916 2459 1058 2505 facitis
1086 2476 1173 2504 non
1204 2462 1404 2505 timemus
1433 2480 1441 2505 2

49 2530 182 2576 sedid
203 2531 345 2576 solum
358 2531 548 2592 denique
569 2531 778 2590 fugimus,
798 2530 920 2591 quod
941 2530 1253 2576 commuuione
1269 2530 1446 2591 nequis-

103 2621 113 2637 ¹
138 2623 151 2645 ι
170 2616 243 2648 001·-
264 2627 332 2657 xm,
350 2616 382 2649 3.
397 2632 438 2639 -
457 2620 469 2637 ²
490 2618 566 2648 Act.
590 2626 613 2655 r,
634 2617 666 2648 8.
