1825 3264
335 256 416 294 342
768 262 801 290 s.
840 261 1069 288 Aueus'ruu
1105 261 1282 287 zrxscom

332 346 480 377 versus
504 338 567 373 est
600 328 856 387 baptismus.
889 328 979 371 Cur
1007 324 1128 384 quod
1150 338 1288 367 unum
1318 332 1382 367 est
1412 323 1714 382 improbatur?
1782 301 1787 336 ἶ

334 416 412 446 cur
433 398 555 459 quod
576 397 693 442 idem
710 406 774 442 est
789 396 1061 442 exsufflatur?
1075 409 1152 439 cur
1168 392 1290 452 quod
1310 408 1400 438 non
1417 392 1635 439 diversum
1652 403 1716 439 est

333 473 515 515 iteratur
529 471 547 514 Ξ)

391 542 516 584 VIII.
541 542 612 584 Me
633 538 694 584 sic
716 547 869 596 agente
890 536 936 580 in
959 533 1210 594 praesentia,
1231 532 1290 578 sic
1308 532 1511 588 instante,
1534 532 1589 577 ad
1610 548 1717 592 quas

332 608 704 668 tergiversationes
729 604 1049 663 confugeretis?
1083 601 1297 648 Videlicet
1322 611 1654 648 contemnerent
1672 603 1718 646 in

333 678 513 738 epistola
537 687 611 722 tua
632 677 695 722 illi
725 675 1042 736 grammaticos,
1068 682 1118 718 tu
1145 688 1366 718 accusares
1386 673 1432 717 in
1454 681 1601 717 nostra
1622 671 1717 717 dia-

332 749 509 794 lecticos
533 766 542 792 :
566 747 642 792 sed
663 747 819 791 veritas
846 760 897 789 ex
918 753 1104 804 utraque
1125 751 1346 802 superaret
1371 742 1614 797 haereticos,
1633 742 1718 787 hoc
1784 772 1789 791 ,ψ

332 819 473 865 solum
496 819 542 862 in
558 818 617 862 eis
634 817 866 862 ostendens
887 831 911 860 a
932 815 1056 860 nobis
1077 829 1166 859 esse
1187 814 1425 868 diversum,
1449 813 1570 873 quod
1591 829 1720 859 cons-

331 898 396 934 tat
417 903 507 933 esse
524 901 773 946 perversum
799 904 807 931 :
833 885 935 945 quia
966 900 1044 929 nos
1067 893 1335 929 sacramenta
1363 892 1510 930 nostra
1532 899 1718 943 cognos-
1786 908 1789 927 ,-

332 960 487 1013 cimus,
512 971 702 1001 errorem
732 955 923 1000 alienum
950 954 1256 1011 emendamus,
1288 969 1365 998 vos
1398 963 1545 998 autem
1567 953 1719 998 eadem

334 1036 601 1073 sacramenta
628 1025 854 1079 fatemini,
890 1039 989 1083 quae
1019 1032 1228 1083 tanquam
1263 1021 1384 1067 nulla
1417 1023 1503 1068 sint
1534 1022 1717 1079 iteratis,
1786 1036 1790 1045 ⁴

335 1113 491 1156 magna
520 1096 768 1140 diversitate
797 1093 1082 1154 reprobantes
1109 1091 1230 1153 quod
1258 1093 1474 1138 diversum
1508 1108 1598 1138 non
1632 1107 1721 1137 esse
1788 1152 1790 1154 ι

335 1167 588 1213 conceditis.

395 1240 472 1282 IX.
500 1235 688 1282 Proinde
715 1233 915 1295 quamvis
946 1233 1060 1277 inter
1080 1232 1263 1277 schisma
1286 1240 1330 1276 et
1359 1231 1557 1276 haeresim
1586 1231 1722 1290 magis
1788 1269 1790 1274 Α

333 1324 429 1354 eam
464 1308 787 1352 distinctionem
821 1305 1089 1365 approbem,
1111 1318 1199 1363 qua
1228 1302 1388 1347 dicitur
1423 1303 1606 1348 schisma
1633 1317 1722 1347 esse

334 1395 484 1424 recens
510 1377 854 1437 congregationis
887 1389 941 1419 ex
969 1374 1115 1435 aliqua
1137 1374 1451 1418 sententiarum
1473 1373 1719 1429 diversitate
1788 1383 1791 1423 ζ

336 1449 571 1507 dissensio3
606 1453 620 1500 (
642 1463 786 1508 neque
812 1447 928 1490 enim
954 1454 997 1489 et
1024 1446 1209 1490 schisma
1238 1445 1331 1488 fieri
1359 1453 1522 1503 potest,
1552 1443 1632 1488 nisi
1652 1442 1721 1488 di·
1790 1455 1791 1458 ’

334 1536 506 1565 versum
535 1520 701 1579 aliquid
734 1527 972 1578 sequantur
996 1517 1073 1577 qui
1104 1516 1343 1574 faciunt3)
1372 1516 1543 1561 haeresis
1573 1525 1720 1560 autem

336 1592 520 1636 schisma
539 1590 830 1634 inveteratum
854 1607 862 1632 z
887 1597 1033 1632 tamen
1054 1585 1163 1646 quid
1183 1587 1286 1631 hinc
1308 1601 1417 1645 opus
1439 1596 1503 1631 est
1524 1584 1580 1630 ad
1594 1585 1720 1630 labo-

336 1675 427 1704 rem
449 1694 460 1714 ,
495 1675 596 1703 cum
628 1675 697 1703 me
730 1668 900 1702 tantum
929 1658 1140 1718 adjuvent
1171 1657 1446 1702 definitiones
1475 1666 1592 1711 tuae,
1616 1665 1666 1700 ut
1687 1656 1721 1700 si

336 1731 442 1776 mihi
459 1740 501 1774 et
518 1746 595 1789 per
616 1729 720 1774 alios
736 1738 899 1774 vestros
917 1729 1245 1782 concederetur,
1270 1728 1563 1773 schismaticos
1583 1742 1660 1772 vos
1670 1726 1720 1771 li-

336 1801 511 1845 bentius
529 1815 661 1859 quam
675 1800 900 1844 haereticos
917 1799 1120 1843 dicerem.
1141 1799 1184 1843 Si
1196 1799 1312 1842 enim
1329 1799 1514 1843 schisma
1530 1797 1715 1848 faciunt,

336 1871 495 1931 quibus
517 1886 619 1914 cum
645 1871 704 1914 eis
728 1887 750 1915 a
779 1870 940 1930 quibus
970 1884 1014 1913 se
1036 1868 1238 1913 dividunt
1259 1884 1346 1913 una
1367 1867 1518 1927 religio
1539 1877 1618 1922 est,
1644 1882 1717 1912 ea-

337 1940 437 1985 dem
460 1949 749 1994 sacramenta,
777 1939 885 1984 nihil
912 1940 957 1983 in
985 1939 1218 1983 christiana
1250 1938 1553 1983 observatione
1575 1936 1720 1982 diver-

336 2027 432 2055 sum
466 2029 477 2055 :
502 2011 604 2054 hinc
634 2019 698 2055 est
732 2019 872 2055 vestra
904 2008 1187 2068 rebaptizatio
1215 2007 1523 2062 damnabilior,
1553 2006 1655 2067 quia
1675 2007 1721 2050 in

336 2096 423 2124 una
453 2079 662 2139 religione
681 2115 692 2135 ,
728 2080 891 2124 eisdem
922 2079 1222 2134 sacramentis,
1247 2078 1384 2123 nihilo
1412 2078 1459 2122 in
1488 2077 1722 2123 christiana

336 2151 637 2195 observatione
669 2150 864 2205 diverso,
900 2149 1008 2194 alius
1039 2158 1082 2194 et
1109 2149 1303 2195 diversus
1337 2164 1428 2194 esse
1459 2164 1549 2193 non
1579 2155 1722 2207 potest

335 2221 589 2279 baptismus
612 2219 696 2264 Sed
717 2219 927 2279 quoniam
948 2234 1029 2264 nec
1050 2218 1222 2263 nullum
1233 2228 1312 2273 est,
1333 2233 1414 2263 nec
1435 2217 1600 2277 aliquid
1623 2231 1721 2275 par-

337 2305 458 2345 vum,
484 2291 603 2350 quod
631 2290 848 2334 diversum
876 2288 1123 2349 sequimini,
1147 2303 1251 2332 cum
1272 2288 1326 2332 ab
1348 2287 1525 2332 unitatis
1547 2284 1721 2331 vinculo

336 2361 545 2419 separati,
571 2361 699 2405 etiam
728 2361 783 2404 de
808 2359 1067 2419 repetitione
1088 2358 1291 2418 baptismi
1324 2356 1556 2403 dissentitis
1585 2372 1610 2400 a
1639 2371 1720 2401 no-

336 2431 399 2474 bis
421 2450 429 2474 :
451 2433 500 2475 fit
523 2440 574 2476 ut
595 2431 837 2476 secundum
860 2431 984 2475 istam
1008 2431 1142 2489 ipsam
1165 2428 1467 2474 definitionem
1495 2436 1617 2472 tuam
1636 2442 1722 2486 qua

333 2499 491 2553 dixisti,
521 2520 540 2542 «
565 2501 745 2546 Haeresis
767 2510 830 2546 est
845 2510 992 2546 autem
1014 2499 1181 2545 diversa
1195 2499 1471 2559 sequentium
1488 2505 1619 2552 secta,
1635 2513 1656 2538 u
1677 2505 1720 2541 et

330 2569 521 2614 haeretici
544 2571 648 2624 sitis,
668 2581 712 2616 et
733 2571 838 2617 victi
860 2570 1102 2630 appareatis
1127 2589 1136 2616 :
1162 2570 1356 2616 haeretici
1376 2567 1575 2628 quidem,
1598 2567 1717 2627 quod
