1825 3264
351 207 433 246 156
777 213 809 242 s.
848 212 1080 243 Αῑῑοσετηπ
1112 215 1294 243 ιειηεεοιη

347 294 431 329 tem
451 282 669 343 quidquid
691 280 833 325 dicere
854 280 1057 335 voluerit,
1083 280 1250 324 homini
1273 278 1478 324 adversus
1494 278 1734 334 hominem,

345 365 388 399 et
405 363 545 397 vestro
567 352 770 397 adversus
792 351 999 402 alienum,
1022 350 1147 395 facile
1163 350 1367 395 creditis?
1390 353 1446 394 Et
1462 351 1496 394 si
1517 365 1627 410 quos
1639 351 1741 394 vitae

345 439 453 468 meae
476 433 605 468 testes
627 424 885 478 adhibuero,
911 423 1018 483 quid
1042 438 1248 482 magnum
1273 433 1337 468 est
1356 431 1405 466 ut
1423 423 1552 477 dicat,
1576 438 1665 467 non
1683 424 1742 468 eis

344 510 433 539 esse
454 495 739 549 credendum,
764 504 806 538 et
826 495 909 539 hoc
930 494 1054 539 vobis
1074 495 1161 539 cito
1185 495 1443 554 persuadeat
1465 513 1474 538 ι
1499 493 1741 553 praesertim

344 565 522 626 quando
544 566 738 626 quisquis
765 581 844 625 pro
866 581 935 609 me
959 564 1099 608 ullum
1125 566 1307 608 verbum
1330 564 1480 608 fecerit
1500 599 1510 619 ,
1544 564 1743 609 inimicus

346 636 456 695 parti
486 637 668 691 Donati,
702 651 751 680 ac
788 652 866 696 per
897 637 981 680 hoc
1016 645 1157 680 vester
1190 636 1400 680 continuo
1431 635 1744 694 deputabitur?

345 709 514 764 Regnat
536 707 684 766 itaque
707 706 946 751 Petilianus
970 727 977 751 :
1004 706 1183 767 quando
1207 708 1252 750 in
1275 722 1345 750 me
1367 706 1577 766 quaelibet
1599 706 1746 751 convi-

344 777 408 821 cia
426 776 668 837 jaculatur,
693 778 730 821 ei
753 792 902 821 omnes
926 777 1168 822 acclamatis
1191 787 1234 822 et
1259 777 1482 836 plauditis.
1520 779 1643 821 Hanc
1665 776 1745 820 sibi

343 849 510 893 invenit
534 848 784 893 vincibilem
815 865 1010 905 causam,
1038 849 1110 893 sed
1131 850 1356 909 judicibus
1380 849 1502 893 vobis
1526 868 1535 893 :
1559 863 1639 892 nec
1662 857 1745 892 tes-

345 928 433 963 tem
453 935 532 964 nec
555 930 859 979 argumentum
880 921 1093 980 requiret,
1115 921 1185 965 cui
1203 922 1287 965 hoc
1311 921 1453 965 solum
1475 928 1538 963 est
1560 919 1746 979 probare

345 990 465 1050 quod
494 991 629 1045 dicit,
656 991 758 1051 quia
789 992 827 1034 ei
862 1007 995 1052 quem
1026 993 1210 1036 maxime
1240 991 1389 1036 odistis
1410 1026 1420 1046 ,
1453 990 1746 1049 copiosissime

344 1061 577 1106 maledicit.
614 1065 721 1106 Nam
759 1064 964 1122 quoniam
997 1064 1155 1107 divinae
1194 1064 1427 1122 Scripturae
1464 1062 1711 1106 testimonia
1730 1097 1742 1117 ,

345 1148 443 1176 cum
466 1149 544 1191 pro
560 1133 751 1178 Ecclesia
771 1133 985 1178 catholica
1006 1143 1094 1178 tam
1112 1134 1243 1177 densa
1262 1143 1304 1178 et
1323 1143 1409 1177 tam
1427 1133 1540 1177 clara
1555 1133 1745 1177 recitan-
1786 1159 1795 1168 ·

343 1212 415 1246 tur
431 1238 441 1257 ,
471 1203 592 1247 vobis
620 1204 870 1248 dolentibus
893 1213 1087 1248 remanet
1109 1213 1257 1248 mutus
1279 1226 1289 1262 3
1324 1203 1454 1262 elegit
1486 1203 1714 1247 materiam
1733 1238 1744 1258 ,

344 1273 423 1317 ubi
453 1274 576 1318 vobis
603 1274 853 1318 faventibus
875 1274 1106 1334 loquatur,
1139 1284 1181 1318 et
1202 1275 1341 1318 victus
1366 1289 1515 1317 verum
1540 1273 1748 1318 simulans
1812 1298 1815 1307 ·

344 1352 531 1398 statum,
559 1343 656 1387 talia
689 1344 759 1387 vel
786 1344 913 1387 etiam
940 1344 1210 1388 sceleratoria
1232 1344 1347 1388 dicat
1370 1344 1413 1387 in
1439 1358 1523 1387 me.
1550 1343 1658 1388 Mihi
1684 1352 1748 1387 sat

344 1422 408 1457 est
439 1413 494 1457 ad
527 1429 617 1457 rem
648 1429 779 1473 quam
817 1429 934 1458 nunc
970 1430 1050 1473 ago
1071 1450 1081 1469 ,
1123 1416 1243 1474 quod
1267 1414 1602 1475 qualiscumque
1623 1414 1667 1458 in
1696 1429 1746 1458 ea

346 1484 442 1538 sim,
459 1494 604 1528 tamen
627 1483 817 1528 Ecclesia
842 1501 920 1544 pro
943 1501 1028 1545 qua
1051 1485 1210 1546 loquor
1232 1486 1393 1529 invicta
1412 1494 1490 1529 est.

403 1557 531 1599 XIII.
558 1558 703 1599 Homo
723 1571 817 1599 sum
837 1557 951 1599 enim
971 1555 1025 1599 de
1048 1571 1143 1599 area
1167 1556 1343 1610 Christi,
1366 1555 1504 1615 palea,
1530 1555 1563 1599 si
1585 1555 1746 1614 malus3

346 1640 546 1683 granum,
573 1626 605 1669 si
626 1626 780 1670 bonus.
804 1628 899 1670 Non
918 1636 979 1670 est
998 1627 1127 1685 hujus
1146 1642 1255 1670 areae
1279 1626 1575 1670 ventilabrum
1598 1625 1747 1684 lingua

347 1697 546 1740 Petiliani
574 1716 581 1741 ε
608 1713 655 1742 ac
678 1713 754 1757 per
773 1698 856 1741 hoc
880 1697 1097 1757 quidquid
1120 1698 1163 1741 in
1188 1700 1277 1758 ejus
1302 1698 1470 1757 paleam
1495 1697 1596 1741 mali
1618 1698 1747 1741 etiam
1806 1710 1811 1724 ’

346 1783 444 1811 vere
466 1767 637 1823 dixerit,
666 1768 790 1813 nullo
813 1769 944 1813 modo
965 1769 1193 1812 frumentis
1209 1770 1300 1829 ejus
1316 1768 1589 1829 praejudicat.
1610 1769 1747 1822 Quid-

346 1838 453 1898 quid
488 1849 632 1884 autem
678 1840 721 1883 in
756 1840 846 1899 ipsa
885 1840 1104 1884 frumenta
1137 1840 1471 1884 maledictorum
1506 1839 1748 1884 calumnia-

346 1924 531 1968 rumque
550 1910 800 1968 jactaverit,
824 1909 932 1954 fides
963 1925 1115 1954 eorum
1138 1920 1361 1955 exercetur
1385 1911 1430 1954 in
1454 1911 1598 1963 terris,
1630 1925 1747 1953 mer·
1803 1905 1807 1926 ²

346 1994 415 2023 ces
448 1989 630 2037 augetur
657 1981 702 2023 in
724 1980 861 2025 coelis.
902 1982 1067 2026 Sanctis
1101 1982 1216 2025 enim
1249 1982 1325 2025 Dei
1351 1981 1483 2025 servis
1513 1990 1748 2039 sancteque

348 2053 437 2094 Deo
464 2050 753 2096 militantibus
771 2088 781 2106 ,
808 2068 896 2096 non
921 2053 1125 2097 adversus
1151 2052 1411 2096 Petilianum
1438 2061 1570 2112 atque
1594 2051 1741 2111 hujus·

347 2119 466 2164 modi
488 2136 660 2165 carnem
686 2131 727 2166 et
750 2123 1004 2179 sanguinem
1024 2158 1034 2177 ,
1065 2122 1140 2167 sed
1163 2122 1367 2167 adversus
1394 2123 1665 2181 principatus
1702 2129 1747 2166 et
1800 2123 1804 2174 ξ

347 2199 580 2249 potestates
603 2200 645 2235 et
663 2200 849 2235 rectores
869 2191 1024 2236 talium
1048 2193 1344 2247 tenebrarum,
1372 2193 1523 2252 quales
1541 2201 1643 2236 sunt
1660 2206 1749 2236 om·
1800 2183 1803 2215 ³

349 2276 423 2304 nes
446 2260 677 2305 adversarii
701 2263 889 2306 veritatis
906 2297 916 2316 ,
942 2263 1102 2321 quibus
1124 2263 1290 2306 utinam
1317 2263 1512 2307 dicamus
1538 2282 1546 2307 :
1576 2282 1596 2304 «
1620 2263 1747 2306 Fuis-
1805 2279 1808 2285 ‘¹

351 2350 371 2372 i»
400 2332 452 2375 tis
474 2332 712 2392 aliquando
732 2334 949 2387 tenebrae‚
978 2349 1096 2378 nunc
1120 2344 1266 2378 autem
1292 2333 1367 2378 lux
1392 2335 1435 2377 in
1462 2334 1673 2378 Domino¹
1696 2352 1704 2377 :
1725 2351 1745 2375 »
1800 2334 1806 2378 j

349 2403 461 2446 hanc
492 2418 595 2462 ergo
629 2403 826 2447 militiam
855 2403 1140 2449 militantibus
1172 2406 1302 2449 servis
1343 2405 1418 2449 Dei
1455 2417 1747 2464 quaecumque
1796 2410 1808 2460 ζ

352 2472 406 2515 ab
429 2473 612 2518 inimicis
629 2474 822 2519 convicia
840 2475 1067 2520 criminosa
1084 2475 1314 2531 dicuntur,
1348 2491 1448 2535 quae
1471 2476 1588 2533 apud
1607 2473 1745 2519 male·
1795 2476 1799 2502 ³

403 2564 407 2576 ¹
441 2556 553 2597 Ephcs
577 2570 609 2592 v,
634 2568 681 2590 19..
