1825 3264
333 236 415 275 404
767 243 799 268 s.
837 239 1064 267 AUGUSTIM
1101 238 1279 264 EPISCOPI

329 324 459 371 quam
479 308 535 352 ad
557 322 632 351 vos
654 304 846 350 redirent
865 339 875 358 ,
896 302 1061 347 dictum
1081 309 1172 344 erat
1192 299 1403 344 sententia
1432 298 1603 343 concilii
1636 302 1716 342 Ba-

328 380 538 440 ga'i'ensis:
564 397 584 420 «
608 376 917 436 AEgyptiorum
943 371 1181 417 admodum
1215 370 1412 430 exemplo
1434 369 1716 430 pereuntium

328 449 558 495 funeribus
582 447 711 507 plena
729 454 831 489 sunt
851 444 1014 488 littora.
1045 461 1064 483 »

386 521 596 564 XXVIII.
633 516 762 570 Quod
786 530 887 560 vero
910 513 1016 558 dixit
1044 531 1053 558 :
1082 531 1102 554 «
1126 511 1313 565 Quando
1335 511 1452 570 apud
1474 526 1545 556 eos
1567 510 1720 554 decer-

326 590 471 637 nenda
506 589 682 634 recitata
723 597 807 642 est,
834 601 907 631 ore
943 584 1148 628 latissimo
1179 583 1561 639 acclamaverunt3
1600 596 1719 626 nunc

328 670 474 707 autem
494 675 594 704 cum
609 674 632 702 a
647 658 771 702 nobis
787 657 964 700 recitata
987 654 1134 708 fuerit,
1152 654 1462 698 obmutescunt
1480 672 1487 697 :
1519 672 1538 694 »
1559 652 1720 712 quibus

329 732 470 792 poenis
492 745 592 774 ecee
606 730 695 789 jam
718 727 858 772 multo
882 725 1035 769 melius
1066 726 1416 769 obmutescerent
1435 759 1446 779 ,
1471 739 1603 784 quam
1621 737 1721 767 cum

332 803 433 848 talia
472 801 716 860 loquuntur
740 833 751 854 ,
776 797 1117 857 implicarentur.
1151 796 1281 840 Vides
1321 811 1452 855 quam
1487 810 1637 839 verum
1669 795 1723 838 sit

331 872 452 933 quod
476 888 498 915 a
520 886 590 914 me
623 871 787 914 dictum
813 878 876 912 est
906 887 914 911 ι
946 886 965 908 «
984 869 1080 910 Jam
1105 865 1279 910 tandem
1302 866 1459 909 sentire
1481 865 1719 917 deberent,

330 951 497 1004 quanta
515 943 599 985 sint
620 956 696 1000 pro
720 954 824 999 pace
848 937 1073 982 toleranda
1089 940 1117 991 1,
1132 947 1173 980 et
1192 952 1270 996 pro
1289 952 1393 995 pace
1405 936 1564 980 Christi
1585 934 1724 978 redire

333 1014 388 1058 ad
410 1012 651 1057 Ecclesiam
671 1045 680 1064 ,
706 1024 804 1069 quae
824 1024 913 1052 non
935 1007 1158 1050 damnavit
1190 1008 1412 1065 incognita
1432 1041 1442 1061 ,
1469 1007 1501 1049 si
1520 1021 1598 1065 pro
1620 1020 1725 1064 paee

332 1083 489 1128 Donati
518 1081 682 1140 placuit
714 1093 917 1123 revocare
946 1077 1166 1121 damnata.
1210 1096 1228 1117 »
1269 1076 1411 1121 Multo
1442 1077 1577 1135 magis
1611 1076 1725 1119 enim

331 1156 414 1199 hoc
443 1152 684 1198 secundum
720 1160 840 1194 tuam
864 1149 1157 1193 narrationem
1180 1163 1330 1192 verum
1355 1157 1418 1192 est
1440 1183 1450 1202 ,
1476 1147 1553 1207 qui
1583 1145 1728 1190 dixisti

332 1225 463 1269 etiam
482 1222 578 1266 illos
597 1220 805 1265 dilatione
829 1235 1030 1264 concessa
1055 1228 1276 1263 revocatos
1295 1253 1306 1273 ,
1329 1218 1383 1262 de
1401 1219 1561 1278 quibus
1583 1217 1727 1262 nomi—

333 1296 470 1339 natim
498 1292 703 1352 expressis
728 1294 819 1351 jam
856 1290 1023 1334 dictum
1056 1290 1199 1334 fuerat
1239 1309 1247 1333 ;
1288 1309 1308 1332 «
1346 1289 1422 1333 Dei
1459 1289 1729 1348 praesidentis

337 1365 518 1411 arbitrio
555 1362 807 1407 universalis
841 1361 1012 1405 concilii
1042 1376 1115 1404 ore
1148 1361 1336 1404 veridico
1371 1361 1598 1404 damnatos
1641 1375 1730 1404 esse

339 1435 602 1494 cognoscite.
640 1452 659 1473 »
699 1435 812 1477 Cum
835 1432 950 1475 enim
988 1432 1199 1490 posthaec
1230 1432 1361 1475 verba
1388 1431 1460 1475 illa
1489 1440 1552 1475 est
1579 1430 1731 1475 dilatio

340 1507 598 1559 constituta,
629 1502 853 1563 quomodo
878 1516 966 1545 non
989 1501 1152 1561 placuit
1174 1518 1373 1547 revocare
1397 1501 1599 1546 damnata
1619 1504 1636 1546 Ξ)
1658 1510 1734 1545 aut

338 1576 562 1637 quomodo
586 1575 710 1619 nobis
745 1583 865 1618 tanto
893 1583 987 1633 post
1021 1574 1156 1627 natis,
1179 1574 1247 1617 vel
1280 1575 1359 1632 ipsi
1383 1573 1619 1617 christiano
1636 1572 1732 1617 orbi

341 1657 553 1691 terrarum
584 1647 803 1702 incognita
837 1660 926 1688 esse
962 1660 1049 1688 non
1094 1645 1278 1703 possint,
1304 1661 1402 1705 quae
1437 1645 1608 1703 probari
1644 1658 1733 1687 non

342 1725 582 1777 potuerunt
606 1716 658 1760 de
681 1716 930 1770 Caeciliano,
948 1718 992 1759 in
1010 1733 1061 1761 eo
1084 1719 1205 1776 quod
1229 1728 1375 1776 postea
1399 1717 1561 1762 factum
1581 1727 1644 1762 est
1661 1719 1735 1777 ju-

342 1787 455 1832 dicio
478 1787 766 1831 transmarino
791 1807 801 1843 3
833 1786 1011 1846 quando
1042 1802 1089 1830 ea
1119 1802 1217 1846 quae
1250 1787 1304 1830 de
1325 1788 1735 1832 Maximianensibus

349 1867 466 1917 gesta
489 1867 606 1911 sunt,
632 1865 675 1899 et
692 1857 735 1899 in
758 1856 920 1911 Africa,
944 1866 986 1900 et
1005 1858 1274 1916 temporibus
1293 1859 1464 1914 nostris,
1487 1868 1534 1902 tu
1557 1874 1657 1902 cum
1680 1859 1735 1902 sis

347 1928 468 1983 Afer,
485 1929 596 1972 sicut
615 1927 737 1982 dicis,
755 1937 851 1986 post
874 1937 940 1971 tot
957 1943 1092 1972 annos
1107 1929 1252 1973 adhuc
1265 1933 1402 1989 usque
1425 1945 1513 1974 non
1527 1931 1736 1974 noveras?

350 1999 461 2043 sicut
473 2008 618 2043 autem
632 2013 710 2042 nos
732 1997 888 2042 docere
903 1999 1142 2058 poterimus
1157 1999 1319 2053 ‚adhuc
1337 2016 1476 2060 usque
1499 2016 1587 2045 non
1605 2001 1733 2054 nosti,

352 2069 454 2128 quia
477 2068 687 2127 episeopis
703 2068 854 2112 vestris
869 2069 1180 2114 mentientibus
1206 2071 1437 2115 credidisti.

412 2142 609 2183 XXIX«
635 2138 763 2191 Quod
785 2148 930 2182 autem
960 2155 1029 2183 nie
1051 2141 1106 2183 de
1135 2140 1365 2185 traditione
1388 2143 1433 2185 in
1456 2152 1618 2186 vestros
1643 2156 1736 2185 ma·
1788 2175 1790 2178 -

348 2211 490 2270 j01·es‚
536 2209 666 2256 dicis,
696 2210 819 2268 quasi
852 2225 927 2268 per
958 2211 1336 2269 anticategoriam,
1377 2212 1495 2271 quod
1531 2228 1553 2255 a
1583 2212 1738 2256 nostris

352 2280 590 2340 majoribus
602 2279 765 2323 sactum
782 2289 870 2334 est,
887 2290 1138 2341 retorquere
1153 2282 1350 2337 voluisse,
1377 2302 1397 2324 «
1416 2283 1596 2342 culpans
1619 2282 1740 2343 quod
1791 2319 1793 2321 .

355 2351 439 2394 hoc
474 2350 673 2404 fecerim,
702 2369 720 2390 »
757 2350 879 2409 quasi
911 2351 952 2393 iu
976 2351 1121 2395 schola
1150 2352 1203 2395 de
1237 2367 1376 2396 causae
1412 2354 1639 2410 generibus
1671 2352 1741 2397 vel
1786 2354 1794 2395 l

356 2421 671 2479 quaestionibus
702 2430 930 2479 ageretur,
963 2438 1049 2466 non
1085 2423 1128 2465 in
1161 2423 1351 2467 Ecclesia
1389 2425 1543 2468 veritas
1571 2438 1739 2483 quaere-
1786 2449 1797 2455 -

359 2499 492 2534 retur.
523 2489 786 2549 »Numquid
810 2491 892 2534 hoe
915 2490 1022 2534 Eliae
1048 2493 1271 2551 prophetae
1304 2492 1466 2537 diceres
1486 2529 1496 2548 ,
1531 2494 1607 2553 qui
1641 2507 1741 2538 eum
1785 2505 1794 2534 ι

408 2575 415 2592 “
436 2573 514 2605 Vide
531 2572 586 2606 lib.
607 2585 617 2606 ι
637 2579 746 2607 contra
769 2575 909 2607 Petiliam.
933 2586 1003 2617 cap.
1026 2586 1131 2609 10·—
1148 2583 1157 2599 ⁷
1178 2577 1257 2609 lbid.
1275 2587 1346 2619 cap.
1372 2578 1420 2609 13.
