1825 3264
258 277 420 306 coutrita
453 279 716 306 cnssscoxum
749 276 1039 316 nona-nsum,
1072 280 1154 306 Lm.
1191 279 1219 305 1.
1347 267 1430 306 329

49 344 283 390 observatis
303 379 313 398 ‚
339 344 429 402 ejus
463 357 611 402 pacem
636 342 756 387 vobis
783 358 860 386 nos
893 343 1202 387 annuntiamus
1227 363 1238 399 3
1263 358 1351 388 non
1382 352 1432 387 ut

47 429 146 459 cum
168 414 223 458 ad
245 429 322 458 nos
351 413 551 457 veneritis
574 413 756 457 alterum
787 413 1002 472 accipiatis
1022 448 1032 466 ‚
1058 414 1132 457 sed
1156 422 1204 457 ut
1227 428 1326 457 eum
1355 413 1432 473 qui

42 486 132 546 jam
147 483 263 544 apud
286 499 362 528 vos
385 493 475 527 erat
497 482 659 527 utiliter
679 483 887 527 habeatis.
913 487 972 527 De
994 483 1080 527 fide
1095 484 1223 527 etiam
1244 483 1432 528 Jacobus

48 556 266 616 apostolus
281 571 381 601 cum
401 555 652 615 loqueretur
674 555 876 599 adversus
896 570 983 609 eos,
999 555 1074 615 qui
1095 555 1175 600 sibi
1198 555 1319 614 quod
1338 570 1432 599 cre-

48 626 249 671 diderant
268 628 468 672 sufficere
482 626 821 680 arbitrabantur,
835 635 878 670 et
896 625 1006 670 bene
1017 627 1183 685 operari
1199 625 1430 670 nolebant:

51 700 148 742 »Tu
164 697 318 753 credis,
337 698 495 758 inquit,
513 699 719 757 quoniam
742 712 855 742 unus
880 700 993 741 Deus
1015 706 1100 751 est3
1117 697 1228 741 bene
1252 697 1370 750 facis,
1392 705 1435 740 et

50 769 302 813 »daemones
324 768 524 823 credunt,
540 778 582 812 et
603 769 982 813 contremiscunt¹.
995 786 1012 809 »
1026 770 1192 826 Nempe
1205 768 1250 811 in
1268 768 1434 812 unitate

46 838 251 884 Ecclesiae
273 838 491 884 daemones
516 854 605 884 non
627 848 757 896 sunt3
795 854 875 883 nec
898 839 996 883 ideo
1025 847 1170 882 tamen
1208 852 1437 897 possumus

48 908 190 954 dicere
231 909 348 954 aliud
385 925 474 955 esse
504 910 624 971 quod
659 909 868 964 credunt,
907 925 1005 955 cum
1038 918 1082 953 et
1115 909 1299 952 Domino
1333 910 1437 952 Jesu

49 979 418 1024 Christo'dixerint
431 998 440 1024 :
452 998 471 1021 «
483 981 599 1033 Quid
611 980 735 1024 nobis
750 989 793 1024 et
813 980 888 1024 tibi
903 989 981 1034 est,
1000 979 1080 1023 Fili
1097 980 1169 1023 Dei
1184 979 1386 1023 ‘²P»Unde
1395 987 1439 1022 et

49 1050 209 1095 Paulus
229 1050 476 1110 apostolus:
506 1070 526 1093 «
549 1051 802 1105 Sihabeam,
825 1051 984 1110 inquit,
1010 1065 1187 1095 omnem
1205 1050 1355 1103 fidem,
1379 1049 1439 1093 ita

50 1139 70 1161 »
96 1130 144 1164 ut
167 1130 337 1165 montes
367 1120 644 1175 transferam,
672 1122 925 1166 charitatem
953 1130 1095 1165 autern
1120 1136 1209 1166 non
1233 1120 1436 1175 habeam,

50 1210 70 1234 »
94 1191 204 1236 nihil
226 1207 321 1236 sum
341 1194 372 1236 3.
404 1214 421 1234 »
447 1195 543 1238 Non
571 1202 715 1237 autem
747 1193 942 1237 existimo
965 1207 1230 1252 quemquam
1254 1192 1312 1236 ita
1327 1191 1441 1235 desi-

47 1278 149 1322 pere
167 1298 177 1317 ,
197 1272 246 1307 ut
267 1263 417 1308 credat
439 1264 494 1307 ad
514 1264 718 1308 Ecclesiae
744 1265 957 1323 pertinere
979 1264 1190 1308 unitatem
1215 1278 1313 1307 eum
1331 1298 1341 1316 ‚
1365 1263 1440 1323 qui

47 1349 136 1378 non
160 1334 292 1378 habet
310 1334 582 1378 charitatem.
611 1336 731 1379 Sicut
748 1350 849 1394 ergo
866 1339 978 1379 Deus
996 1350 1109 1379 unus
1133 1335 1292 1378 colitur
1313 1335 1441 1392 igno-

50 1413 196 1448 ranter
225 1405 353 1449 etiam
378 1415 496 1450 extra
521 1405 756 1450 Ecclesiam
775 1442 786 1462 ‚
812 1422 892 1451 nec
914 1406 1013 1450 ideo
1035 1421 1124 1450 non
1142 1414 1205 1449 est
1234 1405 1324 1463 ipse
1350 1425 1361 1459 3
1400 1412 1444 1447 et

51 1473 158 1518 fides
191 1489 276 1517 una
305 1475 493 1519 habetur
516 1475 607 1519 sine
629 1477 839 1520 charitate
874 1476 1004 1520 etiam
1026 1485 1144 1520 extra
1173 1474 1409 1519 Ecclesiam
1429 1508 1439 1528 ,

50 1559 131 1588 nec
154 1543 251 1589 ideo
263 1561 352 1589 non
367 1554 430 1589 est
447 1546 536 1604 ipsa
558 1566 566 1590 :
587 1547 644 1591 ita
659 1556 701 1591 et
724 1562 837 1590 unus
857 1547 1096 1605 baptismus
1116 1545 1303 1590 habetur
1323 1546 1444 1603 igno-

52 1623 196 1658 ranter
218 1624 259 1659 et
281 1616 371 1659 sine
393 1616 601 1660 charitate
630 1617 759 1660 etiam
789 1625 909 1660 extra
938 1616 1175 1661 Ecclesiam
1193 1651 1203 1667 ,
1235 1631 1315 1660 nec
1344 1615 1444 1659 ideo

52 1699 141 1728 non
163 1693 226 1728 est
243 1683 345 1743 ipsc.
370 1687 489 1729 Unus
512 1686 627 1729 enim
647 1689 774 1740 Deus,
802 1702 887 1730 una
911 1686 1034 1740 fides,
1051 1701 1190 1730 unum
1209 1685 1440 1744 baptisma,

52 1771 140 1800 una
162 1756 412 1815 incorrupta
434 1757 646 1802 catholica
678 1757 868 1802 Ecclesia
895 1778 906 1814 3
927 1773 1016 1802 non
1038 1758 1083 1802 in
1105 1773 1191 1818 qua
1211 1756 1300 1801 sola
1334 1771 1445 1799 unus

54 1829 168 1870 Deus
188 1826 361 1881 colitur,
378 1827 516 1871 sedin
533 1844 619 1887 qua
632 1828 720 1872 sola
741 1844 854 1873 unus
879 1832 992 1873 Deus
1005 1830 1074 1888 pie
1097 1829 1258 1873 colitur
1276 1848 1286 1884 3
1307 1827 1445 1871 necin

53 1912 139 1957 qua
163 1897 253 1941 sola
270 1913 356 1941 una
370 1897 476 1942 fides
499 1898 811 1950 retinetur,sed
832 1899 876 1943 in
896 1914 982 1958 qua
1003 1899 1091 1944 sola
1113 1915 1200 1943 una
1223 1898 1329 1942 fides
1344 1912 1445 1942 cum

54 1967 262 2012 charitate
280 1968 513 2023 retinetur3
533 1984 612 2013 nec
635 1969 679 2012 in
697 1985 783 2029 qua
801 1969 889 2013 sola
911 1985 1024 2013 unus
1047 1969 1286 2028 baptismus
1305 1968 1438 2021 habe·

57 2047 144 2090 tur,
165 2037 240 2080 sed
260 2037 304 2080 in
325 2054 410 2097 qua
429 2037 517 2082 sola
540 2054 653 2083 unus
675 2039 916 2098 baptismus
937 2039 1167 2083 salubriter
1182 2039 1383 2083 habetur.

115 2109 296 2150 XXXV.
341 2108 527 2152 Proinde
562 2124 698 2152 unum
732 2112 869 2152 Deum
885 2144 896 2163 ‚
937 2124 1067 2153 unam
1112 2109 1242 2153 fidem
1258 2144 1269 2163 ,
1307 2123 1446 2153 unum

57 2178 270 2236 baptisma
285 2212 296 2232 ,
340 2194 470 2222 unam
510 2179 807 2238 incorruptam
841 2189 884 2223 et
915 2179 1171 2224 catholicam
1210 2179 1446 2224 Ecclesiam

56 2248 182 2294 nobis
209 2249 583 2294 consentientibus
619 2260 665 2294 tu
689 2251 950 2310 proposuisti
980 2270 987 2294 :
1023 2252 1094 2295 sed
1119 2266 1208 2295 non
1230 2250 1368 2295 solum
1397 2265 1446 2293 ex

56 2320 122 2364 his
141 2319 186 2364 id
207 2320 325 2380 quod
342 2320 516 2365 volebas
540 2337 627 2366 non
656 2322 837 2366 ell'ecisti
857 2357 867 2377 ‚
893 2337 1045 2366 verum
1069 2323 1198 2366 etiam
1223 2331 1271 2365 ut
1300 2337 1351 2364 ex
1384 2321 1447 2364 his

57 2390 176 2450 quod
202 2390 450 2435 volebamus
473 2400 515 2435 te
538 2391 870 2436 admoneremus
885 2427 895 2446 3
920 2407 998 2436 nos
1017 2392 1208 2436 multum
1227 2391 1443 2451 adjuvisti.

59 2460 169 2506 Vide
191 2475 292 2517 ergo
315 2476 392 2504 nos
416 2476 546 2520 quam
571 2463 842 2520 probabilem
864 2464 1073 2506 rationem
1095 2478 1345 2522 sequamur,
1371 2462 1447 2522 qui

61 2546 109 2575 ea
132 2546 231 2590 quae
254 2531 510 2575 schismatici
530 2531 597 2575 vel
620 2533 811 2576 haeretici
841 2542 1147 2592 corruperunt,
1172 2548 1273 2578 cum
1301 2532 1356 2578 ad
1370 2548 1448 2578 nos

111 2615 255 2649 ·Jacob.
277 2627 321 2656 ιι,
345 2627 396 2658 ¹9·
416 2632 456 2639 —
472 2623 484 2638 ²
504 2618 602 2649 Marc.
624 2628 647 2655 i,
667 2617 720 2658 24.
742 2633 783 2640 -
802 2615 815 2640 ³
844 2619 949 2651 rCor.
973 2628 1048 2659 xm,
1065 2625 1098 2652 2.
