1825 3264
342 248 421 286 102
771 257 804 282 s.
840 251 1069 282 Auens-nm
1102 253 1282 282 Enscon

340 324 461 368 furor
492 320 746 365 Judaeorum
775 319 897 380 sequi
918 333 1008 363 non
1042 318 1186 378 potuit
1219 337 1228 363 ε
1260 327 1302 362 et
1336 318 1531 363 membra
1558 319 1650 378 ejus
1676 318 1723 362 in

341 408 520 452 corpore
541 391 661 452 quod
687 389 920 435 ascendens
942 389 1290 443 commendavit,
1325 389 1450 434 furor
1480 398 1621 434 vester
1640 404 1723 448 op-

339 471 522 524 pugnat.
553 465 636 507 Pro
663 461 752 505 istis
773 461 978 505 membris
996 459 1200 505 adversus
1215 474 1292 503 vos
1313 459 1512 515 saeviunt,
1533 468 1577 504 et
1601 460 1724 504 vobis

340 534 560 588 resistunt,
572 531 840 592 quicumque
849 531 894 575 in
903 532 934 577 C
941 529 1126 575 atholica
1135 544 1279 590 parvae
1286 529 1431 574 adhuc
1441 529 1560 584 fidei,
1573 545 1625 575 eo
1637 530 1725 574 ani·

338 621 412 651 mo
433 613 535 650 sunt
556 619 646 664 quo
661 612 766 648 tunc
782 606 936 647 Petrus
957 601 1058 657 fuit,
1074 616 1175 646 cum
1192 601 1357 645 ferrum
1370 616 1450 660 pro
1461 600 1622 646 Christi
1641 615 1723 646 no-

341 676 460 721 mine
472 675 656 720 strinxit.
677 673 762 720 Sed
775 673 966 718 multum
979 674 1159 717 interest
1180 672 1292 716 inter
1312 680 1498 717 vestram
1520 686 1723 731 persecu-

335 749 498 792 tionem
510 747 852 791 etistorum.Vos
865 745 1022 790 similes
1044 745 1143 789 estis
1164 759 1287 789 servo
1307 742 1726 790 sacerdotisJudaeo-

338 833 437 863 rum
458 838 468 875 3
486 817 589 878 quia
611 817 844 861 servientes
866 815 1137 876 principibus
1158 816 1324 870 vestris,
1351 815 1554 860 adversus
1577 815 1725 860 Eccle-

337 890 443 934 siam
457 889 731 943 catholicam,
748 887 793 932 id
809 897 887 943 est,
910 887 1113 932 adversus
1126 888 1286 933 Christi
1303 901 1459 947 corpus
1472 887 1699 932 armamini
1713 906 1723 932 ε

338 960 407 1005 isti
434 968 577 1004 autem
608 959 714 1003 tales
746 968 873 1015 sunt,
908 958 1047 1019 qualis
1076 967 1182 1002 tunc
1214 961 1366 1003 Petrus
1399 958 1510 1013 fuit,
1542 957 1617 1018 qui
1647 973 1727 1017 pro

338 1031 498 1078 Christi
520 1046 700 1090 corpore
718 1066 728 1086 ,
755 1029 801 1074 id
823 1039 911 1084 est,
938 1045 1017 1089 pro
1042 1029 1232 1074 Ecclesia
1253 1064 1263 1084 ,
1295 1030 1423 1073 etiam
1446 1027 1728 1088 corporaliter

340 1110 555 1162 pugnant.
579 1101 663 1146 Sed
680 1101 713 1145 si
736 1100 835 1159 ipsis
852 1099 1011 1144 dieitur
1028 1109 1078 1144 ut
1094 1101 1336 1159 quiescant,
1355 1099 1465 1144 sicut
1479 1102 1607 1144 Petro
1623 1108 1729 1144 tunc

339 1173 504 1217 dictum
528 1181 588 1215 est
609 1191 618 1216 :
645 1180 811 1231 quanto
832 1171 968 1230 magis
995 1171 1119 1216 vobis
1142 1170 1378 1215 dicendum
1402 1180 1491 1227 est,
1515 1180 1566 1216 ut
1586 1172 1727 1216 haere-

339 1244 426 1288 tico
439 1243 587 1287 furore
605 1242 801 1301 deposito
819 1241 873 1286 ad
890 1257 937 1285 ea
956 1241 1150 1285 membra
1172 1242 1438 1301 pertineatis,
1464 1257 1545 1300 pro
1565 1242 1727 1302 quibus

338 1313 403 1357 illi
427 1315 485 1357 sic
505 1312 730 1357 dimicant.
763 1311 848 1356 Sed
869 1311 959 1355 laesi
981 1328 1004 1355 a
1027 1312 1185 1356 talibus
1219 1312 1348 1356 etiam
1382 1327 1460 1357 nos
1483 1312 1634 1357 odistis
1650 1349 1660 1368 ,
1687 1322 1730 1358 et

340 1392 550 1443 tanquam
573 1397 692 1427 aures
715 1382 909 1426 dexteras
931 1380 1205 1441 perdideritis
1224 1417 1234 1437 ‚
1261 1383 1483 1427 Christum
1507 1383 1730 1428 sedentem

339 1453 394 1498 ad
423 1454 558 1498 Patris
584 1452 807 1497 dexteram
835 1467 925 1498 non
948 1452 1120 1497 auditis.
1151 1453 1234 1498 Sed
1257 1454 1415 1514 quibus
1442 1453 1618 1515 loquar,
1655 1463 1730 1499 aut

339 1523 518 1585 quando
533 1524 591 1568 eis
604 1523 775 1584 loquar,
793 1524 953 1584 quibus
966 1539 1046 1568 nec
1058 1524 1211 1569 horam
1227 1525 1418 1580 invenio,
1433 1527 1585 1570 vinum
1599 1526 1730 1570 etiam

338 1609 466 1639 mane
489 1595 810 1650 ructuantibus,
831 1595 919 1639 sive
930 1597 1021 1656 jam
1037 1596 1181 1651 ebriis,
1202 1596 1292 1640 sive
1314 1597 1490 1642 adhuc?
1523 1597 1730 1651 Quinimo

341 1674 385 1710 et
407 1665 647 1720 minantur,
674 1681 764 1710 non
785 1665 926 1710 solum
950 1665 1038 1721 illi,
1071 1667 1146 1710 sed
1179 1666 1234 1711 de
1257 1666 1340 1722 illis
1378 1667 1509 1711 etiarn
1543 1668 1732 1727 episcopi

339 1736 548 1794 ipsorum,
574 1736 710 1795 parati
728 1751 886 1795 negare
903 1736 958 1780 ad
980 1751 1024 1780 se
1045 1737 1262 1796 pertinere
1279 1737 1399 1796 quod
1415 1737 1618 1783 fecerint.
1640 1741 1730 1784 Do-

340 1814 417 1849 net
436 1806 561 1850 nobis
586 1807 793 1850 Dominus
814 1807 1031 1851 canticum
1065 1807 1297 1864 graduum,
1321 1823 1410 1867 quo
1427 1807 1573 1852 dicere
1594 1810 1731 1869 possi-

339 1892 436 1921 mus
448 1881 464 1918 ἐ
488 1895 507 1919 «
533 1879 646 1922 Cum
668 1878 733 1921 his
756 1879 832 1938 qui
855 1878 1043 1923 oderunt
1063 1893 1231 1938 pacem,
1248 1894 1364 1924 eram
1390 1880 1612 1939 pacificus,
1629 1895 1730 1925 cum

340 1965 361 1989 ))
405 1947 619 2008 loquebar
640 1949 716 2004 eis,
736 1948 1019 1994 debellabant
1032 1965 1101 1993 me
1115 1950 1243 2008 gratis
1269 1953 1300 1994 ¹.
1332 1968 1352 1992 »
1377 1950 1491 1995 Dicit
1508 1951 1621 1996 enim
1646 1952 1731 1997 hoc

339 2033 496 2078 corpus
513 2019 674 2064 Christi
695 2023 728 2075 ²,
750 2020 870 2080 quod
892 2035 969 2080 per
991 2029 1126 2065 totam
1150 2030 1308 2065 terram
1325 2056 1335 2076 ,
1361 2022 1417 2066 ab
1440 2022 1531 2066 aliis
1552 2022 1623 2066 hic
1637 2057 1648 2077 ,
1674 2023 1729 2067 ab

339 2088 429 2133 aliis
445 2089 562 2145 alibi,
587 2099 630 2134 et
652 2091 707 2134 ab
730 2091 934 2136 omnibus
954 2091 1044 2137 aliis
1057 2100 1189 2152 atque
1210 2092 1302 2137 aliis
1316 2092 1588 2154 ubicumque
1608 2103 1726 2150 sunt,

339 2159 552 2203 haereticis
575 2170 871 2219 oppugnatur.

398 2231 589 2274 CXCVI.
627 2233 886 2275 Pmmmus
920 2231 1059 2276 dixit:
1090 2249 1107 2271 «
1141 2235 1280 2292 Ergo,
1307 2234 1514 2293 inquam,
1545 2243 1730 2280 mortem

338 2315 417 2359 pro
445 2299 532 2344 fide
555 2299 830 2345 subeundam
852 2302 1093 2356 constituit,
1121 2318 1254 2362 quam
1277 2304 1484 2364 cuiquam
1505 2319 1586 2364 pro
1606 2319 1727 2350 com-

336 2369 546 2414 munione
567 2369 827 2415 faciendam.
845 2371 1145 2417 Christianitas
1168 2375 1284 2417 enim
1307 2375 1522 2419 mortibus
1540 2376 1725 2435 proficit.
1762 2411 1768 2416 .

335 2440 443 2484 Nam
465 2455 595 2485 nemo
618 2440 891 2486 fidelissimus
912 2444 1103 2498 viveret,
1128 2444 1162 2487 si
1185 2459 1298 2489 mors
1320 2460 1343 2489 a
1367 2445 1571 2491 fidelibus
1597 2448 1728 2492 time-

388 2547 395 2561 ¹
414 2540 492 2572 Psal.
511 2552 595 2581 cxix,
623 2554 651 2582 7.
671 2561 710 2567 —
727 2542 739 2565 3
759 2545 838 2577 Vide
862 2551 974 2577 contra
995 2548 1144 2578 Crescon*
1166 2546 1224 2578 lib.
1244 2558 1291 2583 m,
1317 2559 1336 2579 n
1375 2548 1430 2590 55,
1449 2553 1480 2581 et
1496 2548 1552 2582 lib.
1574 2559 1618 2591 iv,
1637 2560 1666 2581 n.
1684 2549 1728 2580 60

342 2599 372 2626 ct
393 2598 429 2627 Gr
