1825 3264
319 238 370 276 58
742 244 776 274 s.
813 244 1043 275 Ausum-uu
1079 245 1260 273 erucem

315 313 528 370 ignotum.
554 313 826 370 Quapropter
850 325 949 355 ecce
971 309 1205 369 respondet
1225 309 1346 354 vobis
1366 309 1617 354 universum
1633 323 1702 352 se-

317 399 417 428 men
437 382 624 427 Abrahae
648 381 703 425 ab
724 380 923 426 universa
947 391 1060 426 terra
1081 399 1090 425 :
1115 381 1354 425 Macarium
1374 380 1523 434 istum,
1548 378 1604 423 de
1626 394 1706 424 cu-

310 457 381 515 jus
405 463 524 513 parte
554 468 632 498 nos
659 452 798 497 dicitis
814 487 825 508 ‚
861 453 1041 498 omnino
1064 467 1153 497 non
1179 452 1394 496 novimus.
1427 449 1705 510 Respondete

314 525 498 569 vicissim
520 539 610 568 non
631 538 706 568 vos
728 538 852 568 nosse
883 526 1116 567 Donatum.
1147 522 1231 568 Sed
1253 521 1347 566 etsi
1367 530 1534 581 partem
1556 521 1707 580 Optati

314 610 390 640 vos
412 610 501 640 esse
519 595 714 640 dicamus
729 629 740 649 ‚
771 595 869 654 quis
893 603 1084 638 vestrum
1116 602 1258 653 potest
1284 592 1452 647 dicere,
1478 592 1641 636 nescire
1661 606 1708 636 se

314 667 541 725 Optatum‚
567 666 647 709 nisi
668 665 783 709 forte
803 663 932 720 facie,
967 665 1078 708 sicut
1101 679 1181 709 nec
1210 664 1457 708 Donatum?
1482 661 1567 708 Sed
1598 677 1706 721 gau-

314 736 422 781 detis
443 735 646 781 videlicet
666 736 720 780 de
742 736 920 781 nomine
943 736 1105 781 Donati
1132 754 1140 781 ι
1160 734 1379 795 numquid
1398 743 1442 779 et
1459 734 1514 778 de
1530 734 1709 779 nomine

315 807 463 866 Optati
484 823 491 847 :
515 806 630 860 Quid
653 822 756 866 ergo
783 807 905 851 vobis
928 807 1107 866 prodest
1133 809 1327 851 Donatus
1343 841 1354 860 ‚
1387 820 1487 850 cum
1510 820 1586 850 vos
1609 819 1707 849 orn-

315 892 391 921 nes
414 878 708 938 coinquiuarit
741 878 955 936 Optatus?
988 877 1104 930 Quid
1138 877 1260 922 vobis
1294 876 1469 936 prodest
1501 875 1709 920 sobrietas

315 949 489 1003 Donati,
507 963 607 992 cum
623 948 1042 993 Circumcellionum
1064 948 1275 993 ebrietate
1292 947 1583 1008 polluamini?
1597 945 1710 1000 Quid

315 1019 437 1064 vobis
471 1019 647 1078 prodest
681 1018 922 1063 secundum
961 1028 1147 1063 vestram
1176 1019 1430 1078 opinionem
1461 1018 1710 1062 innocentia

314 1091 488 1145 Donati,
515 1105 616 1134 cum
639 1090 787 1149 Optati
812 1091 1045 1149 rapacitate
1074 1090 1380 1134 maculemini?
1403 1089 1484 1134 Hic
1507 1090 1622 1132 enim
1646 1097 1711 1134 est

314 1175 432 1203 error
446 1169 602 1214 vester,
628 1170 678 1204 ut
700 1160 883 1219 amplius
908 1161 1069 1218 putetis
1097 1160 1241 1205 valere
1268 1159 1546 1220 iniquitatem
1563 1159 1708 1204 homi-

314 1231 379 1274 nis
397 1230 451 1274 ad
475 1231 608 1274 alium
627 1232 1034 1286 contaminandum,
1061 1247 1193 1291 quam
1212 1231 1427 1290 justitiam
1444 1231 1632 1276 hominis
1653 1231 1710 1276 ad

314 1300 447 1344 alium
476 1300 816 1359 purificandum.
850 1304 1003 1361 Itaque
1037 1302 1070 1345 si
1101 1301 1190 1346 duo
1215 1302 1376 1360 pariter
1400 1300 1547 1346 divina
1569 1317 1709 1347 sacra-

315 1380 461 1415 menta
491 1372 843 1426 communicent,
868 1388 982 1417 unus
1008 1373 1166 1432 justus,
1193 1372 1300 1417 alius
1324 1372 1525 1433 iniquus;
1549 1372 1624 1417 sed
1649 1374 1709 1418 ita

315 1457 396 1486 nec
413 1451 462 1486 ut
479 1443 559 1487 iste
579 1441 695 1487 illius
712 1443 1004 1503 iniquitatem,
1026 1458 1106 1488 nec
1128 1442 1200 1488 ille
1221 1445 1350 1504 hujus
1372 1444 1565 1489 imitetur
1578 1445 1709 1504 justi-

314 1512 418 1556 tiam
441 1532 449 1557 :
475 1528 563 1557 non
587 1513 725 1558 dicitis
740 1529 792 1558 ex
806 1515 890 1559 hoc
913 1514 1005 1558 fieri
1023 1514 1173 1559 ambos
1182 1516 1337 1574 justos,
1362 1514 1438 1559 sed
1453 1515 1603 1560 ambos
1623 1516 1709 1560 ini-

315 1598 440 1642 quos,
465 1584 525 1628 ita
548 1593 598 1628 ut
620 1594 663 1629 et
684 1583 794 1628 illud
825 1595 1024 1629 sanctum
1048 1585 1168 1645 quod
1199 1586 1359 1645 pariter
1383 1595 1587 1641 sumunt,
1624 1586 1708 1630 im-

314 1653 529 1697 mundum
554 1654 644 1709 siat,
672 1664 715 1699 et
743 1655 910 1700 amittat
944 1656 1163 1715 propriam
1187 1657 1476 1701 sanctitatem.
1511 1656 1596 1701 Ubi
1627 1657 1709 1701 sibi

313 1724 480 1768 invenit
501 1724 605 1769 tales
628 1724 858 1770 advocatos
888 1726 1093 1786 iniquitas
1108 1762 1119 1781 ‚
1145 1727 1307 1787 quibus
1339 1726 1627 1772 delirantibus
1648 1727 1710 1773 ita

314 1796 466 1839 victrix
495 1799 699 1855 putetur?
734 1799 789 1841 Ut
817 1798 925 1857 quid
949 1813 1050 1856 ergo
1072 1797 1196 1843 vobis
1228 1798 1435 1858 plauditis
1457 1798 1512 1843 de
1531 1799 1709 1843 nomine

316 1867 473 1910 Donati
500 1867 545 1911 in
578 1876 697 1912 tanto
722 1870 1012 1927 perversitatis
1036 1885 1208 1924 errore,
1234 1870 1312 1914 ubi
1345 1885 1435 1914 non
1470 1869 1708 1915 Petilianus

316 1951 405 1980 esse
427 1946 618 1981 meretur
641 1939 761 1998 quod
780 1942 987 1994 Donatus,
1009 1938 1085 1984 sed
1108 1941 1197 1999 ipse
1216 1943 1412 1985 Donatus
1430 1955 1521 1984 esse
1537 1941 1709 1999 cogitur

315 2007 435 2065 quod
455 2010 666 2066 Optatus?
689 2028 708 2052 «
732 2010 854 2054 Dicat
869 2020 1015 2055 autem
1030 2012 1185 2055 domus
1200 2011 1351 2066 Israel,
1374 2015 1477 2056 Pars
1499 2027 1594 2057 mea
1618 2015 1707 2057 Do·-

316 2095 335 2117 »
352 2077 515 2121 minus¹
537 2098 544 2121 :
564 2097 582 2118 »
597 2079 712 2122 dicat
730 2095 877 2124 semen
889 2081 1076 2125 Abrahae
1091 2082 1136 2125 in
1151 2083 1354 2127 omnibus
1367 2083 1571 2141 gentibus
1591 2102 1599 2127 :
1618 2085 1707 2128 Do-

314 2146 456 2189 minus
469 2162 565 2204 pars
582 2148 846 2194 haereditatis
861 2166 985 2194 meae.
1002 2152 1133 2197 Novit
1150 2153 1268 2196 enim
1285 2151 1509 2211 quomodo
1527 2152 1643 2198 dieat
1662 2153 1706 2197 in

313 2216 551 2275 Evangelio
574 2218 720 2276 gloriae
744 2220 858 2263 beati
879 2222 970 2264 Dei.
993 2224 1099 2266 Nam
1123 2231 1165 2266 et
1187 2237 1262 2266 vos
1283 2237 1359 2282 per
1381 2232 1704 2267 sacramentum

313 2284 434 2344 quod
456 2286 501 2330 in
521 2287 643 2332 vobis
666 2297 747 2342 est,
766 2290 878 2333 sicut
909 2292 1098 2350 Caiphas
1122 2292 1293 2336 Domini
1318 2302 1582 2351 persecutor,
1609 2309 1706 2338 nes·

312 2356 472 2399 cientes
496 2358 778 2416 prophetatis.
809 2359 939 2412 Quod
969 2361 1084 2404 enim
1104 2377 1242 2420 graece
1262 2364 1444 2416 μακάριος,
1461 2363 1594 2407 latine
1607 2363 1706 2407 bea-

316 2433 382 2467 tus
405 2435 481 2468 est.
511 2428 573 2470 Ita
597 2426 724 2485 plane
746 2429 800 2473 de
823 2439 945 2488 parte
967 2431 1143 2475 Macarii
1170 2447 1334 2477 sumus.
1362 2432 1476 2486 Quid
1509 2433 1627 2477 enim
1641 2443 1706 2478 est

313 2494 484 2539 Christo
509 2495 691 2554 beatius,
719 2500 841 2558 cujus
863 2515 1027 2557 sumus,
1056 2501 1111 2546 ad
1141 2517 1272 2562 quem
1303 2512 1704 2549 commemorantur

362 2584 369 2600 ¹
391 2577 471 2610 Psal.
492 2589 545 2620 xv,
565 2580 595 2611 5.
1701 2577 1704 2580 ⁴
