1825 3264
286 274 447 304 comum
480 274 680 304 LiTTfinAs
713 275 945 315 renuam,
977 279 1058 304 Lm.
1096 279 1141 303 11.
1330 266 1410 303 115

33 342 66 389 si
86 356 175 387 non
194 342 239 385 in
265 349 352 386 tam
373 341 503 400 longo
525 342 706 401 imperio
728 343 1037 387 Constantinus
1056 345 1068 368 ¹
1083 378 1093 396 ,
1114 351 1157 386 et
1175 351 1261 385 tarn
1283 341 1415 400 longa

34 410 237 460 felicitate
260 411 432 457 vixisset
450 447 461 468 ,
498 412 573 472 qui
601 412 764 472 primus
786 411 989 456 adversus
1010 421 1199 456 vestrum
1224 426 1416 456 errorem

33 481 170 542 multa
187 482 439 540 constituit3
464 491 507 526 et
529 482 635 544 quid
656 482 690 527 si
712 497 802 527 non
820 481 1020 526 Julianus
1038 490 1127 525 tam
1149 483 1235 526 cito
1260 482 1418 542 abrep-

32 561 102 614 3⁸¹⁸
128 562 239 598 esset
266 568 290 598 e
316 554 405 599 vita
425 587 437 609 ‚
474 553 552 614 qui
583 553 706 599 vobis
735 553 929 598 basilicas
950 552 1071 597 dedit
1089 585 1101 609 ‚
1140 552 1317 612 quando
1339 552 1419 596 ista

23 623 247 682 ‘garriendi
275 625 408 670 finem
440 624 637 670 faceretis
657 659 669 681 ‚
708 640 808 670 curn
839 633 883 669 et
915 623 1046 669 modo
1071 633 1212 668 tacere
1244 622 1421 667 nolitis?

31 695 122 755 Nec
143 703 287 740 tamen
320 696 503 741 dicimus
529 711 639 752 nos,
675 694 774 740 ideo
796 696 882 741 cito
915 703 1138 740 mortuum
1166 693 1390 738 Julianum
1407 724 1419 748 ‚

32 765 134 826 quia
154 765 278 810 vobis
300 766 496 812 basilicas
517 765 653 812 dedit.
687 770 920 812 Possumus
941 767 1055 810 enim
1079 780 1168 810 esse
1190 765 1234 808 in
1258 764 1323 808 his
1344 779 1426 824 pa-

33 834 136 899 ῄιθι·
155 837 318 896 copiosi
334 871 346 893 ‚
370 836 446 882 sed
467 840 669 882 nolumus
691 852 781 882 esse
806 837 966 897 pariter
987 836 1101 882 vani.
1135 835 1323 880 Proinde
1338 869 1350 886 ‚
1375 839 1426 878 ut

33 906 176 966 dicere
192 923 407 968 coeperam
426 943 437 965 ,
462 924 512 953 ex
534 909 616 954 illis
636 909 810 954 dnobus
832 924 1009 954 secerno
1029 907 1281 954 Macarium.
1308 907 1422 950 Cum

28 979 150 1033 paim
187 979 296 1025 duos
332 981 626 1041 proposuisses
643 1015 654 1037 ‚
692 982 835 1041 ipsum
859 990 902 1026 et
941 980 1161 1025 Urs‘acium
1187 999 1198 1036 3
1234 975 1426 1037 repetisti

33 1064 195 1102 nomen
218 1052 380 1096 Ursacii
398 1087 409 1107 ,
446 1061 496 1097 ut
529 1052 655 1097 nobis
683 1051 930 1097 ostenderes
957 1064 1089 1112 quam
1118 1058 1303 1094 mortem
1332 1061 1428 1091 me-

33 1121 186 1176 ruerit,
221 1130 265 1166 et
285 1121 430 1167 dixisti
457 1141 466 1168 z
509 1141 528 1164 «
554 1123 778 1167 Ursacium
813 1138 1003 1182 nemque
1036 1120 1260 1166 barbarica
1281 1132 1428 1179 pugna

33 1201 298 1251 prostratum
314 1229 325 1248 ‚
351 1193 472 1239 saevis
495 1194 717 1253 unguibus
734 1193 856 1238 alites
871 1229 882 1249 ,
910 1207 1159 1252 canumque
1181 1190 1297 1235 avidi
1320 1189 1430 1232 denr

33 1269 98 1307 tes
119 1265 335 1309 morsibus
356 1264 725 1324 discerpserunt.»
755 1264 880 1310 Unde
904 1265 1004 1309 satis
1033 1271 1227 1323 apparet,
1250 1275 1350 1306 cum
1373 1258 1429 1302 tle

33 1332 223 1389 Uacario
242 1335 451 1394 majorem
471 1335 677 1378 invidiam
698 1335 842 1379 facere
860 1334 1052 1387 soleatis,
1072 1333 1132 1375 ita
1160 1341 1210 1375 ut
1232 1345 1310 1374 nos
1334 1332 1431 1373 Ma-

39 1403 250 1460 ρῇῐίειηοε,
277 1418 367 1450 non
387 1405 639 1450 Ursacianos
670 1404 922 1465 appelletis3
947 1401 1087 1448 multo
1110 1401 1295 1446 maxime
1314 1408 1357 1443 te
1379 1397 1434 1442 de

33 1473 118 1530 {llo
145 1474 279 1520 fuisse
316 1474 537 1522 dicturum
556 1511 567 1532 ,
601 1476 635 1520 si
664 1475 720 1520 de
751 1485 892 1520 morte
929 1476 1021 1535 ejus
1051 1471 1218 1534 aliquid
1256 1469 1340 1515 tale
1361 1469 1432 1513 di-

33 1556 135 1608 flere
155 1547 380 1607 potuisses.
414 1550 479 1593 Ex
500 1549 565 1592 his
592 1549 740 1608 itaque
762 1547 935 1593 duobus
955 1581 966 1603 ‚
1005 1547 1083 1591 ubi
1105 1543 1320 1605 pluralem
1344 1557 1431 1587 nu-

34 1630 205 1671 merum
228 1619 438 1678 posuisti,
465 1617 662 1680 sejuncto
683 1620 889 1675 Macario,
915 1627 1112 1663 remanet
1134 1616 1333 1663 Ursacius
1351 1627 1434 1656 no-

35 1701 141 1740 men
182 1689 409 1749 proprium
444 1691 616 1733 numeri
648 1689 892 1747 singularis.
940 1689 1024 1731 Ubi
1071 1695 1136 1730 est
1179 1684 1311 1742 igitur
1343 1692 1433 1727 tam

33 1758 233 1819 ⁴*plurium
252 1759 427 1805 illorum
450 1769 537 1804 tam
562 1760 707 1804 minax
728 1768 770 1803 et
794 1755 1018 1802 tremenda
1040 1755 1282 1817 promissio.

38 1848 63 1882 ,ἐ
97 1832 251 1877 CCIX.
288 1833 386 1876 Jam
423 1830 537 1875 illud
571 1845 705 1890 quam
746 1829 980 1874 ridiculum
1012 1827 1065 1872 sit
1087 1862 1098 1882 ‚
1138 1826 1214 1886 qui
1257 1838 1438 1885 quoquo

35 1900 172 1951 :modo
192 1900 317 1962 loqui
335 1910 569 1956 noverunt,
589 1910 805 1961 quantum
826 1900 999 1959 opinor,
1024 1895 1293 1955 intelligunt,
1315 1893 1436 1954 quod

35 1978 147 2022 anm
163 1969 336 2016 dixisses
357 1991 366 2018 :
401 1992 422 2015 «
446 1973 579 2017 Periit
600 1972 836 2025 Macarius,
862 1970 990 2030 periit
1013 1968 1211 2013 Ursacius
1229 2001 1239 2021 ‚
1264 1965 1437 2010 cuncti-

35 2042 130 2102 que
150 2042 341 2088 Comites
358 2043 486 2087 vestri
506 2043 582 2086 Dei
605 2041 765 2101 pariter
786 2040 978 2086 vindicta
1001 2039 1226 2098 perierunt
1247 2055 1255 2083 z
1289 2056 1305 2077 »
1340 2045 1440 2079 tan-

34 2115 175 2172 quam
199 2113 470 2172 exigentibus
492 2121 540 2157 ut
556 2112 762 2172 probares
782 2145 793 2166 ‚
818 2111 920 2170 quia
938 2125 1086 2154 revera
1105 2106 1214 2152 nihil
1231 2105 1351 2151 aliud
1368 2102 1439 2149 vel

38 2180 239 2237 induor,
272 2183 340 2227 vel
363 2182 500 2228 lector
521 2183 738 2241 exigeret,
764 2181 910 2226 statim
935 2178 1205 2224 connexuisti
1229 2189 1439 2234 magnum

38 2251 359 2308 ssoeumentum
373 2288 385 2309 ‚
409 2269 498 2314 quo
519 2253 726 2313 probares
748 2261 928 2297 cunctos
949 2251 1142 2297 Comites
1167 2256 1336 2293 nostros
1363 2244 1441 2291 Dci

40 2323 206 2387 “pariter
230 2323 424 2370 vindicta
449 2324 638 2384 periisse.
667 2342 688 2366 «
710 2323 936 2368 Ursacium
965 2336 1156 2381 namque
1184 2318 1411 2363 barbarica
1427 2349 1439 2369 ‚
1473 2359 1477 2363 .

43 2468 53 2483 ·
99 2463 108 2479 ²
123 2458 261 2500 Imperio
279 2458 398 2500 potitus
415 2460 466 2489 est
480 2457 705 2491 Constantinus
723 2458 813 2490 annis
831 2457 901 2490 fere
920 2457 1049 2497 triginta
1064 2454 1198 2487 duobus,
1223 2455 1355 2483 auclore
1375 2452 1445 2481 L‘u-

38 2486 141 2565 }ebio
156 2511 185 2544 in
211 2513 280 2554 ejus
297 2514 372 2545 vita.
392 2512 532 2545 Julianus
551 2521 628 2545 vero
656 2512 781 2555 imperii
801 2514 848 2545 sui
867 2517 932 2555 post
953 2510 1125 2543 Constantii
1149 2507 1297 2550 patrueli»
1322 2506 1447 2537 obitum

42 2557 134 2601 z>{filo
153 2577 216 2600 uno
228 2573 260 2600 et
281 2568 440 2601 mensibus
459 2567 591 2601 circiter
617 2572 740 2610 septem
758 2566 940 2607 immanita,
956 2565 987 2597 in
1004 2565 1110 2607 praeiio
1128 2568 1239 2595 conti-:1
1257 2565 1366 2594 Pei-:m
1386 2573 1446 2603 pv-

53 2621 121 2661 tiit,
139 2623 241 2656 mtatis
255 2633 336 2656 anno
355 2624 408 2656 31.

1227 2673 1250 2709 8
