1825 3264
509 257 564 285 nn
598 257 788 285 unt-ruz
820 257 1036 287 meusim.
1383 246 1433 284 27
1443 246 1469 285 9

77 334 260 370 terrores
275 323 489 368 leviorum
505 338 736 384 poenarum
749 338 772 367 a
789 323 1057 382 gravioribus
1069 322 1192 367 malis
1204 322 1466 382 prohibeant

76 404 207 456 atque
226 403 506 454 compescant
525 414 537 452 ·,
557 392 818 453 plerumque
835 402 980 437 autem
999 409 1022 438 a
1045 393 1159 437 bona
1176 393 1264 438 vita
1284 401 1328 437 et
1346 409 1369 437 a
1387 393 1469 438 bo-

76 466 142 510 nis
159 465 283 510 factis
303 465 512 510 minando
526 475 570 510 et
585 464 804 511 saeviendo
817 464 1065 510 deterreant
1085 484 1094 510 :
1116 464 1191 509 sed
1203 479 1304 509 cum
1318 479 1342 509 a
1354 464 1471 509 malo

75 545 120 581 et
138 534 292 581 illicito
314 536 564 596 prohibent,
589 544 852 582 correctores
873 543 918 579 et
936 534 1203 580 consultores
1220 544 1344 592 sunt3
1367 549 1471 580 cum

77 615 224 652 autem
253 621 279 651 a
301 607 420 652 bono
441 616 484 652 et
506 606 625 652 licito
640 641 651 662 ,
677 615 972 667 persecutores
994 615 1037 650 et
1058 620 1330 666 oppressores
1351 615 1468 651 sunt.

75 677 326 738 Culpantur
347 678 477 722 etiam
494 678 571 739 qui
592 678 830 738 prohibent
851 692 876 721 a
896 675 1030 732 malo,
1055 676 1090 721 si
1107 677 1289 721 modum
1305 678 1472 736 peccati

74 749 234 794 modus
253 750 527 796 coercitionis
549 751 744 795 excedat.
777 753 889 794 Item
907 750 1005 810 jure
1021 747 1229 808 culpandi
1251 758 1374 805 sunt,
1397 749 1474 810 qui

74 819 251 866 turbide
272 830 404 882 atque
424 820 669 866 inordinate
692 822 738 866 in
761 836 833 867 eos
854 820 1116 867 coercendos
1138 818 1363 876 insiliunt,
1394 820 1473 881 qui

74 890 196 937 nulla
212 891 296 937 sibi
314 892 410 951 lege
427 893 616 954 subjecti
632 901 750 937 sunt.

133 964 248 1007 LIV.
281 963 469 1008 Proinde
490 961 907 1009 Circumcellionum
934 971 1179 1008 vestrorum
1208 960 1478 1007 inordinatas

74 1031 271 1078 licentias
293 1043 338 1078 et
363 1035 572 1094 superbas
592 1034 777 1078 insanias
795 1034 913 1094 juste
934 1032 1295 1094 reprehendimus
1310 1067 1321 1088 ,
1345 1033 1478 1077 ctiam

74 1118 177 1148 cum
198 1103 418 1164 aliquibus
445 1105 638 1164 pessimis
661 1104 841 1149 violenti
869 1113 970 1149 sunt
999 1124 1007 1149 :
1032 1105 1135 1164 quia
1156 1103 1307 1149 illicita
1328 1103 1477 1148 illicite

74 1174 318 1231 vindicare,
344 1185 386 1220 et
409 1176 464 1220 ab
488 1176 648 1220 illicitis
666 1176 816 1221 illicite
834 1175 1073 1231 deterrere,
1097 1191 1186 1221 non
1208 1185 1273 1220 est
1289 1176 1473 1220 bonum.

73 1245 188 1290 Cum
212 1260 316 1290 vero
339 1255 383 1290 et
399 1245 652 1291 innocentes
671 1246 742 1291 vel
757 1261 884 1291 causa
905 1247 1144 1306 incognita,
1167 1245 1238 1291 vel
1259 1246 1477 1306 iniquissi-

73 1317 154 1361 mis
175 1317 410 1361 inimicitiis
425 1327 751 1377 persequuntur
763 1352 774 1373 ,
791 1318 889 1377 quis
907 1332 1059 1362 eorum
1075 1317 1398 1362 sceleratissima
1410 1317 1477 1361 la·-

75 1388 260 1433 trocinia
279 1403 369 1434 non
387 1390 718 1448 perhorrescat?
741 1392 798 1434 At
809 1404 913 1434 vero
927 1388 1048 1449 quod
1059 1388 1478 1434 Maximianistarum

72 1458 271 1505 furorem
294 1459 463 1519 legibus
487 1460 675 1521 publicis
696 1461 988 1506 coercendum
1010 1462 1215 1520 putastis,
1241 1468 1291 1504 ut
1311 1474 1383 1504 eos
1400 1475 1478 1519 per

68 1531 187 1591 jussa
207 1529 408 1591 judicum
426 1540 470 1575 et
486 1531 789 1576 executionem
811 1531 1068 1576 Officiorum
1085 1540 1129 1575 et
1146 1530 1301 1575 auxilia
1323 1530 1478 1574 civita-

75 1610 170 1645 tum
192 1601 343 1660 pulsos
364 1601 419 1647 de
442 1600 628 1646 basilicis
642 1617 750 1663 quas
765 1602 992 1657 tenebant,
1013 1601 1067 1646 ad
1083 1601 1475 1646 considerationem

73 1673 138 1716 sui
159 1671 328 1717 sceleris
347 1674 574 1732 urgeretis,
600 1689 690 1718 non
702 1673 1063 1733 reprehendimus
1082 1694 1093 1731 3
1116 1673 1198 1718 nisi
1213 1674 1313 1734 quia
1331 1673 1474 1718 hocin

72 1743 132 1788 eis
147 1744 344 1788 insectati
361 1744 476 1799 estis,
494 1744 615 1804 quod
629 1745 710 1804 ipsi
726 1744 903 1802 fecistis,
925 1747 1013 1790 imo
1027 1745 1169 1790 multo
1187 1745 1325 1790 levius
1340 1759 1472 1806 quam

72 1812 248 1859 fecistis.
275 1814 345 1858 Illi
367 1814 483 1859 enim
508 1814 713 1861 adversus
736 1825 905 1876 partem
927 1818 1100 1873 Donati,
1124 1832 1201 1862 vos
1222 1826 1368 1862 autem
1392 1816 1474 1861 ad-

71 1901 221 1932 versus
244 1886 396 1931 orbem
419 1896 632 1932 terrarum
649 1923 659 1943 ,
685 1897 727 1932 et
751 1888 954 1933 adversus
976 1890 1069 1950 ejus
1090 1888 1224 1934 verba
1239 1923 1250 1944 ‚
1283 1888 1360 1948 qui
1385 1890 1472 1932 Ec-

72 1955 246 2002 clesiam
260 1973 383 2002 suam
400 1959 682 2018 incipientem
694 1959 750 2003 ab
762 1959 1003 2004 Jerusalem
1022 1961 1032 1985 ¹
1051 1974 1129 2019 per
1150 1974 1301 2004 omnes
1321 1968 1471 2018 gentes

71 2029 413 2083 commendavit,
433 2030 650 2087 sacrilegae
668 2030 943 2075 dissensionis
961 2028 1094 2074 altare
1111 2030 1314 2074 erexistis.
1337 2032 1472 2074 Porro

71 2100 104 2144 si
128 2100 458 2145 Maximianistae
475 2101 742 2161 jussionibus
761 2101 961 2162 judicum
979 2101 1182 2146 adversus
1202 2117 1246 2146 se
1264 2102 1471 2161 impetra-

71 2171 124 2215 tis
141 2169 290 2215 illicite
306 2180 350 2216 et
374 2170 535 2216 furiose
553 2173 747 2218 resistere
765 2173 1002 2229 auderent,
1028 2189 1176 2218 nonne
1196 2173 1278 2232 ipsi
1297 2172 1377 2217 sibi
1394 2173 1470 2232 ju-

72 2239 236 2285 dicium
259 2242 568 2302 acquirerent?
586 2242 760 2287 dicente
782 2243 1015 2303 Apostolo:
1041 2262 1060 2286 «
1080 2243 1166 2297 Qui
1180 2243 1296 2287 enim
1315 2243 1470 2287 resistit

74 2329 96 2354 »
120 2312 353 2372 potestati,
385 2314 462 2357 Dei
479 2312 743 2359 ordinationi
766 2314 944 2372 resistit·⁷
969 2315 1045 2374 qui
1069 2324 1215 2359 autem
1237 2314 1466 2368 resistunt,

75 2399 98 2423 »
123 2382 204 2441 ipsi
221 2383 302 2426 sibi
319 2382 535 2442 judicium
556 2385 803 2445 acquirunt.
827 2386 1045 2445 Principes
1064 2386 1178 2429 enim
1192 2401 1282 2429 non
1299 2393 1402 2429 sunt
1418 2385 1470 2429 ti-

76 2469 98 2493 »
122 2452 233 2497 moti
255 2453 373 2498 bono
395 2455 532 2514 operi,
557 2454 632 2499 sed
653 2454 810 2500 ma102.
835 2474 854 2497 »
881 2458 994 2501 Cum
1012 2471 1115 2514 ergo
1133 2471 1283 2500 eorum
1302 2454 1466 2500 malum

73 2537 183 2583 opus
199 2523 425 2579 existeret,
448 2525 570 2585 quod
586 2540 661 2570 vos
675 2541 752 2585 per
771 2525 989 2572 ordinatas
1011 2535 1244 2586 potestates
1261 2525 1466 2572 cohibere.

119 2609 131 2628 ¹
151 2609 228 2641 Luc.
248 2618 340 2648 xxiv,
359 2608 413 2652 47.
432 2627 473 2634 —
491 2616 503 2632 ²
524 2612 615 2643 Rom.
635 2621 710 2651 xm,
730 2618 761 2643 2.
