1825 3264
274 281 434 310 con-rm
466 283 729 310 cnssscomou
762 283 1051 325 nomn-isnin,
1087 287 1168 314 un.
1205 288 1236 314 1.
1362 274 1444 313 313

73 357 115 392 et
136 348 305 392 fervens
335 348 494 406 Spiritu
520 347 801 406 loquebatur,
829 357 871 391 et
899 348 1083 394 docebat
1108 351 1324 395 verissime
1348 366 1448 409 quae

67 420 190 478 juxta
214 421 378 473 Jesum,
404 419 539 462 sciens
556 416 694 462 solum
717 417 975 477 baptismum
998 421 1190 466 Joannis.
1218 421 1298 465 Hic
1320 421 1448 465 etiam

72 490 207 548 coepit
228 488 486 533 fiducialiter
504 503 628 548 agere
642 489 685 531 in
701 503 931 547 synagoga.
954 492 1091 543 Quem
1110 506 1209 535 cum
1229 491 1450 535 audissent

72 560 226 620 Aquila
249 569 291 604 et
315 559 522 614 Priscilla,
547 569 870 618 assumpserunt
886 575 1000 615 eum,
1017 570 1060 605 et
1078 562 1307 607 certiusilli
1322 578 1449 622 expo·

70 639 251 674 suerunt
269 630 379 673 viam
403 630 589 674 Domini.
614 628 798 673 Volente
820 638 964 673 autem
984 629 1058 675 illo
1079 631 1140 675 ire
1158 633 1202 675 in
1223 632 1446 687 Achaiam,

68 700 283 743 exhortati
310 698 462 744 fratres
478 699 738 759 scripserunt
761 698 980 758 discipulis
1001 709 1051 744 ut
1071 715 1169 744 eum
1191 701 1446 761 reciperent.

69 769 271 822 Quicum
295 770 524 824 venissent,
547 769 733 814 multum
757 769 945 814 contulit
971 770 1037 814 his
1068 771 1142 831 qui
1165 771 1224 815 ibi
1252 771 1449 816 credide-

67 850 170 885 runt
193 861 201 886 z
227 842 507 886 vehementer
525 842 640 886 enim
663 845 687 886 J
693 841 837 885 udaeos
855 842 1103 887 revincebat
1120 843 1296 902 publice
1313 852 1451 888 osten-

67 911 174 955 dens
191 926 268 970 per
293 912 530 971 Scripturas
563 927 652 956 esse
686 915 832 957 Jesum
862 912 1099 957 Christum.
1137 912 1252 966 Quid
1285 914 1340 956 de
1370 914 1451 958 isto

0 1030 1 1034 Ἰ
67 980 188 1035 dicis,
220 981 326 1041 quid
349 983 517 1025 sentis?
551 984 704 1026 Nonne
736 981 919 1025 fortasse
944 996 1044 1025 eum
1063 982 1384 1026 contentiosum
1409 991 1452 1027 et

67 1053 310 1096 animosum
344 1053 741 1113 concitatoremque
770 1052 959 1095 rixarum
989 1053 1347 1108 criminaremini,
1373 1054 1450 1097 nisi

66 1130 184 1165 tanta
207 1121 306 1165 libri
328 1131 472 1166 sancta
497 1123 753 1166 auctoritate
775 1122 1108 1181 premeremini?

123 1194 218 1235 XV.
247 1195 314 1236 An
332 1193 434 1252 quia
452 1193 630 1237 Judaeus
646 1194 690 1237 in
707 1193 927 1238 Christum
947 1192 1205 1248 crediderat,
1223 1201 1452 1253 propterea

65 1265 88 1306 J
94 1263 240 1306 udaeos
258 1262 503 1306 christianae
527 1263 625 1306 fidei
644 1263 902 1317 resistentes,
920 1272 962 1307 et
977 1265 1123 1307 Jesum
1144 1273 1349 1322 negantes
1363 1278 1452 1308 esse

65 1333 311 1386 Christum,
345 1332 526 1392 publice*
552 1333 771 1377 revincere
805 1331 993 1376 debebat
1019 1353 1031 1389 3
1065 1348 1143 1376 nos
1174 1343 1317 1377 autem
1351 1334 1453 1393 quia

65 1402 197 1462 partis
222 1403 376 1446 Donati
401 1418 629 1461 nunquam
647 1402 832 1457 fuimus,
854 1411 1082 1461 propterea
1104 1411 1269 1462 partem
1296 1403 1453 1447 Donati

64 1473 330 1517 resistentem
370 1473 615 1517 christianae
645 1474 798 1518 unitati
837 1473 1054 1517 revincere
1088 1488 1177 1517 non
1209 1473 1453 1518 debemus?

63 1542 287 1603 Numquid
320 1544 479 1588 Paulus
509 1545 728 1603 apostolus
765 1543 1001 1604 aliquando
1034 1543 1118 1588 fuit
1146 1545 1288 1589 cultor
1312 1544 1453 1590 idolo-

64 1629 177 1667 rum,
203 1623 277 1658 aut
300 1614 537 1673 aliquando
559 1613 642 1658 fuit
668 1615 712 1658 iu
735 1615 886 1658 haeresi
908 1615 1221 1674 Epicureorum
1248 1615 1314 1659 vel
1340 1616 1454 1660 Stoi-

63 1699 231 1738 corum,
253 1699 352 1728 cum
372 1685 533 1744 quibus
560 1693 705 1728 tamen
723 1700 822 1729 eum
853 1699 933 1728 nec
954 1684 1113 1743 puduit
1134 1700 1214 1729 nec
1237 1686 1377 1744 piguit
1398 1685 1453 1730 de

63 1756 301 1816 quaestione
324 1756 400 1799 Dei
418 1756 504 1800 vivi
527 1765 569 1800 et
590 1757 680 1800 veri
695 1757 856 1801 habere
873 1771 1115 1800 sermonem
1132 1758 1150 1798 ‘3
1165 1757 1324 1815 Accipe
1345 1756 1453 1816 quid

64 1824 118 1869 de
140 1826 221 1869 hac
243 1841 287 1869 re
308 1825 352 1868 in
371 1825 522 1870 eodem
546 1825 658 1870 libro
681 1827 888 1886 scriptum
908 1827 976 1870 sit.
1000 1826 1160 1870 Paulus
1181 1836 1324 1870 autem
1352 1842 1452 1871 cum

65 1894 161 1938 illos
183 1895 363 1939 Athenis
391 1905 660 1954 expectaret,
691 1896 942 1940 irritabatur
963 1896 1116 1956 spiritu
1143 1912 1222 1942 suo
1249 1897 1360 1941 intra
1384 1913 1449 1952 se,

64 1964 216 2009 videns
236 1966 345 2010 circa
371 1965 486 2009 idola
504 1980 593 2009 esse
615 1966 851 2010 civitatem.
873 1966 1128 2022 Disputabat
1144 1966 1277 2025 igitur
1291 1968 1454 2011 Judaeis

66 2035 109 2078 in
139 2050 382 2094 synagoga,
412 2044 455 2079 et
479 2036 701 2094 gentibus,
732 2045 774 2079 et
803 2034 1069 2090 colentibus,
1106 2045 1149 2079 et
1176 2036 1221 2079 in
1251 2036 1345 2080 foro
1377 2051 1454 2096 per

66 2119 239 2149 omnem
262 2105 377 2149 diem
398 2105 453 2149 ad
475 2120 546 2149 eos
568 2106 644 2165 qui
662 2105 856 2149 aderant.
883 2104 1070 2157 Quidam
1089 2120 1192 2149 vero
1215 2108 1455 2165 Epicureo-

66 2190 160 2218 rum
186 2185 229 2219 et
254 2178 499 2220 Stoicorum
524 2175 884 2235 philosophorum
910 2175 1194 2220 conferebant
1217 2192 1315 2220 cum
1345 2177 1419 2222 illo
1442 2197 1450 2222 :

65 2254 107 2289 et
128 2246 306 2305 quidam
328 2245 548 2300 dicebant,
585 2246 802 2300 Quidnam
834 2246 927 2289 vult
958 2247 1191 2291 seminator
1218 2251 1452 2292 verborum

66 2315 136 2358 hic
158 2315 332 2359 dicere?
349 2315 432 2359 Alii
451 2331 569 2370 vero,
593 2318 924 2375 Peregrinorum
946 2316 1261 2360 daemoniorum
1284 2317 1456 2361 videtur

67 2387 348 2430 annuntiator
364 2401 468 2429 esse.
491 2389 603 2430 Ecce
619 2386 838 2445 apostolus
861 2386 1021 2430 Paulus
1046 2388 1214 2430 Stoicos
1231 2396 1273 2430 et
1296 2388 1454 2447 Epicu-

68 2470 184 2507 reos,
210 2454 420 2507 diversas,
446 2471 534 2499 non
559 2455 699 2499 solnm
723 2456 778 2499 ab
802 2456 898 2510 illo,
928 2471 1078 2499 verum
1101 2457 1229 2500 etiam
1258 2457 1370 2501 inter
1391 2473 1450 2513 se,

69 2524 355 2585 adversasque
386 2526 568 2570 haereses
597 2541 743 2570 secum
767 2525 965 2571 conferre
992 2541 1080 2570 non
1129 2527 1318 2586 respuit,
1365 2543 1453 2573 non

121 2617 129 2631 ¹
151 2611 224 2642 Aet.
245 2621 333 2651 xvm,
351 2610 405 2650 αἱ.
422 2627 462 2633 -
481 2616 493 2632 ²
515 2611 548 2642 ld
585 2622 662 2650 xvn,
689 2614 737 2643 16.
