1825 3264
318 267 481 297 con-ru
515 265 717 296 LITTERAS
749 267 982 306 Peritum,
1020 271 1100 296 ιιι).
1137 271 1202 295 111.
1382 259 1462 296 183

78 334 239 381 Christi
261 342 485 392 susceptus
505 332 598 376 cst?
614 331 656 375 Si
674 340 817 375 autem
841 347 939 375 vere
958 334 1116 377 Christi
1136 343 1214 387 cst,
1232 334 1356 378 sicuti
1381 343 1458 382 est,

78 419 159 448 nec
191 405 250 447 eis
277 402 480 462 prodesse
509 411 674 461 posset,
699 402 775 462 qui
798 415 896 446 eum
922 417 1020 446 cum
1044 403 1204 447 scelere
1226 405 1465 450 schismatis

78 473 330 519 habuissent
357 493 368 532 3
397 471 506 532 quid
528 487 603 516 vos
626 472 814 532 potuisse
837 472 977 517 dicitis
1004 482 1206 533 praestare
1228 474 1328 531 illis,
1354 490 1464 536 quos

78 558 179 590 cum
208 543 364 588 eodem
397 544 613 603 baptismo
634 543 906 602 suscepistis,
939 544 1021 588 nisi
1058 553 1106 588 ut
1127 558 1205 603 per
1240 545 1465 590 vinculum

76 615 195 675 pacis
216 613 362 658 deleto
390 614 570 658 crimine
588 612 807 658 sceleratae
824 613 1064 669 divisionis,
1091 630 1179 658 non
1207 626 1467 673 cogerentur

76 686 213 730 sancti
235 684 393 729 lavacri
414 693 730 729 sacramentum
754 685 946 743 accipere
968 686 1090 745 quasi
1113 699 1201 729 non
1234 685 1462 741 haberent,

77 757 154 801 sed
169 756 282 800 sicut
302 765 394 800 erat
425 765 551 800 antea
584 755 873 815 perniciosum
895 792 906 812 ,
938 756 997 801 ita
1018 756 1102 801 illis
1129 757 1217 816 jam
1247 756 1355 800 utile
1378 771 1468 801 esse

77 827 287 886 inciperet
315 826 434 888 quod
457 827 699 872 haberent?
727 830 814 872 Aut
833 828 867 871 si
885 828 967 872 hoc
980 828 1095 872 eisin
1112 837 1252 872 vestra.
1275 843 1469 873 commu-

79 898 210 943 nione
237 899 478 958 praestitum
508 913 596 943 non
624 908 709 954 est,
738 900 840 959 quia
866 915 947 944 nec
975 899 1168 959 praestari
1191 900 1468 945 schismaticis

77 968 196 1028 apud
216 969 508 1013 schismaticos
529 978 673 1029 posset
699 990 710 1028 3
741 970 824 1014 hoc
862 979 1007 1014 tamen
1040 971 1164 1014 vobis
1185 971 1230 1014 in
1253 970 1465 1016 catholica

79 1039 389 1084 communione
429 1049 660 1098 praestatur
686 1076 696 1095 ,
735 1055 826 1084 non
864 1050 914 1084 ut
950 1041 1215 1100 baptismum
1253 1042 1469 1101 accipiatis

78 1112 202 1171 quasi
227 1110 337 1154 desit
352 1111 492 1165 vobis,
518 1111 593 1155 sed
615 1120 664 1155 ut
680 1112 772 1171 ipse
787 1127 918 1172 quem
942 1112 1165 1171 accepistis
1183 1113 1464 1171 prositvobis.
1532 1119 1533 1122 ’

75 1181 233 1225 Omnia
251 1181 414 1241 quippe
431 1191 696 1226 sacramenta
714 1182 889 1238 Christi,
910 1198 999 1226 non
1017 1182 1071 1226 ad
1089 1182 1291 1237 salutem,
1316 1183 1390 1227 sed
1412 1182 1466 1227 ad

71 1250 286 1311 judicium
302 1251 522 1296 hahentur
536 1251 628 1295 sine
638 1252 847 1296 charitate
859 1253 1037 1296 unitatis
1051 1252 1227 1297 Christi.
1248 1254 1332 1298 Sed
1346 1254 1464 1313 quia,

75 1336 167 1366 non
182 1326 282 1366 vera
297 1355 308 1376 ‚
339 1322 415 1366 sed
431 1330 570 1365 vestra
594 1323 810 1366 sententia
836 1331 927 1378 est,
962 1342 982 1364 «
1006 1338 1085 1381 per
1106 1324 1253 1367 nescio
1278 1339 1467 1382 quorum

76 1391 341 1451 baptismum
358 1392 620 1436 traditorum
635 1391 809 1451 periisse
825 1391 987 1437 Christi
1002 1393 1265 1451 baptismum
1285 1394 1340 1436 de
1363 1393 1467 1437 orbe

76 1477 290 1513 terrarum
323 1488 335 1526 3
361 1485 381 1509 »
406 1468 563 1512 merito
593 1482 683 1512 non
711 1467 913 1513 invenitis
946 1468 1052 1529 quid
1081 1468 1378 1528 respondeatis
1411 1470 1466 1513 de

75 1548 252 1600 recepto
275 1540 490 1599 baptismo
512 1539 945 1585 Maximianistarum.

133 1612 314 1654 XLVII.
358 1611 513 1655 Videte
550 1611 699 1670 itaque
730 1619 774 1654 et
808 1610 1133 1670 vigilantissime
1167 1619 1462 1665 mementote,

76 1680 446 1742 quemadmodum
471 1681 706 1725 Petilianus
718 1696 799 1726 nec
813 1681 867 1726 ad
886 1697 936 1726 ea
956 1682 1045 1741 ipsa
1063 1680 1351 1741 responderit,
1366 1697 1466 1741 quae

76 1752 158 1797 sibi
179 1752 239 1796 ita
260 1753 483 1812 proponit,
509 1751 628 1797 unde
650 1752 816 1812 aliquid
846 1752 967 1812 loqui
996 1751 1214 1797 videatur.
1238 1751 1354 1796 Illud
1388 1768 1468 1796 au-

77 1831 166 1868 tem
185 1823 287 1868 olim
309 1823 472 1867 dimisit
495 1824 673 1868 omnino
691 1859 701 1879 ,
728 1839 808 1868 nec
832 1823 958 1868 nobis
986 1824 1129 1868 dicere
1154 1822 1294 1868 voluit
1318 1857 1329 1878 ,
1363 1822 1466 1882 quia

77 1895 230 1955 utique
247 1911 335 1940 non
354 1896 496 1955 potuit
516 1930 526 1950 ,
552 1911 632 1940 nec
656 1910 795 1955 usque
812 1895 866 1939 ad
890 1896 1022 1939 finem
1046 1894 1279 1940 voluminis
1299 1894 1366 1937 sui
1387 1892 1466 1936 ali-

77 1965 256 2026 quando
279 1965 476 2010 dicturus
501 1974 589 2020 est,
625 1965 746 2025 quod
776 1981 828 2008 ex
861 1966 1011 2024 primis
1032 1964 1226 2024 partibus
1261 1962 1466 2022 Epistolae

78 2049 187 2080 meae
206 2070 216 2090 ,
250 2036 374 2096 quasi
395 2035 684 2080 refellendum
717 2036 1088 2080 commemoravit.
1116 2033 1288 2078 Additis
1303 2033 1466 2092 quippe

80 2106 208 2150 etiam
225 2105 397 2150 duobus
410 2106 567 2161 verbis,
586 2120 685 2166 quae
708 2119 777 2149 me
792 2105 1070 2159 subtraxisse,
1089 2104 1211 2164 quasi
1235 2103 1464 2148 fortissima

79 2190 155 2220 sua
178 2177 447 2221 munimenta
466 2177 676 2237 jactavit,
708 2176 990 2221 nihilominus
1018 2175 1276 2219 immunitus
1299 2175 1462 2234 jacens,

78 2261 168 2292 non
189 2247 414 2291 inveniens
435 2246 541 2308 quid
569 2247 850 2307 respondeat,
874 2261 974 2291 cum
1004 2246 1231 2307 quaeritur.
1265 2245 1307 2290 Si
1338 2259 1466 2289 cons-

79 2317 235 2362 cientia
256 2325 402 2362 sancte
428 2317 571 2362 dantis
599 2317 840 2362 attenditur
857 2353 868 2373 ,
893 2332 993 2378 quae
1022 2317 1171 2361 abluat
1194 2315 1464 2374 accipientis,

82 2389 201 2434 unde
231 2390 286 2434 sit
312 2390 404 2449 ejus
425 2387 644 2433 abluenda
666 2389 956 2444 conscientia,
982 2388 1058 2448 qui
1095 2387 1308 2447 pollutam
1342 2399 1469 2430 cons-

82 2460 286 2506 cientiam
311 2474 402 2504 non
424 2468 570 2504 sancte
590 2459 733 2504 dantis
754 2460 942 2519 ignorat,
971 2467 1014 2503 et
1030 2459 1064 2502 si
1087 2458 1162 2518 qui
1180 2457 1309 2502 fidem
1334 2456 1470 2501 sciens

84 2543 109 2575 a
143 2530 312 2590 perfido
342 2529 604 2590 sumpserit,
638 2543 729 2574 non
768 2529 900 2573 fidem
940 2527 1126 2588 percipit
1163 2527 1240 2572 sed
1274 2535 1474 2581 reatum,

87 2600 206 2646 unde
222 2601 353 2648 fidem
377 2609 637 2660 accepturus
659 2601 729 2657 sit,
745 2614 836 2646 non
859 2609 1046 2656 reatum,
1066 2599 1142 2659 qui
1154 2599 1347 2644 nesciens
1368 2597 1478 2656 bap·
