1825 3264
318 278 480 308 con-riu
512 277 714 308 LerssaAs
746 278 982 318 emaum,
1018 282 1100 308 Lm.
1134 282 1182 308 ιι.
1395 268 1450 306 25

67 363 90 391 a
114 346 298 391 Domino
318 365 327 391 z
345 349 438 405 Ego
460 354 605 390 autem
626 345 725 390 dico
743 345 864 390 vobis
880 361 966 389 non
989 347 1182 390 resistere
1200 345 1314 390 malo
1341 364 1350 390 ε
1374 360 1453 388 cur

67 431 157 460 non
183 416 314 460 etiam
346 417 427 460 hoc
460 415 550 459 fieri
576 423 740 474 potest,
768 424 816 458 ut
837 430 914 473 per
938 414 1154 458 ordinatas
1177 425 1219 459 et
1242 415 1453 473 legitimas

69 495 302 546 potestates
329 485 383 529 de
408 484 583 529 sedibus
602 501 701 544 quae
715 484 864 528 illicite
878 494 1161 543 usurpantur,
1181 485 1249 528 vel
1273 484 1327 528 ad
1344 486 1454 544 inju-

67 556 171 600 riam
192 556 268 599 Dei
288 556 547 609 retinentur,
568 557 663 614 pius
684 554 868 613 expellat
889 554 1090 614 impium,
1111 555 1306 613 etjustus
1321 554 1457 614 injus-

68 627 192 671 tum?
214 628 364 685 Neque
387 626 501 669 enim
522 640 572 668 eo
589 624 719 669 modo
736 625 1078 683 persecutionem
1093 624 1204 683 passi
1220 633 1321 667 sunt
1335 639 1459 681 pseu-

69 695 379 754 do-prophetae
395 696 448 738 ab
468 695 577 749 Elia,
597 694 924 754 quomodoipse
939 693 1053 738 Elias
1076 710 1098 738 a
1121 709 1221 753 rege
1244 694 1458 752 nequissi-

69 781 141 810 mo
164 767 193 809 ¹.
220 768 308 809 Aut
343 765 443 824 quia
473 764 715 824 flagellatus
745 773 809 809 est
831 765 1075 808 Dominusa
1092 764 1456 823 persecutoribus,

70 844 296 896 propterea
319 835 588 894 passionibus
611 836 702 894 ejus
729 834 1009 893 comparandi
1039 844 1142 878 sunt
1163 849 1274 894 quos
1294 835 1383 892 ipse
1405 834 1460 877 de

71 905 234 965 templo
249 904 488 963 flagellatos
506 905 646 964 ejecit.
670 908 821 949 Restat
846 920 950 963 ergo
976 913 1024 948 ut
1046 903 1156 948 nihil
1178 903 1296 947 aliud
1316 903 1461 962 requi-

71 975 256 1020 rendum
280 990 369 1019 esse
386 975 635 1030 fateamini,
654 975 735 1020 nisi
754 984 899 1019 utrum
908 976 1026 1034 juste
1040 989 1096 1019 an
1113 974 1245 1033 impie
1258 989 1332 1018 vos
1344 989 1461 1032 sepa-

70 1048 261 1091 raveritis
284 1062 306 1090 a
330 1046 637 1090 communione
665 1046 781 1090 orbis
816 1055 1045 1089 terrarum.
1076 1047 1184 1090 Nam
1216 1045 1250 1088 si
1279 1045 1363 1088 hoc
1390 1045 1460 1088 in-

53 1125 251 1174 ‚ventum
274 1115 405 1160 fuerit
433 1114 554 1175 quod
583 1116 713 1174 impie
734 1114 942 1168 feceritis,
972 1131 1060 1159 non
1083 1114 1297 1158 miremini
1315 1114 1348 1157 si
1372 1129 1462 1157 non

73 1187 233 1231 desunt
255 1186 438 1230 ministri
465 1189 551 1229 Deo
578 1200 653 1243 per
675 1201 784 1245 quos
808 1185 1087 1243 flagellemini
1107 1203 1115 1228 :
1135 1184 1236 1243 quia
1262 1199 1462 1242 persecu-

74 1257 234 1301 tionem
257 1255 478 1314 patimini,
498 1270 586 1299 non
606 1270 628 1298 a
648 1254 794 1308 nobis,
820 1255 893 1297 sed
921 1255 1033 1298 sicut
1059 1254 1268 1312 scriptum
1291 1262 1379 1307 est,
1407 1253 1461 1296 ab

71 1327 172 1386 ipsis
195 1325 317 1370 factis
337 1325 490 1369 vestris
509 1328 541 1366 ².

132 1398 286 1440 XLIV.
317 1398 577 1439 pamm-os
600 1393 706 1445 dixit
732 1412 740 1437 ι
774 1411 794 1434 «
814 1391 985 1437 Clamat
1005 1407 1150 1435 rursus
1170 1391 1225 1434 de
1242 1390 1357 1435 coelo
1375 1394 1464 1434 Do-

72 1465 216 1510 minus
258 1465 455 1510 Christus
495 1464 550 1507 ad
590 1462 772 1507 Paulum
803 1482 811 1507 :
846 1481 865 1503 «
894 1461 1051 1516 Saule,
1085 1460 1240 1516 Saule,
1264 1459 1373 1519 quid
1396 1475 1466 1503 me

78 1554 97 1577 »
122 1536 407 1595 persequeris.
452 1538 618 1579 Durum
663 1542 725 1576 est
775 1532 852 1575 tibi
895 1540 1046 1576 contra
1078 1529 1301 1574 stimulum
1337 1528 1466 1573 calci-

79 1626 96 1647 »
126 1607 280 1650 trare³.
310 1626 327 1646 »
358 1605 512 1650 Saulus
528 1614 634 1648 tunc
662 1603 804 1647 dictus
828 1612 906 1656 est,
925 1611 974 1646 ut
1002 1602 1040 1645 ei
1063 1601 1340 1660 postmodum
1360 1601 1466 1658 bap-

75 1676 198 1720 tisma
227 1684 510 1734 componeret
542 1689 718 1718 nomen.
766 1673 900 1716 Vobis
940 1687 1043 1730 ergo
1078 1687 1165 1715 non
1203 1670 1363 1714 durum
1404 1679 1468 1713 est

75 1746 295 1790 Christum
317 1746 441 1789 toties
461 1745 661 1804 persequi
678 1743 721 1786 in
737 1743 1032 1786 sacerdotibus
1046 1742 1148 1794 suis,
1168 1740 1352 1783 Domino
1374 1739 1467 1798 ipso

75 1815 290 1860 clamante
319 1834 329 1860 :
360 1834 379 1855 «
402 1817 466 1859 Ne
500 1813 724 1872 tetigeritis
749 1812 944 1857 Christos
965 1811 1124 1855 meos⁴.
1146 1829 1164 1850 n
1211 1812 1466 1854 Sanctorum

77 1894 328 1944 computate
350 1893 416 1928 tot
437 1884 610 1936 funera,
631 1894 674 1926 et
690 1883 884 1926 vivacem
904 1882 1126 1926 Christum
1146 1880 1270 1924 toties
1293 1879 1470 1923 occidis·

79 1955 144 1998 tis.
174 1958 396 1999 Postremo
411 1954 445 1997 si
462 1953 690 2011 sacrilegus
717 1967 803 1996 non
826 1951 882 1995 sis
899 1986 910 2006 ‚
934 1960 1107 1995 sanctus
1123 1965 1213 1993 esse
1235 1964 1322 1992 non
1347 1957 1469 2007 potes

78 2025 310 2070 homicida.
1479 2071 1486 2074 ἡ

140 2096 274 2138 XLV.
310 2097 586 2137 Aecum-mus
622 2089 845 2150 respondit
873 2109 881 2133 :
909 2089 1137 2133 Defendite
1177 2103 1252 2131 vos
1299 2087 1411 2145 ipsos
1448 2101 1471 2129 a

81 2164 398 2224 perseeutione,
420 2177 550 2222 quarn
567 2162 676 2220 passi
691 2170 792 2204 sunt
806 2176 828 2202 a
843 2159 991 2203 vestris
1005 2159 1194 2217 quicum
1210 2157 1471 2202 Maximiano

80 2250 124 2279 se
161 2250 184 2278 a
226 2234 346 2278 vobis
384 2241 715 2292 separaverunt,
750 2240 792 2274 ct
821 2230 909 2274 illic
928 2229 1153 2273 invenietis
1175 2228 1471 2271 defensionem

82 2314 288 2349 nostram.
313 2305 355 2348 Si
378 2304 491 2346 enim
515 2301 655 2346 dicitis
679 2317 765 2345 non
784 2316 859 2344 vos
883 2299 1057 2344 fecisse:
1083 2301 1210 2343 Gesta
1232 2312 1471 2356 proconsu-

82 2374 184 2420 laria
216 2384 258 2418 et
282 2373 554 2429 municipalia
573 2373 820 2416 recitamus.
853 2370 896 2415 Si
919 2370 1058 2413 dicitis
1082 2378 1197 2412 recte
1214 2383 1289 2411 vos
1304 2367 1386 2409 illis
1411 2366 1472 2409 fe-

84 2447 206 2499 cisse,
243 2460 321 2488 cur
356 2444 434 2503 ipsi
470 2443 566 2486 talia
600 2442 687 2501 pati
727 2457 813 2485 non
851 2440 1005 2484 vultis?
1041 2440 1081 2483 Si
1105 2438 1262 2490 dicitis,
1290 2436 1374 2481 Sed
1395 2451 1473 2481 nos

85 2516 266 2560 schisma
290 2529 379 2558 non
402 2513 581 2557 fecimus
608 2532 615 2556 :
640 2513 722 2556 hoc
747 2525 847 2568 ergo
879 2518 1116 2569 quaeratur,
1162 2517 1204 2551 et
1239 2516 1472 2566 antequam

130 2602 140 2622 ¹
158 2600 174 2629 3
191 2602 254 2639 aeg
287 2597 524 2638 xv111,40.—²
541 2599 614 2638 Sap.
633 2607 679 2632 χι,
696 2604 749 2627 21.
766 2610 806 2616 —
823 2592 835 2615 3
850 2595 925 2624 Act.
943 2603 985 2629 ix,
1001 2591 1083 2633 4.-
1097 2590 1112 2619 4
1129 2588 1402 2629 Psa1.cmv,15.
