1825 3264
266 277 427 304 corvum
460 277 660 304 Lim-Terias
694 278 925 316 PE‘rimAnr,
961 281 1043 307 Lm.
1081 283 1126 308 ιι.
1308 271 1385 307 431

13 343 136 398 bant,
159 350 202 386 et
222 341 356 386 lectos
372 350 415 385 et
436 341 590 386 calices
611 350 654 385 et
677 341 942 401 paropsides,
967 345 1078 388 sicut
1095 346 1139 388 in
1158 346 1394 404 Evangelio

12 411 213 472 legitur¹.
235 411 466 465 Quomodo
488 425 590 470 ergo
610 411 753 471 potuit
774 412 981 456 Jeremias
1005 423 1212 474 tanquam
1231 416 1394 475 baptis-

13 496 133 527 mum
172 482 420 526 desiderans
434 516 445 537 ,
479 491 522 526 et
549 482 603 526 ab
638 481 780 542 impiis
811 482 1020 540 baptizari
1058 483 1253 530 devitans
1269 521 1280 541 ,
1314 487 1394 532 ista

12 551 190 598 dixisse?
202 555 294 598 Hoc
316 568 419 612 ergo
437 552 670 609 dixit,cum
690 552 745 596 de
760 551 925 612 populo
938 551 1101 598 infideli
1122 567 1396 614 quereretur,

13 623 136 685 cujus
163 625 357 684 pessimis
379 624 572 670 moribus
595 622 910 681 tribulabatur,
933 639 1023 669 non
1052 640 1096 670 se
1116 628 1400 674 commiscens

13 694 137 740 factis
157 709 306 739 eorum
325 713 334 740 z
350 695 425 756 qui
445 703 593 740 tamen
611 693 893 754 corporaliter
907 711 996 740 non
1009 711 1053 740 se
1068 697 1123 741 ab
1139 697 1216 742 illo
1233 698 1399 757 populo

14 765 267 826 segregavit,
288 780 368 810 nec
391 765 472 810 alia
487 775 755 810 sacramenta
772 766 986 826 quaesivit,
1012 782 1145 827 quam
1168 767 1240 813 ille
1262 784 1395 829 popu-

14 835 83 882 lus
105 836 346 881 secundum
364 837 489 895 Legis
510 834 708 881 ordinem
738 835 802 880 illi
831 837 1017 897 tempori
1038 853 1231 898 congrua
1254 854 1400 884 sume-

16 905 104 952 dat.
123 910 251 952 Hunc
272 922 376 966 ergo
391 906 605 966 populum
622 906 734 951 male
748 907 966 952 viventem
989 908 1097 954 dixit
1118 908 1308 969 plagam,
1320 925 1407 970 qua

41 991 90 1023 οι·
104 977 210 1037 justi
231 978 415 1036 graviter
437 977 714 1033 caedebatur,
740 977 827 1022 sive
849 979 933 1023 hoc
955 979 1011 1023 de
1035 994 1079 1023 se
1102 981 1195 1040 ipso
1217 980 1404 1036 diceret,

35 1047 103 1092 ive
128 1049 174 1092 in
198 1063 241 1092 se
270 1049 363 1108 ipso
385 1048 590 1108 figuraret
615 1063 714 1108 quae
749 1046 898 1093 futura
931 1051 1153 1095 cernebat.
1189 1052 1258 1096 Sic
1290 1053 1405 1096 enim

43 1119 76 1163 it
94 1133 104 1160 t
126 1137 145 1160 κ
163 1118 360 1174 Domine,
379 1134 545 1164 memor
566 1128 657 1164 esto
680 1120 780 1175 mei,
800 1128 844 1163 et
865 1120 991 1165 visita
1021 1136 1108 1177 me,
1130 1131 1172 1166 et
1193 1122 1407 1167 innocen-

20 1207 43 1232 »
78 1199 166 1234 tem
186 1204 256 1234 me
269 1189 338 1234 fac
360 1190 415 1234 ab
440 1190 752 1235 insectantibus
773 1205 842 1234 me
859 1205 950 1235 non
968 1192 1013 1234 in
1046 1191 1374 1250 longanimitate
1396 1212 1404 1238 :

22 1278 44 1303 n
78 1262 184 1306 scito
206 1261 429 1321 quomodo
447 1261 685 1320 acceperim
707 1261 762 1305 de
781 1269 821 1304 te
836 1262 1150 1320 improperium
1169 1264 1223 1307 ab
1243 1264 1308 1307 his
1330 1264 1407 1324 qui

24 1351 42 1375 »
77 1341 290 1392 spernunt
302 1347 522 1376 sermones
537 1341 646 1376 tuos.
665 1333 929 1376 Consumma
940 1332 1037 1376 illos
1052 1351 1062 1377 2
1078 1342 1121 1376 et
1135 1335 1215 1377 erit
1227 1337 1412 1379 verbum

78 1411 206 1448 tuum
224 1402 330 1447 mihi
347 1403 393 1446 in
415 1417 459 1447 se
474 1400 798 1462 jucunditatem
819 1410 862 1446 et
887 1402 1095 1460 gaudium
1118 1403 1260 1448 cordis
1286 1406 1372 1449 mei
1399 1426 1409 1462 3

78 1476 285 1535 quoniam
302 1484 507 1519 vocatum
529 1483 593 1519 est
611 1488 771 1519 nomen
789 1482 916 1518 tuum
939 1475 983 1518 in
1007 1489 1092 1530 me,
1112 1477 1294 1520 Domine
1313 1492 1410 1521 om-

77 1547 292 1606 nipotens.
317 1548 414 1592 Non
441 1545 531 1590 sedi
554 1547 600 1588 in
621 1543 808 1590 concilio
830 1559 981 1588 eorum
1003 1544 1280 1591 laudantium
1296 1583 1307 1602 ,
1334 1547 1411 1592 sed

79 1617 288 1661 timebam
315 1632 337 1661 a
366 1616 477 1661 facie
507 1631 662 1659 manus
696 1624 785 1659 tuae
822 1634 832 1660 ;
866 1615 1139 1673 singulariter
1172 1618 1374 1662 sedebam
1396 1653 1406 1673 ,

78 1688 286 1748 quoniam
312 1685 604 1731 amaritudine
638 1685 832 1746 repletus
853 1701 965 1730 sum.
1006 1689 1063 1731 Ut
1095 1687 1203 1748 quid
1226 1689 1303 1749 qui
1340 1705 1410 1733 me

77 1759 364 1813 contristant,
401 1756 641 1818 praevalent
662 1757 708 1800 in
731 1772 801 1801 me
823 1759 840 1799 ⁴?
862 1757 996 1817 Plaga
1033 1774 1128 1804 mea
1151 1760 1293 1805 valida
1315 1771 1405 1815 est,

79 1830 198 1875 unde
219 1829 407 1875 sanabor
427 1831 445 1873 Ρ
467 1831 599 1873 Facta
622 1838 686 1873 est
715 1829 821 1872 mihi
847 1837 896 1872 ut
928 1844 1042 1889 aqua
1065 1832 1249 1875 mendax
1266 1867 1276 1887 ‚
1310 1848 1411 1892 quae

79 1916 169 1946 non
184 1901 319 1945 habet
340 1901 518 1944 fidem&
549 1919 568 1941 »
594 1901 646 1943 In
661 1899 725 1942 his
747 1898 950 1943 omnibus
974 1901 1146 1945 videtur
1172 1903 1280 1961 quid
1304 1906 1410 1948 Pro-

51 1971 152 2017 heta
164 1971 348 2031 intelligi
373 1971 574 2025 voluerit,
592 1969 667 2014 sed
690 1968 862 2013 videtur
877 1970 933 2014 ab
950 1970 1009 2014 eis
1023 1971 1099 2030 qui
1120 1987 1211 2016 non
1233 1973 1288 2016 ad
1302 1990 1408 2018 cau-

0 2077 2 2082 .
67 2056 110 2086 m
128 2057 248 2087 suam
273 2056 519 2102 perversam
542 2039 694 2084 volunt
717 2051 960 2099 pervertere
974 2040 1095 2099 quod
1117 2041 1287 2100 legunt.
1309 2044 1408 2088 Pla-

49 2128 118 2158 am
141 2114 259 2158 enim
280 2127 402 2158 suam
415 2112 524 2156 dixit
543 2111 750 2155 Jeremias
766 2110 924 2155 factam
948 2111 1029 2155 sibi
1043 2127 1201 2172 aquam
1225 2114 1407 2160 menda—

119 2219 130 2240 ,
154 2200 254 2246 quae
283 2199 371 2229 non
405 2183 537 2228 habet
566 2181 699 2226 fidem
729 2200 738 2226 :
770 2197 842 2226 eos
875 2191 1021 2226 autem
1056 2182 1194 2228 voluit
1222 2185 1408 2246 intelligi

94 2272 192 2317 gam
213 2272 351 2311 suam,
376 2256 452 2317 qui
466 2269 568 2300 eum
589 2253 906 2299 contristabant
928 2253 1041 2299 male
1056 2255 1259 2301 vivendo.
1286 2259 1408 2303 Unde

55 2328 63 2336 “
94 2328 126 2372 't
146 2337 190 2373 et
207 2326 441 2388 Apostolus
466 2346 474 2371 2
514 2345 533 2367 «
559 2325 683 2370 Foris
704 2340 880 2385 pugnae,
905 2325 1022 2369 intus
1052 2327 1224 2372 timores
1246 2330 1276 2371 ³.
1308 2348 1326 2369 »
1354 2332 1409 2373 Et

54 2412 178 2442 erum
198 2415 208 2443 :
233 2418 254 2440 «
279 2398 385 2452 Quis
405 2398 650 2442 infirmatur
670 2431 681 2451 ,
716 2406 759 2440 et
778 2412 859 2455 ego
878 2412 966 2440 non
989 2397 1219 2442 infirmor?
1246 2407 1288 2442 et
1310 2400 1407 2458 quis

78 2469 410 2524 scandalizatur,
430 2478 474 2513 et
491 2483 571 2527 ego
590 2482 680 2512 non
704 2483 805 2511 uror
828 2468 843 2492 ⁴
866 2469 884 2511 P
906 2486 926 2508 »
958 2470 1012 2512 Et
1029 2468 1128 2527 quia
1151 2467 1409 2528 desperabat

67 2578 79 2596 Ι
99 2572 220 2605 matth.
241 2582 342 2614 mn,
362 2571 417 2604 25.
438 2587 479 2594 —
494 2577 506 2593 ²
524 2572 644 2603 Jerem.
665 2580 706 2602 xv
721 2591 730 2608 ‚
754 2569 789 2600 ¹5
804 2569 868 2601 ·18.
893 2585 931 2592 -
951 2568 964 2592 ³
993 2572 1098 2602 1Cor.
1122 2582 1187 2613 vu,
1216 2571 1247 2605 5.
1267 2572 1339 2602 —4
1363 2573 1408 2606 ld.

56 2652 67 2672 ι
89 2637 145 2672 29·
1184 2682 1207 2712 Q
