1825 3264
283 283 445 310 com-M
479 283 741 311 CRESCONHM
777 283 1064 320 nom‘rrsTAM,
1101 285 1182 311 Lus.
1220 286 1285 312 111.
1392 272 1475 311 409

94 352 150 394 Et
179 349 262 393 alio
295 348 391 393 loco
422 369 430 394 :
463 353 747 410 Posteaquam
777 359 1035 408 perventum
1066 360 1129 394 est
1164 351 1207 394 in
1238 349 1474 394 bibliothe—

91 434 208 473 cam,
234 419 408 463 inventa
435 429 535 463 sunt
559 420 619 463 ibi
649 419 829 464 armaria
857 419 1021 473 inania,
1038 420 1096 463 ibi
1121 420 1301 479 protulit
1324 420 1477 477 Sylva-

90 505 172 534 nus
194 489 474 548 capitulatam
492 499 737 549 argenteam
763 498 806 533 et
827 489 1048 534 lucernam
1068 500 1334 550 argenteam,
1356 490 1477 551 quod

90 560 252 604 diceret
271 574 315 603 sc
335 569 429 618 post
447 575 588 604 arcam
604 560 815 604 invenisse
837 575 920 604 eas.
938 561 1084 605 Victor
1102 562 1264 605 Aufidii
1291 561 1479 619 Sylvano

92 629 216 686 dixit,
241 633 441 675 Mortuus
470 629 602 685 furas,
619 631 652 674 si
677 645 766 674 non
788 629 881 674 illas
902 630 1149 675 invenisses.
1177 631 1296 675 Felix
1319 632 1477 676 flamen

91 710 326 759 perpetuus
351 711 522 746 curator
547 701 736 758 Sylvano
765 700 895 745 dixit:
923 701 1098 760 Inquire
1125 701 1397 761 diligentius,
1423 717 1477 746 ne

91 771 198 831 quid
214 772 284 816 hic
297 772 563 816 remanserit.
584 770 797 828 Sylvanus
811 770 934 825 dixit,
955 771 1070 815 Nihil
1088 771 1158 815 hic
1177 773 1396 826 remansit,
1410 781 1477 816 to—

91 850 184 886 tum
199 842 282 887 hoc
300 842 520 902 ejecimus,
542 851 585 886 et
606 851 775 886 caetera.
799 841 952 886 Etalio
967 840 1078 886 loco.
1098 842 1477 902 Exemplarlibelli

91 912 237 956 traditi
261 913 473 972 episcopis
499 929 521 957 a
545 912 815 958 Nundinario
839 913 1040 956 diacono.
1072 914 1207 957 Testis
1243 922 1306 956 est
1329 913 1479 957 Chris—

89 991 158 1026 tus
180 991 224 1026 et
241 983 396 1042 Angeli
419 984 525 1042 ejus,
551 983 756 1042 quoniam
786 982 1067 1027 traditoribus
1091 984 1443 1027 communicastis
1465 1003 1476 1028 ι

88 1051 132 1095 id
153 1061 232 1106 est,
261 1051 474 1110 Sylvanus
498 1069 520 1096 a
543 1053 660 1098 Cirta
678 1051 861 1096 traditor
883 1061 961 1107 est,
986 1062 1028 1096 et
1049 1052 1119 1096 fur
1139 1068 1282 1096 rerum
1308 1069 1475 1112 paupe-

89 1138 204 1178 rum,
230 1123 349 1183 quod
363 1139 513 1168 omnes
534 1139 607 1168 vos
626 1124 830 1182 episcopi,
851 1133 893 1168 et
917 1123 1174 1183 presbyteri,
1197 1134 1239 1168 et
1257 1124 1475 1180 diacones,

89 1195 334 1240 etseniores
349 1195 464 1239 scitis
480 1216 491 1252 3
509 1194 618 1239 etde
631 1195 959 1259 quadringentis
982 1194 1162 1239 follibus
1186 1196 1364 1239 Lucillae
1386 1196 1479 1240 cla-

90 1265 265 1308 rissimae
280 1264 485 1320 foeminae,
500 1280 578 1324 pro
600 1280 689 1325 quo
712 1265 834 1309 vobis
857 1265 1138 1325 conjurastis,
1165 1265 1287 1310 fieret
1308 1266 1481 1325 Majori-

89 1351 170 1380 nus
189 1337 437 1395 episcopus,
467 1345 510 1380 et
534 1335 637 1380 inde
656 1335 818 1381 factum
838 1345 901 1381 est
919 1337 1117 1381 schisma.
1144 1339 1250 1381 Nam
1275 1347 1317 1380 et
1331 1338 1479 1381 Victor

90 1406 203 1452 fullo
226 1409 350 1451 vestri
372 1407 600 1466 praesentia
621 1417 664 1452 et
686 1407 834 1467 populi
855 1407 976 1451 dedit
1000 1407 1124 1452 folles
1141 1408 1310 1467 viginti,
1331 1417 1380 1452 ut
1395 1408 1479 1452 fac-

91 1487 159 1522 tus
177 1488 286 1523 esset
307 1478 552 1538 presbyter,
572 1478 692 1538 quod
706 1481 785 1523 scit
805 1478 1002 1523 Christus
1025 1488 1068 1522 et
1087 1478 1238 1536 Angeli
1261 1480 1368 1538 ejus,
1392 1488 1475 1523 etc.

91 1550 146 1592 Et
177 1547 260 1593 alio
287 1548 384 1594 loco
419 1568 427 1592 :
454 1549 620 1601 Quibus
645 1548 764 1592 lectis
791 1548 1053 1608 Zenophilus
1073 1548 1310 1593 consularis
1342 1547 1476 1603 dixit,

91 1621 146 1663 Et
175 1621 278 1664 actis
300 1630 342 1664 et
370 1620 524 1664 litteris
550 1636 649 1680 quae
673 1620 863 1664 recitatae.
886 1630 1003 1674 sunt,
1030 1620 1282 1664 traditorem
1311 1629 1482 1664 constat

90 1705 178 1733 esse
203 1690 456 1747 Sylvanum.
492 1694 600 1734 ltem
633 1690 718 1735 alio
759 1691 855 1735 loco
899 1711 906 1735 :
948 1690 1211 1750 Zenophilus
1243 1689 1481 1734 consularis

90 1758 197 1804 dixit
213 1795 224 1815 ,
251 1761 368 1814 Quid
390 1761 837 1805 administrabattunc
868 1761 1082 1819 Sylvanus
1104 1762 1148 1805 in
1170 1761 1314 1804 clero?
1331 1761 1482 1805 Victor

91 1830 329 1890 respondit,
358 1831 448 1876 Sub
472 1830 605 1876 Paulo
628 1833 830 1891 episeopo
852 1840 945 1876 orta
965 1832 1207 1890 persecutio
1225 1839 1303 1886 est,
1325 1840 1367 1874 et
1392 1830 1482 1888 Syl-

91 1917 229 1946 vanus
251 1901 547 1946 subdiaconus
575 1902 673 1946 fuit.
704 1921 723 1942 »

151 1975 357 2017 XXXIV.
386 1973 628 2027 Habes-ne,
648 1973 781 2017 frater
799 1974 1019 2026 Cresconi,
1039 1972 1092 2017 ad
1108 1973 1185 2017 ista
1201 1973 1320 2033 quod
1334 1972 1450 2016 dicas
1467 1974 1484 2016 P

94 2045 206 2086 Puto
225 2058 312 2087 non
332 2059 470 2103 usquc
499 2043 606 2088 adeo
625 2043 812 2088 frontem
834 2044 1004 2102 periisse
1033 2043 1087 2087 de
1108 2044 1237 2087 rebus
1261 2043 1479 2096 humanis,

94 2122 142 2157 ut
165 2115 219 2158 ad
242 2115 543 2174 purgationem
571 2114 745 2172 Sylvani
768 2114 912 2159 adhuc
943 2123 1068 2174 putes
1092 2114 1350 2158 sententiam
1376 2114 1486 2157 reci-

95 2183 272 2227 tandam
296 2200 426 2244 quam
450 2185 554 2228 dixit
580 2185 622 2228 in
651 2183 934 2229 Caecilianum
964 2194 1008 2228 et
1031 2183 1218 2242 collegas
1243 2185 1333 2242 ejus
1361 2184 1484 2243 quasi

95 2253 346 2313 traditores3
386 2271 440 2299 ne
482 2256 617 2314 magis
653 2271 730 2300 nos
767 2256 999 2300 admoneas
1034 2255 1178 2299 dicere
1216 2270 1265 2298 ex
1305 2254 1485 2313 epistola

95 2325 291 2384 Apostoli
324 2325 461 2370 simile
495 2325 660 2385 aliquid
682 2361 692 2379 ‚
733 2335 782 2369 ut
817 2325 946 2385 paulo
980 2335 1080 2370 ante
1119 2325 1482 2378 commemoravi,

99 2396 223 2448 «Qui
251 2396 458 2454 praedicas
491 2410 579 2439 non
611 2395 891 2450 tradendum,
919 2396 1063 2449 tradis,
1094 2397 1202 2438 etin
1233 2410 1321 2453 quo
1351 2395 1485 2438 alium

88 2466 258 2525 judicas
276 2501 286 2520 ,
313 2467 589 2525 temetipsum
623 2466 909 2520 condemnas,
947 2467 1095 2509 cadem
1120 2467 1234 2509 enim
1263 2466 1351 2524 agis
1386 2481 1485 2525 quae

90 2536 259 2596 judicas
287 2540 316 2579 ².
346 2536 427 2581 Sed
458 2545 622 2595 postea,
660 2537 829 2596 inquis,
863 2537 1036 2581 Ursacio
1059 2545 1102 2581 et
1125 2537 1363 2595 Zenophilo
1384 2551 1486 2596 per-

150 2627 156 2641 ¹
180 2623 269 2652 Rom.
289 2631 326 2660 n,
350 2631 376 2652 1.
