1825 3264
308 262 389 296 [iou
746 271 777 293 s.
817 267 1046 294 AtuusTmi
1080 266 1260 294 Eriseori

301 334 429 378 Afros
449 332 494 375 in
516 332 660 376 Africa
678 330 836 389 polluit
852 332 1137 375 Maximianus
1159 351 1170 388 3
1196 346 1250 375 ne
1269 330 1325 375 ad
1343 331 1479 390 ipsam
1496 329 1685 374 radicem

299 401 476 446 unitatis
494 401 600 445 rami
624 400 748 447 fracti
766 401 933 459 regredi
951 401 1274 460 permittantur,
1299 409 1365 445 tot
1381 400 1685 445 remotissimas

298 481 445 530 gentes
467 470 625 530 polluit
646 486 699 515 ex
721 470 867 516 Africa
888 470 1160 516 Caecilianus.

351 544 506 586 XLIV.
535 545 599 586 Ex
621 542 691 586 die
712 542 883 587 concilii
911 542 1155 601 Baga'1'ensis
1175 576 1186 597 ,
1211 542 1294 586 hoc
1316 550 1408 596 est,
1445 541 1501 586 ab
1531 550 1685 586 octavo

296 612 593 658 Kalendarum
615 613 739 669 Maii,
764 629 904 674 usque
920 612 976 658 ad
1009 613 1125 657 diem
1157 612 1271 657 datae
1300 611 1518 658 dilationis
1540 611 1655 657 illius
1670 647 1682 668 ,

293 684 377 729 hoc
411 693 491 738 est,
508 694 711 729 octavum
735 683 1032 729 Kalendarum
1054 685 1270 739 Januarii,
1297 693 1394 729 octo
1415 699 1583 728 menses
1606 699 1686 728 nu-

293 764 532 800 merantur.
547 759 600 800 Ιη
617 757 700 801 hoc
714 765 804 800 tam
823 756 956 815 longo
971 756 1176 815 temporis
1190 755 1433 809 intervallo,
1450 754 1511 798 illi
1525 755 1686 815 quibus

294 825 444 870 dilatio
469 826 569 871 data
601 837 698 883 est,
731 827 1064 872 maculabantur
1095 827 1298 871 societate
1327 826 1521 870 damnati
1544 825 1683 871 Maxi-

289 896 448 950 miani,
470 912 615 941 annon
634 897 967 941 maculabantur
989 899 1007 940 P
1027 897 1067 942 Si
1084 895 1436 950 maculabantur,
1458 897 1682 956 quomodo

288 964 450 1010 dicitur
475 986 485 1012 2
515 985 536 1009 «
559 970 644 1011 Eos
662 976 811 1011 autem
833 983 944 1027 quos
966 966 1163 1025 sacrilegi
1193 967 1353 1011 surculi
1379 982 1467 1011 non
1487 965 1684 1025 polluere

290 1035 501 1094 plantaria
520 1071 531 1090 ,
553 1036 608 1080 ad
636 1046 816 1080 matrem
839 1037 1074 1081 Ecclesiam
1098 1038 1238 1080 redire
1261 1037 1569 1096 permisimus?
1591 1054 1611 1077 »
1641 1037 1684 1081 Si

289 1119 379 1150 non
392 1106 742 1162 maculabantur,
755 1107 978 1167 quomodo
995 1123 1073 1152 nos
1091 1117 1223 1168 atque
1240 1122 1390 1152 omnes
1402 1123 1501 1168 quae
1518 1107 1684 1167 ubique

285 1186 387 1221 sunt
409 1178 662 1222 christianas
684 1187 834 1236 gentes
858 1179 1001 1237 potuit
1022 1179 1272 1237 ignotorum
1292 1214 1302 1233 ,
1328 1194 1416 1223 non
1440 1177 1584 1222 dicam
1608 1175 1682 1221 fal-

293 1263 457 1302 sorum,
478 1249 695 1292 maculare
718 1248 959 1294 alienorum
984 1251 1185 1308 contagio
1209 1250 1525 1308 peccatorum?
1551 1267 1570 1289 «
1599 1246 1684 1292 Sed

288 1317 402 1372 ideo,
429 1318 598 1377 inquit,
625 1318 775 1363 dilatio
797 1319 897 1364 data
919 1329 1007 1375 est,
1037 1335 1137 1380 quae
1159 1320 1193 1364 si
1213 1320 1463 1373 transisset,
1485 1317 1569 1362 illis
1591 1332 1683 1362 non

282 1387 571 1432 redeuntibus
586 1398 690 1433 tunc
712 1390 1052 1445 macularentur,
1067 1400 1110 1434 et
1126 1391 1171 1433 in
1191 1405 1369 1449 poenam
1384 1388 1681 1433 damnationis

276 1458 563 1503 incurrerent.
593 1478 612 1500 >›
647 1462 744 1505 Non
777 1475 879 1520 ergo
904 1476 976 1505 eos
1008 1470 1236 1520 peccatum
1272 1460 1389 1504 illius
1426 1458 1678 1513 societatiS,

278 1529 354 1572 sed
372 1529 458 1574 diei
479 1531 733 1576 constitutio
752 1531 999 1576 maculabat
1027 1551 1034 1576 :
1054 1533 1086 1576 si
1106 1547 1210 1591 ergo
1233 1532 1379 1575 nullus
1403 1530 1495 1575 dies
1520 1530 1681 1574 consti-

279 1609 490 1655 tueretur,
516 1602 785 1646 immaculati
809 1603 961 1662 utique
984 1612 1314 1662 permanerent.
1344 1602 1460 1655 Quid
1482 1601 1537 1645 de
1558 1601 1681 1646 vobis

278 1670 390 1713 male
427 1672 586 1714 meruit
609 1672 726 1716 orbis
748 1681 963 1717 terrarum
987 1675 1005 1717 Ρ
1026 1676 1116 1719 Cur
1139 1674 1255 1717 enim
1279 1672 1546 1717 maculatum
1577 1686 1679 1730 per-

277 1739 434 1783 hibetis
476 1742 660 1799 peccatis
695 1742 844 1786 alienis
870 1777 880 1796 ,
916 1744 987 1786 cui
1028 1743 1200 1787 nullum
1245 1753 1417 1801 tempus
1458 1741 1678 1786 dilationis

276 1811 558 1855 constituistis
584 1829 594 1860 3
629 1827 730 1856 cum
764 1822 883 1857 tanta
907 1814 961 1857 sit
988 1823 1128 1857 vestra
1151 1814 1348 1872 potentia
1369 1847 1380 1865 ,
1406 1823 1455 1857 ut
1479 1813 1677 1857 homines

278 1882 456 1940 quando
479 1882 656 1936 volunt,
679 1883 981 1941 peccatoribus
1003 1884 1240 1936 socientur,
1269 1892 1312 1927 et
1329 1881 1510 1942 quando
1525 1882 1676 1926 volue-

276 1951 366 1994 ritis
383 1985 394 2004 ,
421 1952 708 2011 inquinentur
730 1955 748 1996 P
772 1956 1034 1997 Innocentes
1057 1963 1099 1997 et
1123 1952 1343 2012 impolluti
1367 1962 1492 1998 erant
1513 1953 1675 2012 quibus

277 2022 323 2065 in
346 2032 465 2081 parte
489 2024 740 2068 Maximiani
771 2025 961 2068 dabatur
985 2024 1134 2069 dilatio
1154 2060 1164 2078 ,
1191 2025 1304 2069 intra
1342 2026 1466 2085 cujus
1503 2024 1619 2068 diem
1642 2025 1676 2068 si

281 2102 523 2137 remearent
547 2093 602 2137 ad
621 2109 697 2138 vos
715 2129 726 2148 ,
751 2095 966 2138 haberent
990 2095 1144 2152 integri
1170 2095 1346 2138 honoris
1369 2111 1417 2139 ac
1440 2093 1541 2138 fidei
1568 2093 1673 2138 fun-

281 2162 483 2207 damenta
501 2183 509 2206 :
525 2165 558 2207 si
576 2173 721 2208 autem
737 2163 810 2207 ille
827 2163 917 2208 dies
933 2165 992 2208 eis
1008 2180 1098 2209 non
1112 2165 1400 2209 redeuntibus
1412 2166 1669 2223 praeteriret,

283 2241 388 2277 tunc
407 2234 580 2292 polluti,
608 2244 713 2279 tunc
726 2233 939 2289 scelerati,
957 2244 1061 2279 tunc
1085 2234 1244 2294 perditi
1266 2235 1527 2294 supplicium
1544 2233 1671 2279 dam-

280 2303 467 2348 nationis
485 2305 770 2359 incurrerent,
784 2314 888 2349 tunc
907 2306 1242 2349 humiliarentur
1257 2321 1332 2365 per
1346 2306 1666 2365 poenitentiam.

284 2374 546 2432 Degradatio
583 2375 689 2418 mira
719 2375 1047 2432 praedicentium
1081 2376 1308 2420 hominum
1330 2411 1340 2430 ,
1373 2391 1461 2421 non
1495 2378 1586 2436 jam
1622 2385 1672 2420 ut

285 2452 408 2486 vetus
427 2445 704 2502 proverbium
717 2444 855 2488 fertur
872 2465 880 2489 :
897 2445 1024 2498 Quod
1048 2444 1249 2490 volumus
1271 2455 1469 2490 sanctum
1485 2455 1571 2502 est,
1594 2445 1668 2489 sed

288 2513 414 2556 etiam
434 2548 443 2567 ,
469 2514 646 2573 quando
668 2514 892 2569 volumus,
919 2525 962 2559 et
980 2515 1176 2575 quandiu
1195 2515 1408 2560 volumus.
1431 2516 1668 2574 Contingat

291 2580 416 2623 alicui
439 2592 629 2626 vestrum
653 2584 695 2627 in
721 2585 819 2628 navi
843 2600 964 2629 orare
986 2585 1229 2636 uobiscum,
1245 2586 1333 2644 jam
1352 2585 1558 2644 pollutus,
1575 2585 1664 2644 jam

1817 2612 1825 2641 e)
1818 2542 1825 2568 rs
1820 2470 1825 2498 ...-
1821 2385 1825 2427 ῌ.
1823 2330 1825 2353 ᾼ,
