1825 3264
291 287 453 317 comma
485 290 747 319 cassscomtn
777 291 1063 331 nonnisi-AM,
1098 293 1181 320 mn.
1219 294 1278 321 iv.
1397 279 1480 320 495

97 354 215 400 diem
234 354 454 401 dilationis
471 358 689 403 confiteris
710 357 914 402 Ecclesiae
936 360 1156 404 restitutos
1179 361 1196 403 Ρ
1220 358 1262 405 Si
1284 359 1482 404 homines

98 440 248 471 sumus
263 461 275 482 ‚
297 426 331 471 si
353 426 719 490 qualemcumque
738 429 952 474 rationem
975 465 986 485 ,
1020 431 1054 475 si
1078 445 1248 475 sensum
1270 430 1484 475 habemus

98 496 358 554 humanum,
389 499 424 543 si
453 514 543 544 non
576 514 731 559 pecora
760 500 1005 560 pecoribus,
1036 502 1069 546 si
1093 517 1182 546 non
1207 499 1324 560 ligna
1353 509 1396 545 et
1417 501 1484 546 la-

98 567 221 626 pides
238 568 364 628 lignis
383 578 426 614 et
443 569 660 629 lapidibus
681 570 903 631 loquimur
919 607 929 627 ,
953 587 1041 616 non
1063 572 1168 615 meis
1191 580 1360 616 tantum
1378 607 1388 626 ‚
1409 570 1486 616 sed

98 638 228 682 etiam
249 639 350 700 ipsis
378 642 462 685 tuis
487 641 627 685 verbis
650 641 833 698 eminet,
860 651 1059 702 apparet,
1081 641 1224 686 elucet
1240 677 1250 694 ‚
1275 641 1319 685 in
1346 641 1485 686 Maxi-

98 709 231 754 miani
252 711 458 772 sacrilego
480 712 707 757 schismate
722 712 985 772 baptismum
1007 712 1158 756 datum
1181 721 1345 757 vestros
1362 726 1487 757 ausos

99 794 190 825 non
202 779 332 826 fuisse
349 782 607 836 rescindere,
625 786 698 842 qui
723 783 921 827 homines
943 783 1181 843 baptizatos
1203 783 1248 826 in
1267 782 1484 838 Ecclesiis,

98 865 206 910 quas
226 853 272 895 in
294 854 428 911 gratia
451 852 624 897 Domini
647 854 822 913 proprio
839 853 989 899 labore
1004 854 1201 913 Apostoli
1223 869 1489 913 propagave-

98 932 217 978 runt,
234 940 323 969 non
341 925 547 969 dubitant
566 925 832 970 Christianos
850 941 1030 984 negare,
1057 925 1303 979 exsufflare,
1330 925 1489 984 rebap-

98 994 243 1038 tizare.
272 998 337 1040 Tu
360 995 466 1040 dicis
486 1031 496 1051 ,
523 1005 572 1040 tu
594 996 743 1040 scribis
765 1031 776 1051 ,
801 991 909 1040 ecce⁴
924 1004 966 1039 te
996 997 1137 1055 ipsum
1167 993 1270 1038 audi
1287 1029 1297 1049 ,
1323 994 1418 1052 lege
1449 1002 1490 1038 te

97 1064 256 1124 ipsum.
289 1069 404 1121 uTU,
429 1067 610 1126 inquam
630 1101 640 1121 ,
658 1066 788 1120 dicis,
815 1075 864 1110 tu
886 1065 1034 1110 scribis
1054 1101 1065 1120 ,
1090 1066 1134 1108 in
1155 1080 1227 1109 eos
1249 1079 1399 1109 omnes
1415 1064 1491 1125 qui

97 1134 144 1178 in
171 1135 421 1179 Maximiani
449 1136 678 1180 schismate
701 1136 1014 1195 perstitissent,
1041 1144 1266 1179 contracto
1289 1150 1312 1178 a
1340 1135 1490 1178 vestris

97 1206 282 1252 concilio
299 1207 514 1267 prolatam
548 1222 637 1251 esse
658 1207 933 1252 sententiam.
973 1209 1038 1251 Tu
1068 1206 1174 1251 dicis
1193 1241 1203 1261 ,
1237 1215 1283 1250 tu
1315 1205 1487 1262 scribis,

96 1277 178 1322 hac
210 1280 422 1323 sententia
463 1294 677 1324 consensu
717 1279 912 1323 omnium
953 1278 1209 1323 confirmata
1228 1313 1238 1332 ,
1278 1277 1490 1337 placuisse

98 1357 245 1393 tamen
266 1348 519 1394 dilationem
544 1350 750 1409 temporis
767 1350 875 1404 dari,
896 1351 1009 1394 intra
1030 1347 1151 1408 quod
1172 1349 1206 1392 si
1223 1350 1319 1408 quis
1334 1348 1492 1407 corrigi

94 1419 318 1475 voluisset,
346 1421 554 1465 innocens
573 1422 824 1465 haberetur.
846 1439 866 1463 »
887 1423 953 1465 Tu
974 1420 1096 1474 dicis,
1118 1430 1167 1464 tu
1189 1420 1355 1474 scribis,
1370 1434 1493 1464 «non

97 1488 237 1535 solum
253 1491 362 1536 duos
385 1491 488 1535 inde
510 1507 620 1551 quos
645 1507 862 1546 memoro,
881 1491 957 1536 sed
976 1491 1137 1535 multos
1160 1490 1264 1535 alios
1286 1499 1492 1549 purgatos

97 1550 229 1621 atque
251 1563 504 1607 innocentes
523 1577 566 1606 se
583 1572 737 1607 vestrae
758 1562 965 1606 Ecclesiae
988 1560 1240 1605 reddidisse.
1267 1563 1333 1604 Tu
1356 1560 1462 1605 dicis
1477 1595 1488 1615 ,

96 1638 147 1675 tu
169 1632 317 1676 scribis
334 1667 344 1687 ,
371 1632 470 1678 ideo
493 1648 643 1677 eorum
680 1633 893 1692 baptisma
929 1647 1018 1676 non
1041 1631 1241 1675 debuisse
1271 1629 1456 1675 rescindi
1477 1664 1488 1684 ,

96 1702 201 1760 quia
227 1703 340 1747 intra
361 1702 477 1747 diem
507 1703 800 1763 praestitutum
825 1702 1040 1756 restituti,
1069 1701 1360 1760 peremptoria
1392 1714 1492 1744 sen-

99 1773 231 1816 tentia
246 1789 335 1818 non
351 1782 621 1818 tenerentur.
650 1792 670 1815 n

153 1845 406 1888 XXXVIII.
452 1844 569 1897 Quid
605 1852 777 1888 tantum
809 1841 1018 1902 praevalet
1047 1841 1223 1899 ingenio
1256 1849 1346 1884 tam
1370 1839 1490 1884 bono

98 1928 227 1958 causa
248 1923 338 1959 tam
364 1914 478 1958 mala
498 1949 509 1968 ,
542 1915 676 1958 horno
698 1912 875 1957 cordate
897 1947 907 1967 ,
934 1912 1067 1956 horno
1093 1910 1284 1955 litterate
1308 1912 1325 1952 ⁶?
1349 1911 1424 1955 Isti
1446 1910 1492 1954 in

99 1999 208 2043 quos
232 1995 461 2044 propterea
487 1994 551 2029 est
572 1983 645 2028 illa
668 1983 837 2043 prolata
868 1982 1083 2026 sententia
1104 2017 1114 2036 ‚
1141 1982 1242 2042 quia
1264 1982 1375 2026 sicut
1398 1981 1491 2040 ipse

98 2055 221 2110 dicis,
234 2055 280 2099 in
293 2056 542 2100 Maximiani
560 2055 789 2100 schismate
802 2054 1108 2113 persistebant,
1129 2062 1363 2112 antequam
1380 2052 1493 2096 sicut

98 2125 204 2171 dicis
220 2125 655 2181 restituerentur-,ubi
669 2134 808 2179 erant,
829 2125 889 2167 ibi
903 2132 1169 2168 sacramenta
1189 2122 1488 2177 celebrabant,

99 2196 161 2240 ibi
193 2197 486 2257 baptizabant.
512 2199 569 2241 Et
593 2206 640 2241 ut
666 2196 808 2240 verbis
837 2193 921 2239 illis
953 2194 1133 2254 plenarii
1157 2193 1328 2238 concilii
1358 2193 1492 2252 magis

99 2276 199 2312 utar
223 2288 233 2313 :
263 2288 280 2309 «ι
315 2270 384 2313 lbi
405 2268 568 2327 viperei
601 2267 776 2312 seminis
814 2266 963 2310 noxios
1001 2275 1146 2325 partus
1181 2265 1306 2309 tardo
1349 2263 1492 2309 calore

100 2340 396 2399 vaporabant,
435 2340 495 2384 ibi
535 2339 698 2398 publici
734 2338 935 2382 facinoris
971 2347 1012 2380 et
1051 2335 1267 2395 parricidii
1301 2335 1366 2379 sui
1387 2334 1494 2380 foeta

102 2411 313 2456 scelerum
349 2419 447 2455 vota
483 2409 720 2469 gignebant
748 2429 755 2454 ;
787 2409 846 2452 ibi
879 2408 1178 2467 parturiebant
1210 2407 1490 2466 injustitiam,

103 2481 408 2541 concipiebant
431 2481 623 2525 laborem
641 2516 651 2534 ,
678 2490 721 2524 et
740 2480 967 2538 pariebant
984 2478 1258 2538 iniquitatem
1289 2497 1297 2522 z
1323 2477 1383 2522 ibi
1401 2479 1493 2538 jam

103 2567 194 2597 non
203 2550 383 2596 confusa
398 2551 630 2595 criminum
645 2548 782 2607 sylva,
794 2548 970 2594 nomina
987 2563 1135 2592 eorum
1152 2548 1495 2606 designabantur

106 2621 162 2668 ad
199 2635 376 2682 poenam
403 2639 411 2666 2
442 2621 504 2666 ibi
538 2621 596 2665 eis
626 2618 911 2679 indulgentiae
949 2618 1066 2663 funis
1107 2618 1213 2662 dum
1251 2617 1493 2663 clementiae
