<?xml version="1.0" encoding="UTF-8"?>
<!DOCTYPE html PUBLIC "-//W3C//DTD XHTML 1.0 Transitional//EN"
    "http://www.w3.org/TR/xhtml1/DTD/xhtml1-transitional.dtd">
<html xmlns="http://www.w3.org/1999/xhtml" xml:lang="en" lang="en">
 <head>
  <title>
</title>
<meta http-equiv="Content-Type" content="text/html;charset=utf-8" />
  <meta name='ocr-system' content='tesseract 3.04.00' />
  <meta name='ocr-capabilities' content='ocr_page ocr_carea ocr_par ocr_line ocrx_word'/>
</head>
<body>
  <div class='ocr_page' id='page_1' title='image "./operaomniaaccura32auguuoft_0067.png"; bbox 0 0 1825 3264; ppageno 0'>
   <div class='ocr_carea' id='block_1_1' title="bbox 0 0 34 3264">
    <p class='ocr_par' dir='ltr' id='par_1_1' title="bbox 0 0 34 3264">
     <span class='ocr_line' id='line_1_1' title="bbox 0 0 34 3264; baseline 0 0"><span class='ocrx_word' id='word_1_1' title='bbox 0 0 34 3264; x_wconf 95' lang='lat' dir='ltr'> </span> 
     </span>
    </p>
   </div>
   <div class='ocr_carea' id='block_1_2' title="bbox 347 266 1472 313">
    <p class='ocr_par' dir='ltr' id='par_1_2' title="bbox 347 266 1472 313">
     <span class='ocr_line' id='line_1_2' title="bbox 347 266 1472 313; baseline 0.002 -12"><span class='ocrx_word' id='word_1_2' title='bbox 347 271 510 301; x_wconf 69' lang='lat' dir='ltr'>com-M</span> <span class='ocrx_word' id='word_1_3' title='bbox 544 271 748 301; x_wconf 74' lang='lat' dir='ltr'>LiTTEnAs</span> <span class='ocrx_word' id='word_1_4' title='bbox 780 274 1013 313; x_wconf 65' lang='lat' dir='ltr'>emaum,</span> <span class='ocrx_word' id='word_1_5' title='bbox 1050 278 1131 304; x_wconf 74' lang='lat' dir='ltr'>un.</span> <span class='ocrx_word' id='word_1_6' title='bbox 1170 279 1216 305; x_wconf 84' lang='lat' dir='ltr'>ir.</span> <span class='ocrx_word' id='word_1_7' title='bbox 1420 266 1472 304; x_wconf 87' lang='lat'>57</span> 
     </span>
    </p>
   </div>
   <div class='ocr_carea' id='block_1_3' title="bbox 87 338 1484 2591">
    <p class='ocr_par' dir='ltr' id='par_1_3' title="bbox 88 338 1480 893">
     <span class='ocr_line' id='line_1_3' title="bbox 90 338 1476 401; baseline 0.004 -19"><span class='ocrx_word' id='word_1_8' title='bbox 90 338 218 383; x_wconf 88' lang='lat' dir='ltr'>dibus</span> <span class='ocrx_word' id='word_1_9' title='bbox 239 338 325 382; x_wconf 91' lang='lat' dir='ltr'>suis</span> <span class='ocrx_word' id='word_1_10' title='bbox 342 338 513 383; x_wconf 88' lang='lat' dir='ltr'>:omnia</span> <span class='ocrx_word' id='word_1_11' title='bbox 534 338 718 397; x_wconf 85' lang='lat' dir='ltr'>pretiosa</span> <span class='ocrx_word' id='word_1_12' title='bbox 742 349 997 398; x_wconf 87' lang='lat' dir='ltr'>purgantur.</span> <span class='ocrx_word' id='word_1_13' title='bbox 1028 343 1244 401; x_wconf 78' lang='lat' dir='ltr'>Scriptum</span> <span class='ocrx_word' id='word_1_14' title='bbox 1264 351 1328 387; x_wconf 88' lang='lat' dir='ltr'>est</span> <span class='ocrx_word' id='word_1_15' title='bbox 1349 357 1476 387; x_wconf 87' lang='lat' dir='ltr'>nam-</span> 
     </span>
     <span class='ocr_line' id='line_1_4' title="bbox 89 408 1476 471; baseline 0.003 -18"><span class='ocrx_word' id='word_1_16' title='bbox 89 424 196 470; x_wconf 88' lang='lat' dir='ltr'>que:</span> <span class='ocrx_word' id='word_1_17' title='bbox 218 427 238 451; x_wconf 92' lang='lat'>«</span> <span class='ocrx_word' id='word_1_18' title='bbox 257 408 376 454; x_wconf 90' lang='lat' dir='ltr'>Sicut</span> <span class='ocrx_word' id='word_1_19' title='bbox 397 424 552 453; x_wconf 90' lang='lat' dir='ltr'>aurum</span> <span class='ocrx_word' id='word_1_20' title='bbox 567 409 724 469; x_wconf 89' lang='lat' dir='ltr'>probat</span> <span class='ocrx_word' id='word_1_21' title='bbox 740 408 909 465; x_wconf 81' lang='lat' dir='ltr'><strong>fornax,</strong></span> <span class='ocrx_word' id='word_1_22' title='bbox 930 410 988 454; x_wconf 87' lang='lat' dir='ltr'>ita</span> <span class='ocrx_word' id='word_1_23' title='bbox 1007 419 1049 454; x_wconf 89' lang='lat' dir='ltr'>et</span> <span class='ocrx_word' id='word_1_24' title='bbox 1062 413 1200 471; x_wconf 91' lang='lat' dir='ltr'>justos</span> <span class='ocrx_word' id='word_1_25' title='bbox 1214 414 1385 457; x_wconf 80' lang='lat' dir='ltr'>vexatio</span> <span class='ocrx_word' id='word_1_26' title='bbox 1397 414 1476 457; x_wconf 87' lang='lat' dir='ltr'>tri-</span> 
     </span>
     <span class='ocr_line' id='line_1_5' title="bbox 91 478 1478 540; baseline 0.006 -20"><span class='ocrx_word' id='word_1_27' title='bbox 91 497 112 521; x_wconf 85' lang='lat'>»</span> <span class='ocrx_word' id='word_1_28' title='bbox 137 478 414 524; x_wconf 84' lang='lat' dir='ltr'>bulationis¹.</span> <span class='ocrx_word' id='word_1_29' title='bbox 432 481 562 525; x_wconf 92' lang='lat' dir='ltr'>»Non</span> <span class='ocrx_word' id='word_1_30' title='bbox 583 488 646 524; x_wconf 89' lang='lat' dir='ltr'>est</span> <span class='ocrx_word' id='word_1_31' title='bbox 663 495 758 540; x_wconf 89' lang='lat' dir='ltr'>pars</span> <span class='ocrx_word' id='word_1_32' title='bbox 776 479 1008 526; x_wconf 89' lang='lat' dir='ltr'>crudelitas</span> <span class='ocrx_word' id='word_1_33' title='bbox 1020 483 1381 538; x_wconf 83' lang='lat' dir='ltr'>mansuetudinis,</span> <span class='ocrx_word' id='word_1_34' title='bbox 1398 498 1478 528; x_wconf 90' lang='lat' dir='ltr'>nec</span> 
     </span>
     <span class='ocr_line' id='line_1_6' title="bbox 88 548 1477 611; baseline 0.004 -18"><span class='ocrx_word' id='word_1_35' title='bbox 88 548 240 609; x_wconf 87' lang='lat' dir='ltr'>religio</span> <span class='ocrx_word' id='word_1_36' title='bbox 257 549 488 609; x_wconf 86' lang='lat' dir='ltr'>sacrilegii,</span> <span class='ocrx_word' id='word_1_37' title='bbox 511 565 590 594; x_wconf 90' lang='lat' dir='ltr'>nec</span> <span class='ocrx_word' id='word_1_38' title='bbox 614 565 711 610; x_wconf 90' lang='lat' dir='ltr'>pars</span> <span class='ocrx_word' id='word_1_39' title='bbox 726 551 901 595; x_wconf 90' lang='lat' dir='ltr'>Macarii</span> <span class='ocrx_word' id='word_1_40' title='bbox 918 551 1094 610; x_wconf 88' lang='lat' dir='ltr'>penitus</span> <span class='ocrx_word' id='word_1_41' title='bbox 1112 561 1254 611; x_wconf 90' lang='lat' dir='ltr'>potest</span> <span class='ocrx_word' id='word_1_42' title='bbox 1270 569 1358 597; x_wconf 90' lang='lat' dir='ltr'>esse</span> <span class='ocrx_word' id='word_1_43' title='bbox 1374 569 1477 599; x_wconf 89' lang='lat' dir='ltr'>nos-</span> 
     </span>
     <span class='ocr_line' id='line_1_7' title="bbox 89 620 1479 683; baseline 0.003 -18"><span class='ocrx_word' id='word_1_44' title='bbox 89 629 170 675; x_wconf 89' lang='lat' dir='ltr'>tra,</span> <span class='ocrx_word' id='word_1_45' title='bbox 189 621 292 680; x_wconf 90' lang='lat' dir='ltr'>quia</span> <span class='ocrx_word' id='word_1_46' title='bbox 314 622 422 666; x_wconf 87' lang='lat' dir='ltr'>ritus</span> <span class='ocrx_word' id='word_1_47' title='bbox 438 621 571 665; x_wconf 81' lang='lat' dir='ltr'>nostri</span> <span class='ocrx_word' id='word_1_48' title='bbox 584 620 914 665; x_wconf 88' lang='lat' dir='ltr'>similitudinem</span> <span class='ocrx_word' id='word_1_49' title='bbox 926 622 1131 666; x_wconf 86' lang='lat' dir='ltr'><strong>maculat.</strong></span> <span class='ocrx_word' id='word_1_50' title='bbox 1149 623 1273 668; x_wconf 83' lang='lat' dir='ltr'>Acies</span> <span class='ocrx_word' id='word_1_51' title='bbox 1290 639 1479 683; x_wconf 80' lang='lat' dir='ltr'>namque</span> 
     </span>
     <span class='ocr_line' id='line_1_8' title="bbox 88 690 1479 753; baseline 0.002 -18"><span class='ocrx_word' id='word_1_52' title='bbox 88 690 262 736; x_wconf 86' lang='lat' dir='ltr'>inimica</span> <span class='ocrx_word' id='word_1_53' title='bbox 283 706 372 736; x_wconf 89' lang='lat' dir='ltr'>non</span> <span class='ocrx_word' id='word_1_54' title='bbox 397 707 494 751; x_wconf 89' lang='lat' dir='ltr'>pars</span> <span class='ocrx_word' id='word_1_55' title='bbox 515 700 603 746; x_wconf 92' lang='lat' dir='ltr'>est,</span> <span class='ocrx_word' id='word_1_56' title='bbox 628 707 727 752; x_wconf 84' lang='lat' dir='ltr'>quae</span> <span class='ocrx_word' id='word_1_57' title='bbox 756 690 908 751; x_wconf 84' lang='lat' dir='ltr'><strong>implet</strong></span> <span class='ocrx_word' id='word_1_58' title='bbox 934 707 1095 737; x_wconf 91' lang='lat' dir='ltr'>nomen</span> <span class='ocrx_word' id='word_1_59' title='bbox 1114 693 1270 737; x_wconf 85' lang='lat' dir='ltr'>hostile</span> <span class='ocrx_word' id='word_1_60' title='bbox 1293 713 1301 738; x_wconf 78' lang='lat' dir='ltr'>z</span> <span class='ocrx_word' id='word_1_61' title='bbox 1325 710 1423 753; x_wconf 83' lang='lat' dir='ltr'>quoe</span> <span class='ocrx_word' id='word_1_62' title='bbox 1446 696 1479 738; x_wconf 91' lang='lat' dir='ltr'>si</span> 
     </span>
     <span class='ocr_line' id='line_1_9' title="bbox 88 763 1480 822; baseline 0.002 -16"><span class='ocrx_word' id='word_1_63' title='bbox 88 777 188 807; x_wconf 88' lang='lat' dir='ltr'>vere</span> <span class='ocrx_word' id='word_1_64' title='bbox 211 778 308 822; x_wconf 90' lang='lat' dir='ltr'>pars</span> <span class='ocrx_word' id='word_1_65' title='bbox 339 763 514 818; x_wconf 87' lang='lat' dir='ltr'>dicitur,</span> <span class='ocrx_word' id='word_1_66' title='bbox 539 765 798 807; x_wconf 90' lang='lat' dir='ltr'>sententiam</span> <span class='ocrx_word' id='word_1_67' title='bbox 817 778 1052 822; x_wconf 86' lang='lat' dir='ltr'>congruam</span> <span class='ocrx_word' id='word_1_68' title='bbox 1073 763 1315 810; x_wconf 89' lang='lat' dir='ltr'>Salomonis</span> <span class='ocrx_word' id='word_1_69' title='bbox 1332 765 1480 810; x_wconf 90' lang='lat' dir='ltr'>incur-</span> 
     </span>
     <span class='ocr_line' id='line_1_10' title="bbox 89 835 1004 893; baseline -0.002 -16"><span class='ocrx_word' id='word_1_70' title='bbox 89 842 174 888; x_wconf 88' lang='lat' dir='ltr'>ret,</span> <span class='ocrx_word' id='word_1_71' title='bbox 205 852 222 873; x_wconf 85' lang='lat'>«</span> <span class='ocrx_word' id='word_1_72' title='bbox 252 837 403 878; x_wconf 85' lang='lat' dir='ltr'>Pereat</span> <span class='ocrx_word' id='word_1_73' title='bbox 431 849 527 893; x_wconf 89' lang='lat' dir='ltr'>pars</span> <span class='ocrx_word' id='word_1_74' title='bbox 547 849 698 878; x_wconf 91' lang='lat' dir='ltr'>eorum</span> <span class='ocrx_word' id='word_1_75' title='bbox 723 835 778 878; x_wconf 92' lang='lat' dir='ltr'>de</span> <span class='ocrx_word' id='word_1_76' title='bbox 801 836 954 879; x_wconf 76' lang='lat' dir='ltr'>terra2.</span> <span class='ocrx_word' id='word_1_77' title='bbox 986 854 1004 875; x_wconf 87' lang='lat'>»</span> 
     </span>
    </p>

    <p class='ocr_par' dir='ltr' id='par_1_4' title="bbox 87 905 1484 2168">
     <span class='ocr_line' id='line_1_11' title="bbox 145 905 1481 967; baseline 0.002 -19"><span class='ocrx_word' id='word_1_78' title='bbox 145 905 312 949; x_wconf 87' lang='lat' dir='ltr'><strong>XCIII.</strong></span> <span class='ocrx_word' id='word_1_79' title='bbox 338 908 612 950; x_wconf 66' lang='lat' dir='ltr'>Avensa-mus</span> <span class='ocrx_word' id='word_1_80' title='bbox 635 905 860 965; x_wconf 86' lang='lat' dir='ltr'>respondit</span> <span class='ocrx_word' id='word_1_81' title='bbox 898 925 906 951; x_wconf 92' lang='lat'>:</span> <span class='ocrx_word' id='word_1_82' title='bbox 945 908 1049 951; x_wconf 87' lang='lat' dir='ltr'>Haec</span> <span class='ocrx_word' id='word_1_83' title='bbox 1081 906 1213 951; x_wconf 88' lang='lat' dir='ltr'>verba</span> <span class='ocrx_word' id='word_1_84' title='bbox 1251 908 1414 967; x_wconf 88' lang='lat' dir='ltr'>jactare</span> <span class='ocrx_word' id='word_1_85' title='bbox 1439 917 1481 951; x_wconf 90' lang='lat' dir='ltr'>et</span> 
     </span>
     <span class='ocr_line' id='line_1_12' title="bbox 88 974 1481 1038; baseline 0.002 -20"><span class='ocrx_word' id='word_1_86' title='bbox 88 974 198 1019; x_wconf 88' lang='lat' dir='ltr'>nihil</span> <span class='ocrx_word' id='word_1_87' title='bbox 218 975 420 1035; x_wconf 87' lang='lat' dir='ltr'>probare,</span> <span class='ocrx_word' id='word_1_88' title='bbox 446 976 551 1036; x_wconf 92' lang='lat' dir='ltr'>quid</span> <span class='ocrx_word' id='word_1_89' title='bbox 575 986 637 1021; x_wconf 92' lang='lat' dir='ltr'>est</span> <span class='ocrx_word' id='word_1_90' title='bbox 659 977 740 1021; x_wconf 91' lang='lat' dir='ltr'>nisi</span> <span class='ocrx_word' id='word_1_91' title='bbox 758 976 971 1022; x_wconf 83' lang='lat' dir='ltr'>delirare?</span> <span class='ocrx_word' id='word_1_92' title='bbox 999 978 1201 1023; x_wconf 87' lang='lat' dir='ltr'>Attendis</span> <span class='ocrx_word' id='word_1_93' title='bbox 1224 978 1383 1022; x_wconf 88' lang='lat' dir='ltr'>zizania</span> <span class='ocrx_word' id='word_1_94' title='bbox 1404 993 1481 1038; x_wconf 91' lang='lat' dir='ltr'>per</span> 
     </span>
     <span class='ocr_line' id='line_1_13' title="bbox 90 1045 1481 1109; baseline 0.004 -20"><span class='ocrx_word' id='word_1_95' title='bbox 90 1045 322 1101; x_wconf 91' lang='lat' dir='ltr'>mundum,</span> <span class='ocrx_word' id='word_1_96' title='bbox 348 1056 390 1092; x_wconf 91' lang='lat' dir='ltr'>et</span> <span class='ocrx_word' id='word_1_97' title='bbox 420 1048 610 1092; x_wconf 88' lang='lat' dir='ltr'>triticum</span> <span class='ocrx_word' id='word_1_98' title='bbox 632 1064 722 1093; x_wconf 89' lang='lat' dir='ltr'>non</span> <span class='ocrx_word' id='word_1_99' title='bbox 741 1049 951 1107; x_wconf 70' lang='lat' dir='ltr'>attendis,</span> <span class='ocrx_word' id='word_1_100' title='bbox 977 1065 1078 1094; x_wconf 91' lang='lat' dir='ltr'>cum</span> <span class='ocrx_word' id='word_1_101' title='bbox 1096 1065 1174 1109; x_wconf 91' lang='lat' dir='ltr'>per</span> <span class='ocrx_word' id='word_1_102' title='bbox 1196 1058 1338 1094; x_wconf 87' lang='lat' dir='ltr'>totum</span> <span class='ocrx_word' id='word_1_103' title='bbox 1362 1059 1481 1093; x_wconf 86' lang='lat' dir='ltr'>utra-</span> 
     </span>
     <span class='ocr_line' id='line_1_14' title="bbox 90 1118 1480 1180; baseline 0.003 -20"><span class='ocrx_word' id='word_1_104' title='bbox 90 1131 176 1175; x_wconf 85' lang='lat' dir='ltr'>que</span> <span class='ocrx_word' id='word_1_105' title='bbox 185 1118 302 1176; x_wconf 88' lang='lat' dir='ltr'>jussa</span> <span class='ocrx_word' id='word_1_106' title='bbox 317 1118 403 1162; x_wconf 86' lang='lat' dir='ltr'>sint</span> <span class='ocrx_word' id='word_1_107' title='bbox 416 1133 622 1162; x_wconf 89' lang='lat' dir='ltr'>crescere.</span> <span class='ocrx_word' id='word_1_108' title='bbox 642 1119 842 1163; x_wconf 78' lang='lat' dir='ltr'>Attendis</span> <span class='ocrx_word' id='word_1_109' title='bbox 857 1135 1003 1164; x_wconf 92' lang='lat' dir='ltr'>semen</span> <span class='ocrx_word' id='word_1_110' title='bbox 1019 1120 1212 1178; x_wconf 85' lang='lat' dir='ltr'>maligni,</span> <span class='ocrx_word' id='word_1_111' title='bbox 1230 1122 1350 1180; x_wconf 88' lang='lat' dir='ltr'>quod</span> <span class='ocrx_word' id='word_1_112' title='bbox 1366 1129 1480 1164; x_wconf 89' lang='lat' dir='ltr'>tem-</span> 
     </span>
     <span class='ocr_line' id='line_1_15' title="bbox 93 1188 1476 1249; baseline 0.004 -19"><span class='ocrx_word' id='word_1_113' title='bbox 93 1203 197 1247; x_wconf 88' lang='lat' dir='ltr'>pore</span> <span class='ocrx_word' id='word_1_114' title='bbox 219 1188 364 1232; x_wconf 90' lang='lat' dir='ltr'>messis</span> <span class='ocrx_word' id='word_1_115' title='bbox 396 1189 690 1249; x_wconf 77' lang='lat' dir='ltr'>separabitur3</span> <span class='ocrx_word' id='word_1_116' title='bbox 716 1200 758 1234; x_wconf 91' lang='lat' dir='ltr'>et</span> <span class='ocrx_word' id='word_1_117' title='bbox 790 1206 877 1234; x_wconf 88' lang='lat' dir='ltr'>non</span> <span class='ocrx_word' id='word_1_118' title='bbox 901 1190 1086 1235; x_wconf 84' lang='lat' dir='ltr'>attendis</span> <span class='ocrx_word' id='word_1_119' title='bbox 1109 1207 1255 1236; x_wconf 89' lang='lat' dir='ltr'>semen</span> <span class='ocrx_word' id='word_1_120' title='bbox 1273 1192 1476 1246; x_wconf 83' lang='lat' dir='ltr'>Abrahae,</span> 
     </span>
     <span class='ocr_line' id='line_1_16' title="bbox 91 1259 1479 1321; baseline 0.003 -19"><span class='ocrx_word' id='word_1_121' title='bbox 91 1259 134 1302; x_wconf 88' lang='lat' dir='ltr'>in</span> <span class='ocrx_word' id='word_1_122' title='bbox 156 1273 245 1317; x_wconf 83' lang='lat' dir='ltr'>quo</span> <span class='ocrx_word' id='word_1_123' title='bbox 277 1259 600 1304; x_wconf 88' lang='lat' dir='ltr'>benedicuntur</span> <span class='ocrx_word' id='word_1_124' title='bbox 623 1276 773 1304; x_wconf 89' lang='lat' dir='ltr'>omnes</span> <span class='ocrx_word' id='word_1_125' title='bbox 798 1270 945 1319; x_wconf 82' lang='lat' dir='ltr'>gentes</span> <span class='ocrx_word' id='word_1_126' title='bbox 960 1264 990 1305; x_wconf 70' lang='lat'>⁴.</span> <span class='ocrx_word' id='word_1_127' title='bbox 1018 1263 1150 1314; x_wconf 87' lang='lat' dir='ltr'>Quasi</span> <span class='ocrx_word' id='word_1_128' title='bbox 1173 1277 1275 1306; x_wconf 93' lang='lat' dir='ltr'>vero</span> <span class='ocrx_word' id='word_1_129' title='bbox 1297 1278 1374 1306; x_wconf 86' lang='lat' dir='ltr'>vos</span> <span class='ocrx_word' id='word_1_130' title='bbox 1390 1264 1479 1321; x_wconf 87' lang='lat' dir='ltr'>jam</span> 
     </span>
     <span class='ocr_line' id='line_1_17' title="bbox 89 1329 1477 1392; baseline 0.002 -19"><span class='ocrx_word' id='word_1_131' title='bbox 89 1329 178 1374; x_wconf 87' lang='lat' dir='ltr'>sitis</span> <span class='ocrx_word' id='word_1_132' title='bbox 190 1344 325 1374; x_wconf 89' lang='lat' dir='ltr'>massa</span> <span class='ocrx_word' id='word_1_133' title='bbox 344 1339 545 1389; x_wconf 85' lang='lat' dir='ltr'>purgata,</span> <span class='ocrx_word' id='word_1_134' title='bbox 571 1339 613 1374; x_wconf 86' lang='lat' dir='ltr'>et</span> <span class='ocrx_word' id='word_1_135' title='bbox 625 1331 712 1374; x_wconf 90' lang='lat' dir='ltr'>mel</span> <span class='ocrx_word' id='word_1_136' title='bbox 726 1331 959 1386; x_wconf 89' lang='lat' dir='ltr'>sincerum,</span> <span class='ocrx_word' id='word_1_137' title='bbox 987 1341 1028 1375; x_wconf 92' lang='lat' dir='ltr'>et</span> <span class='ocrx_word' id='word_1_138' title='bbox 1051 1331 1293 1392; x_wconf 89' lang='lat' dir='ltr'>eliquatum</span> <span class='ocrx_word' id='word_1_139' title='bbox 1315 1332 1477 1388; x_wconf 90' lang='lat' dir='ltr'>oleum,</span> 
     </span>
     <span class='ocr_line' id='line_1_18' title="bbox 89 1400 1481 1462; baseline 0.001 -18"><span class='ocrx_word' id='word_1_140' title='bbox 89 1409 132 1444; x_wconf 91' lang='lat' dir='ltr'>et</span> <span class='ocrx_word' id='word_1_141' title='bbox 153 1415 308 1444; x_wconf 88' lang='lat' dir='ltr'>aurum</span> <span class='ocrx_word' id='word_1_142' title='bbox 323 1415 500 1460; x_wconf 90' lang='lat' dir='ltr'>purum,</span> <span class='ocrx_word' id='word_1_143' title='bbox 518 1400 588 1446; x_wconf 90' lang='lat' dir='ltr'>vel</span> <span class='ocrx_word' id='word_1_144' title='bbox 602 1401 690 1460; x_wconf 88' lang='lat' dir='ltr'>ipsa</span> <span class='ocrx_word' id='word_1_145' title='bbox 700 1401 862 1460; x_wconf 88' lang='lat' dir='ltr'>species</span> <span class='ocrx_word' id='word_1_146' title='bbox 878 1400 1067 1446; x_wconf 90' lang='lat' dir='ltr'>dealbati</span> <span class='ocrx_word' id='word_1_147' title='bbox 1080 1402 1270 1462; x_wconf 82' lang='lat' dir='ltr'>parietis.</span> <span class='ocrx_word' id='word_1_148' title='bbox 1292 1404 1348 1447; x_wconf 91' lang='lat' dir='ltr'>Ut</span> <span class='ocrx_word' id='word_1_149' title='bbox 1366 1403 1481 1446; x_wconf 90' lang='lat' dir='ltr'>enim</span> 
     </span>
     <span class='ocr_line' id='line_1_19' title="bbox 91 1469 1483 1532; baseline 0.002 -18"><span class='ocrx_word' id='word_1_150' title='bbox 91 1469 146 1514; x_wconf 92' lang='lat' dir='ltr'>de</span> <span class='ocrx_word' id='word_1_151' title='bbox 161 1470 274 1515; x_wconf 87' lang='lat' dir='ltr'>vitiis</span> <span class='ocrx_word' id='word_1_152' title='bbox 300 1471 465 1516; x_wconf 86' lang='lat' dir='ltr'>caeteris</span> <span class='ocrx_word' id='word_1_153' title='bbox 490 1480 676 1526; x_wconf 89' lang='lat' dir='ltr'>taceam,</span> <span class='ocrx_word' id='word_1_154' title='bbox 703 1472 920 1532; x_wconf 90' lang='lat' dir='ltr'>numquid</span> <span class='ocrx_word' id='word_1_155' title='bbox 941 1472 1100 1516; x_wconf 87' lang='lat' dir='ltr'>ebriosi</span> <span class='ocrx_word' id='word_1_156' title='bbox 1118 1481 1287 1532; x_wconf 81' lang='lat' dir='ltr'>partem</span> <span class='ocrx_word' id='word_1_157' title='bbox 1317 1472 1483 1518; x_wconf 85' lang='lat' dir='ltr'>faciunt</span> 
     </span>
     <span class='ocr_line' id='line_1_20' title="bbox 87 1542 1480 1603; baseline 0.001 -16"><span class='ocrx_word' id='word_1_158' title='bbox 87 1542 347 1597; x_wconf 88' lang='lat' dir='ltr'>sobriorum,</span> <span class='ocrx_word' id='word_1_159' title='bbox 376 1552 452 1587; x_wconf 89' lang='lat' dir='ltr'>aut</span> <span class='ocrx_word' id='word_1_160' title='bbox 476 1542 745 1603; x_wconf 88' lang='lat' dir='ltr'>deputantur</span> <span class='ocrx_word' id='word_1_161' title='bbox 767 1544 883 1588; x_wconf 90' lang='lat' dir='ltr'>avari</span> <span class='ocrx_word' id='word_1_162' title='bbox 904 1544 950 1588; x_wconf 90' lang='lat' dir='ltr'>in</span> <span class='ocrx_word' id='word_1_163' title='bbox 973 1553 1095 1603; x_wconf 88' lang='lat' dir='ltr'>parte</span> <span class='ocrx_word' id='word_1_164' title='bbox 1117 1544 1377 1603; x_wconf 86' lang='lat' dir='ltr'>sapientium</span> <span class='ocrx_word' id='word_1_165' title='bbox 1395 1547 1413 1588; x_wconf 74' lang='grc' dir='ltr'><em>Ρ</em></span> <span class='ocrx_word' id='word_1_166' title='bbox 1439 1545 1480 1589; x_wconf 91' lang='lat' dir='ltr'>Si</span> 
     </span>
     <span class='ocr_line' id='line_1_21' title="bbox 89 1612 1482 1671; baseline 0.003 -16"><span class='ocrx_word' id='word_1_167' title='bbox 89 1612 300 1656; x_wconf 78' lang='lat' dir='ltr'>mansueti</span> <span class='ocrx_word' id='word_1_168' title='bbox 322 1613 520 1657; x_wconf 90' lang='lat' dir='ltr'>homines</span> <span class='ocrx_word' id='word_1_169' title='bbox 536 1612 643 1658; x_wconf 90' lang='lat' dir='ltr'>lucis</span> <span class='ocrx_word' id='word_1_170' title='bbox 661 1613 925 1659; x_wconf 83' lang='lat' dir='ltr'>vocabulum</span> <span class='ocrx_word' id='word_1_171' title='bbox 942 1622 1116 1671; x_wconf 73' lang='lat' dir='ltr'>tenent,</span> <span class='ocrx_word' id='word_1_172' title='bbox 1141 1613 1265 1658; x_wconf 86' lang='lat' dir='ltr'>furor</span> <span class='ocrx_word' id='word_1_173' title='bbox 1279 1615 1482 1659; x_wconf 90' lang='lat' dir='ltr'>Circum-</span> 
     </span>
     <span class='ocr_line' id='line_1_22' title="bbox 91 1683 1483 1745; baseline 0.002 -18"><span class='ocrx_word' id='word_1_174' title='bbox 91 1683 326 1728; x_wconf 90' lang='lat' dir='ltr'>cellionum</span> <span class='ocrx_word' id='word_1_175' title='bbox 348 1684 423 1728; x_wconf 92' lang='lat' dir='ltr'>ubi</span> <span class='ocrx_word' id='word_1_176' title='bbox 454 1685 533 1729; x_wconf 91' lang='lat' dir='ltr'>nisi</span> <span class='ocrx_word' id='word_1_177' title='bbox 557 1685 602 1729; x_wconf 92' lang='lat' dir='ltr'>in</span> <span class='ocrx_word' id='word_1_178' title='bbox 625 1685 814 1729; x_wconf 89' lang='lat' dir='ltr'>tenebris</span> <span class='ocrx_word' id='word_1_179' title='bbox 836 1684 1150 1744; x_wconf 79' lang='lat' dir='ltr'>deputabitur?</span> <span class='ocrx_word' id='word_1_180' title='bbox 1168 1687 1258 1731; x_wconf 88' lang='lat' dir='ltr'>Cur</span> <span class='ocrx_word' id='word_1_181' title='bbox 1280 1700 1382 1744; x_wconf 88' lang='lat' dir='ltr'>ergo</span> <span class='ocrx_word' id='word_1_182' title='bbox 1407 1701 1483 1745; x_wconf 92' lang='lat' dir='ltr'>per</span> 
     </span>
     <span class='ocr_line' id='line_1_23' title="bbox 94 1753 1482 1817; baseline 0.001 -19"><span class='ocrx_word' id='word_1_183' title='bbox 94 1753 198 1798; x_wconf 89' lang='lat' dir='ltr'>tales</span> <span class='ocrx_word' id='word_1_184' title='bbox 215 1754 456 1814; x_wconf 87' lang='lat' dir='ltr'>baptismus</span> <span class='ocrx_word' id='word_1_185' title='bbox 479 1754 606 1800; x_wconf 86' lang='lat' dir='ltr'>datus</span> <span class='ocrx_word' id='word_1_186' title='bbox 636 1757 753 1816; x_wconf 89' lang='lat' dir='ltr'>apud</span> <span class='ocrx_word' id='word_1_187' title='bbox 775 1772 850 1801; x_wconf 91' lang='lat' dir='ltr'>vos</span> <span class='ocrx_word' id='word_1_188' title='bbox 872 1755 1002 1810; x_wconf 85' lang='lat' dir='ltr'>valet,</span> <span class='ocrx_word' id='word_1_189' title='bbox 1030 1765 1073 1800; x_wconf 91' lang='lat' dir='ltr'>et</span> <span class='ocrx_word' id='word_1_190' title='bbox 1092 1771 1170 1816; x_wconf 88' lang='lat' dir='ltr'>per</span> <span class='ocrx_word' id='word_1_191' title='bbox 1196 1756 1415 1817; x_wconf 90' lang='lat' dir='ltr'>quoslibet</span> <span class='ocrx_word' id='word_1_192' title='bbox 1437 1757 1482 1800; x_wconf 90' lang='lat' dir='ltr'>in</span> 
     </span>
     <span class='ocr_line' id='line_1_24' title="bbox 93 1824 1484 1886; baseline 0.001 -18"><span class='ocrx_word' id='word_1_193' title='bbox 93 1824 198 1869; x_wconf 92' lang='lat' dir='ltr'>orbe</span> <span class='ocrx_word' id='word_1_194' title='bbox 215 1833 428 1869; x_wconf 89' lang='lat' dir='ltr'>terrarum</span> <span class='ocrx_word' id='word_1_195' title='bbox 449 1825 564 1870; x_wconf 90' lang='lat' dir='ltr'>idem</span> <span class='ocrx_word' id='word_1_196' title='bbox 594 1827 753 1871; x_wconf 89' lang='lat' dir='ltr'>Christi</span> <span class='ocrx_word' id='word_1_197' title='bbox 784 1827 1023 1886; x_wconf 84' lang='lat' dir='ltr'>baptismus</span> <span class='ocrx_word' id='word_1_198' title='bbox 1047 1842 1137 1871; x_wconf 90' lang='lat' dir='ltr'>non</span> <span class='ocrx_word' id='word_1_199' title='bbox 1166 1826 1281 1871; x_wconf 88' lang='lat' dir='ltr'>valet</span> <span class='ocrx_word' id='word_1_200' title='bbox 1299 1829 1316 1871; x_wconf 79' lang='lat' dir='ltr'>P</span> <span class='ocrx_word' id='word_1_201' title='bbox 1333 1827 1484 1872; x_wconf 89' lang='lat' dir='ltr'>Cernis</span> 
     </span>
     <span class='ocr_line' id='line_1_25' title="bbox 95 1895 1484 1956; baseline 0.001 -17"><span class='ocrx_word' id='word_1_202' title='bbox 95 1910 252 1956; x_wconf 90' lang='lat' dir='ltr'>nempe</span> <span class='ocrx_word' id='word_1_203' title='bbox 281 1896 336 1940; x_wconf 93' lang='lat' dir='ltr'>ad</span> <span class='ocrx_word' id='word_1_204' title='bbox 369 1895 479 1940; x_wconf 93' lang='lat' dir='ltr'>illud</span> <span class='ocrx_word' id='word_1_205' title='bbox 506 1911 580 1941; x_wconf 93' lang='lat' dir='ltr'>vos</span> <span class='ocrx_word' id='word_1_206' title='bbox 610 1911 697 1941; x_wconf 88' lang='lat' dir='ltr'>esse</span> <span class='ocrx_word' id='word_1_207' title='bbox 722 1898 777 1941; x_wconf 90' lang='lat' dir='ltr'>ab</span> <span class='ocrx_word' id='word_1_208' title='bbox 802 1896 918 1941; x_wconf 92' lang='lat' dir='ltr'>orbis</span> <span class='ocrx_word' id='word_1_209' title='bbox 941 1906 1152 1941; x_wconf 91' lang='lat' dir='ltr'>terrarum</span> <span class='ocrx_word' id='word_1_210' title='bbox 1174 1898 1484 1942; x_wconf 86' lang='lat' dir='ltr'>communione</span> 
     </span>
     <span class='ocr_line' id='line_1_26' title="bbox 92 1967 1482 2028; baseline 0.001 -18"><span class='ocrx_word' id='word_1_211' title='bbox 92 1976 327 2026; x_wconf 86' lang='lat' dir='ltr'>separatos,</span> <span class='ocrx_word' id='word_1_212' title='bbox 347 1976 396 2011; x_wconf 92' lang='lat' dir='ltr'>ut</span> <span class='ocrx_word' id='word_1_213' title='bbox 414 1983 503 2012; x_wconf 88' lang='lat' dir='ltr'>non</span> <span class='ocrx_word' id='word_1_214' title='bbox 525 1967 702 2028; x_wconf 90' lang='lat' dir='ltr'>quidem</span> <span class='ocrx_word' id='word_1_215' title='bbox 729 1968 817 2011; x_wconf 90' lang='lat' dir='ltr'>sitis</span> <span class='ocrx_word' id='word_1_216' title='bbox 844 1983 993 2012; x_wconf 91' lang='lat' dir='ltr'>omnes</span> <span class='ocrx_word' id='word_1_217' title='bbox 1023 1967 1207 2022; x_wconf 89' lang='lat' dir='ltr'>ebriosi,</span> <span class='ocrx_word' id='word_1_218' title='bbox 1229 1983 1309 2012; x_wconf 91' lang='lat' dir='ltr'>nec</span> <span class='ocrx_word' id='word_1_219' title='bbox 1333 1983 1482 2012; x_wconf 89' lang='lat' dir='ltr'>omnes</span> 
     </span>
     <span class='ocr_line' id='line_1_27' title="bbox 94 2037 1482 2096; baseline 0.001 -15"><span class='ocrx_word' id='word_1_220' title='bbox 94 2037 226 2091; x_wconf 89' lang='lat' dir='ltr'>avari,</span> <span class='ocrx_word' id='word_1_221' title='bbox 251 2052 330 2081; x_wconf 90' lang='lat' dir='ltr'>nec</span> <span class='ocrx_word' id='word_1_222' title='bbox 348 2053 498 2082; x_wconf 90' lang='lat' dir='ltr'>omnes</span> <span class='ocrx_word' id='word_1_223' title='bbox 515 2038 710 2091; x_wconf 90' lang='lat' dir='ltr'>violenti,</span> <span class='ocrx_word' id='word_1_224' title='bbox 740 2037 815 2081; x_wconf 91' lang='lat' dir='ltr'>sed</span> <span class='ocrx_word' id='word_1_225' title='bbox 837 2053 986 2081; x_wconf 88' lang='lat' dir='ltr'>omnes</span> <span class='ocrx_word' id='word_1_226' title='bbox 1004 2038 1211 2093; x_wconf 85' lang='lat' dir='ltr'>haeretici,</span> <span class='ocrx_word' id='word_1_227' title='bbox 1233 2053 1282 2082; x_wconf 89' lang='lat' dir='ltr'>ac</span> <span class='ocrx_word' id='word_1_228' title='bbox 1303 2053 1379 2096; x_wconf 91' lang='lat' dir='ltr'>per</span> <span class='ocrx_word' id='word_1_229' title='bbox 1400 2038 1482 2082; x_wconf 88' lang='lat' dir='ltr'>hoc</span> 
     </span>
     <span class='ocr_line' id='line_1_28' title="bbox 93 2108 849 2168; baseline -0.001 -16"><span class='ocrx_word' id='word_1_230' title='bbox 93 2122 243 2152; x_wconf 90' lang='lat' dir='ltr'>omnes</span> <span class='ocrx_word' id='word_1_231' title='bbox 266 2108 386 2168; x_wconf 92' lang='lat' dir='ltr'>impii</span> <span class='ocrx_word' id='word_1_232' title='bbox 408 2117 447 2152; x_wconf 90' lang='lat' dir='ltr'>et</span> <span class='ocrx_word' id='word_1_233' title='bbox 470 2123 619 2153; x_wconf 90' lang='lat' dir='ltr'>omnes</span> <span class='ocrx_word' id='word_1_234' title='bbox 638 2108 849 2167; x_wconf 83' lang='lat' dir='ltr'>sacrilegi.</span> 
     </span>
    </p>

    <p class='ocr_par' dir='ltr' id='par_1_5' title="bbox 93 2178 1484 2591">
     <span class='ocr_line' id='line_1_29' title="bbox 151 2178 1482 2232; baseline 0.001 -10"><span class='ocrx_word' id='word_1_235' title='bbox 151 2180 306 2223; x_wconf 88' lang='lat' dir='ltr'><strong>XCIV.</strong></span> <span class='ocrx_word' id='word_1_236' title='bbox 333 2178 462 2232; x_wconf 90' lang='lat' dir='ltr'>Quod</span> <span class='ocrx_word' id='word_1_237' title='bbox 490 2188 633 2223; x_wconf 90' lang='lat' dir='ltr'>autern</span> <span class='ocrx_word' id='word_1_238' title='bbox 655 2179 907 2223; x_wconf 87' lang='lat' dir='ltr'>universum</span> <span class='ocrx_word' id='word_1_239' title='bbox 932 2178 1083 2222; x_wconf 92' lang='lat' dir='ltr'>orbem</span> <span class='ocrx_word' id='word_1_240' title='bbox 1111 2187 1325 2223; x_wconf 89' lang='lat' dir='ltr'>terrarum</span> <span class='ocrx_word' id='word_1_241' title='bbox 1345 2179 1482 2224; x_wconf 87' lang='lat' dir='ltr'>chris-</span> 
     </span>
     <span class='ocr_line' id='line_1_30' title="bbox 96 2250 1479 2309; baseline 0.001 -17"><span class='ocrx_word' id='word_1_242' title='bbox 96 2251 209 2293; x_wconf 87' lang='lat' dir='ltr'>tiana</span> <span class='ocrx_word' id='word_1_243' title='bbox 243 2250 448 2294; x_wconf 85' lang='lat' dir='ltr'>societate</span> <span class='ocrx_word' id='word_1_244' title='bbox 477 2250 741 2306; x_wconf 78' lang='lat' dir='ltr'>gaudentem</span> <span class='ocrx_word' id='word_1_245' title='bbox 778 2269 795 2290; x_wconf 75' lang='grc' dir='ltr'>α</span> <span class='ocrx_word' id='word_1_246' title='bbox 831 2250 1005 2294; x_wconf 86' lang='lat' dir='ltr'>Macarii</span> <span class='ocrx_word' id='word_1_247' title='bbox 1040 2259 1208 2309; x_wconf 86' lang='lat' dir='ltr'>partem</span> <span class='ocrx_word' id='word_1_248' title='bbox 1240 2269 1259 2290; x_wconf 88' lang='lat'>»</span> <span class='ocrx_word' id='word_1_249' title='bbox 1293 2251 1479 2307; x_wconf 71' lang='lat' dir='ltr'>vocatis,</span> 
     </span>
     <span class='ocr_line' id='line_1_31' title="bbox 93 2320 1480 2381; baseline 0.001 -18"><span class='ocrx_word' id='word_1_250' title='bbox 93 2320 190 2380; x_wconf 85' lang='lat' dir='ltr'>quis</span> <span class='ocrx_word' id='word_1_251' title='bbox 204 2320 287 2364; x_wconf 92' lang='lat' dir='ltr'>hoc</span> <span class='ocrx_word' id='word_1_252' title='bbox 302 2335 407 2365; x_wconf 88' lang='lat' dir='ltr'>sano</span> <span class='ocrx_word' id='word_1_253' title='bbox 428 2321 609 2365; x_wconf 83' lang='lat' dir='ltr'>cerebro</span> <span class='ocrx_word' id='word_1_254' title='bbox 627 2321 822 2364; x_wconf 75' lang='lat' dir='ltr'>diceret?</span> <span class='ocrx_word' id='word_1_255' title='bbox 844 2321 926 2366; x_wconf 89' lang='lat' dir='ltr'>Sed</span> <span class='ocrx_word' id='word_1_256' title='bbox 945 2321 1048 2381; x_wconf 87' lang='lat' dir='ltr'>quia</span> <span class='ocrx_word' id='word_1_257' title='bbox 1069 2337 1145 2365; x_wconf 92' lang='lat' dir='ltr'>vos</span> <span class='ocrx_word' id='word_1_258' title='bbox 1171 2320 1228 2365; x_wconf 87' lang='lat' dir='ltr'>de</span> <span class='ocrx_word' id='word_1_259' title='bbox 1251 2330 1373 2380; x_wconf 87' lang='lat' dir='ltr'>parte</span> <span class='ocrx_word' id='word_1_260' title='bbox 1395 2325 1480 2364; x_wconf 89' lang='lat' dir='ltr'>Do-</span> 
     </span>
     <span class='ocr_line' id='line_1_32' title="bbox 96 2390 1483 2450; baseline 0.001 -16"><span class='ocrx_word' id='word_1_261' title='bbox 96 2390 186 2434; x_wconf 87' lang='lat' dir='ltr'>nati</span> <span class='ocrx_word' id='word_1_262' title='bbox 208 2405 298 2434; x_wconf 88' lang='lat' dir='ltr'>esse</span> <span class='ocrx_word' id='word_1_263' title='bbox 320 2390 504 2435; x_wconf 89' lang='lat' dir='ltr'>dicimus</span> <span class='ocrx_word' id='word_1_264' title='bbox 520 2426 530 2445; x_wconf 94' lang='lat'>,</span> <span class='ocrx_word' id='word_1_265' title='bbox 561 2392 754 2450; x_wconf 84' lang='lat' dir='ltr'>quaeritis</span> <span class='ocrx_word' id='word_1_266' title='bbox 776 2392 997 2435; x_wconf 89' lang='lat' dir='ltr'>hominem</span> <span class='ocrx_word' id='word_1_267' title='bbox 1029 2391 1085 2436; x_wconf 92' lang='lat' dir='ltr'>de</span> <span class='ocrx_word' id='word_1_268' title='bbox 1117 2393 1240 2450; x_wconf 88' lang='lat' dir='ltr'>cujus</span> <span class='ocrx_word' id='word_1_269' title='bbox 1266 2401 1384 2450; x_wconf 88' lang='lat' dir='ltr'>parte</span> <span class='ocrx_word' id='word_1_270' title='bbox 1405 2407 1483 2436; x_wconf 91' lang='lat' dir='ltr'>nos</span> 
     </span>
     <span class='ocr_line' id='line_1_33' title="bbox 96 2461 1479 2522; baseline 0 -16"><span class='ocrx_word' id='word_1_271' title='bbox 96 2476 186 2506; x_wconf 87' lang='lat' dir='ltr'>esse</span> <span class='ocrx_word' id='word_1_272' title='bbox 199 2461 350 2506; x_wconf 91' lang='lat' dir='ltr'>dicatis</span> <span class='ocrx_word' id='word_1_273' title='bbox 368 2483 379 2518; x_wconf 82' lang='lat'>3</span> <span class='ocrx_word' id='word_1_274' title='bbox 395 2471 438 2506; x_wconf 88' lang='lat' dir='ltr'>et</span> <span class='ocrx_word' id='word_1_275' title='bbox 451 2463 496 2505; x_wconf 89' lang='lat' dir='ltr'>in</span> <span class='ocrx_word' id='word_1_276' title='bbox 514 2463 677 2520; x_wconf 84' lang='lat' dir='ltr'>magnis</span> <span class='ocrx_word' id='word_1_277' title='bbox 696 2463 905 2521; x_wconf 82' lang='lat' dir='ltr'>angustiis</span> <span class='ocrx_word' id='word_1_278' title='bbox 923 2463 1154 2506; x_wconf 83' lang='lat' dir='ltr'>nominatis</span> <span class='ocrx_word' id='word_1_279' title='bbox 1170 2463 1312 2506; x_wconf 86' lang='lat' dir='ltr'>nescio</span> <span class='ocrx_word' id='word_1_280' title='bbox 1331 2477 1479 2522; x_wconf 84' lang='lat' dir='ltr'>quem,</span> 
     </span>
     <span class='ocr_line' id='line_1_34' title="bbox 93 2531 1484 2591; baseline -0.001 -15"><span class='ocrx_word' id='word_1_281' title='bbox 93 2533 126 2576; x_wconf 91' lang='lat' dir='ltr'>si</span> <span class='ocrx_word' id='word_1_282' title='bbox 147 2531 258 2576; x_wconf 86' lang='lat' dir='ltr'>forte</span> <span class='ocrx_word' id='word_1_283' title='bbox 279 2532 324 2575; x_wconf 92' lang='lat' dir='ltr'>in</span> <span class='ocrx_word' id='word_1_284' title='bbox 347 2532 493 2576; x_wconf 82' lang='lat' dir='ltr'>Africa</span> <span class='ocrx_word' id='word_1_285' title='bbox 522 2532 744 2590; x_wconf 85' lang='lat' dir='ltr'>cognitum</span> <span class='ocrx_word' id='word_1_286' title='bbox 761 2567 771 2584; x_wconf 87' lang='lat'>‚</span> <span class='ocrx_word' id='word_1_287' title='bbox 794 2533 839 2575; x_wconf 92' lang='lat' dir='ltr'>in</span> <span class='ocrx_word' id='word_1_288' title='bbox 863 2532 955 2576; x_wconf 89' lang='lat' dir='ltr'>aliis</span> <span class='ocrx_word' id='word_1_289' title='bbox 979 2541 1125 2576; x_wconf 88' lang='lat' dir='ltr'>autem</span> <span class='ocrx_word' id='word_1_290' title='bbox 1148 2533 1262 2577; x_wconf 92' lang='lat' dir='ltr'>orbis</span> <span class='ocrx_word' id='word_1_291' title='bbox 1286 2532 1484 2591; x_wconf 89' lang='lat' dir='ltr'>partibus</span> 
     </span>
    </p>
   </div>
   <div class='ocr_carea' id='block_1_4' title="bbox 143 2615 1031 2659">
    <p class='ocr_par' dir='ltr' id='par_1_6' title="bbox 143 2615 1031 2659">
     <span class='ocr_line' id='line_1_35' title="bbox 143 2615 1031 2659; baseline 0.005 -13"><span class='ocrx_word' id='word_1_292' title='bbox 143 2625 150 2640; x_wconf 79' lang='grc' dir='ltr'>ι</span> <span class='ocrx_word' id='word_1_293' title='bbox 175 2618 248 2659; x_wconf 74' lang='lat' dir='ltr'>Sap.</span> <span class='ocrx_word' id='word_1_294' title='bbox 267 2627 312 2657; x_wconf 84' lang='grc' dir='ltr'>ιιι,</span> <span class='ocrx_word' id='word_1_295' title='bbox 331 2619 416 2650; x_wconf 86' lang='grc'>6.-</span> <span class='ocrx_word' id='word_1_296' title='bbox 433 2624 444 2638; x_wconf 74' lang='lat'>⁷</span> <span class='ocrx_word' id='word_1_297' title='bbox 470 2619 559 2650; x_wconf 85' lang='lat' dir='ltr'>Prov.</span> <span class='ocrx_word' id='word_1_298' title='bbox 580 2628 615 2658; x_wconf 86' lang='lat' dir='ltr'>n,</span> <span class='ocrx_word' id='word_1_299' title='bbox 635 2626 688 2651; x_wconf 79' lang='lat'>22.</span> <span class='ocrx_word' id='word_1_300' title='bbox 702 2615 768 2641; x_wconf 83' lang='lat'>—3</span> <span class='ocrx_word' id='word_1_301' title='bbox 787 2619 866 2651; x_wconf 86' lang='lat' dir='ltr'>Gen.</span> <span class='ocrx_word' id='word_1_302' title='bbox 885 2628 961 2659; x_wconf 82' lang='lat' dir='ltr'>xxii,</span> <span class='ocrx_word' id='word_1_303' title='bbox 981 2620 1031 2650; x_wconf 89' lang='lat'>18.</span> 
     </span>
    </p>
   </div>
  </div>
 </body>
</html>
