1825 3264
291 282 452 314 CONTRA
484 279 686 313 umens
719 284 951 324 PETILIANI,
987 288 1069 314 Lm.
1108 290 1153 314 11.
1365 277 1418 315 97

37 349 311 408 perspexerit,
335 348 524 408 idipsum
547 350 713 394 bonum
732 349 862 408 eligat
883 365 961 409 pro
979 353 1147 410 justitia
1163 352 1265 397 talia
1286 354 1417 397 susti-

37 435 140 464 nere
160 438 169 464 :
187 420 222 463 si
239 429 384 464 autem
403 419 560 465 viderit
573 420 846 480 iniquitatem
864 435 954 465 esse
971 436 1050 480 pro
1071 439 1157 482 qua
1182 424 1359 483 patitur,
1377 438 1421 468 se

36 489 422 536 infructuosissime
462 490 660 536 laborare
708 500 839 552 atque
880 492 1062 537 cruciari
1109 494 1386 539 considerans
1407 529 1418 550 ,

35 569 178 607 mutet
195 561 240 606 in
264 561 416 606 melius
441 560 730 618 voluntatem,
756 561 974 623 simulque
996 573 1140 608 careat
1164 573 1207 608 et
1226 564 1421 609 molestia

36 631 170 677 sterili
191 642 234 677 et
250 633 342 692 ipsa
363 632 609 694 iniquitate,
629 632 770 678 multo
792 634 945 694 utique
964 634 1135 693 gravius
1149 643 1192 678 et
1208 636 1424 694 pernicio-

36 702 123 747 sius
146 704 359 748 nocitura.
375 706 431 748 Et
451 719 526 749 vos
547 719 646 748 cum
673 703 835 763 aliquid
854 703 1057 749 adversus
1066 720 1142 750 vos
1157 719 1278 764 reges
1295 720 1423 749 cons-

37 773 204 818 tituunt
230 808 241 829 ,
276 774 500 819 admoneri
532 790 608 820 vos
639 775 803 820 credite
824 810 835 830 ,
868 784 918 819 ut
952 776 1145 833 cogitetis
1176 791 1312 834 quare
1345 776 1423 820 ista

35 843 280 903 patiamini:
299 844 333 888 si
354 854 532 904 propter
543 845 756 905 justitiam
773 860 919 890 revera
936 844 998 888 illi
1016 854 1312 904 persecutores
1333 860 1425 889 ves-

36 914 92 958 tri
105 923 222 969 sunt,
245 930 320 960 vos
336 924 482 959 autem
510 916 623 960 beati
651 917 726 976 qui
749 915 1092 976 persecutionem
1115 916 1226 974 passi
1248 924 1425 974 propter

32 983 260 1044 justitiam,
278 985 554 1045 possidebitis
572 1001 755 1045 regnum
772 985 1006 1030 coelorum:
1030 986 1064 1030 si
1081 994 1226 1030 autem
1249 994 1427 1044 propter

36 1054 308 1115 iniquitatem
343 1056 582 1100 schismatis
614 1056 769 1111 vestri,
809 1057 917 1116 quid
950 1055 1014 1099 illi
1047 1056 1129 1100 nisi
1162 1065 1425 1101 correctores

36 1127 166 1170 vestri
189 1135 306 1181 sunt,
333 1141 408 1171 vos
426 1136 572 1171 autem
587 1162 597 1182 ,
623 1128 734 1172 sicut
755 1127 900 1171 caeteri
922 1127 1192 1171 diversorum
1213 1126 1426 1171 scelerum

37 1196 114 1250 rei,
140 1197 215 1256 qui
238 1212 388 1256 poenas
412 1197 582 1256 legibus
615 1197 840 1257 pendunt,
873 1195 1070 1255 profecto
1092 1195 1286 1240 infelices
1308 1204 1352 1239 et
1382 1197 1428 1238 in

36 1266 120 1312 hoc
142 1266 301 1312 saeculo
321 1268 425 1312 etin
445 1266 596 1312 futuro
618 1269 636 1311 P
658 1269 793 1313 Nemo
811 1281 912 1324 ergo
928 1265 1053 1310 vobis
1076 1264 1219 1310 aufert
1238 1265 1426 1309 liberum
1484 1291 1487 1293 Δ

37 1337 263 1382 arbitrium
278 1357 286 1382 :
301 1336 377 1382 sed
391 1353 466 1382 vos
481 1337 712 1396 diligenter
727 1337 938 1382 attendite
952 1335 1060 1395 quid
1072 1336 1218 1395 potius
1241 1336 1423 1393 eligatis,

37 1416 187 1452 utrum
203 1408 386 1453 correcti
403 1408 549 1452 vivere
570 1408 615 1451 in
634 1423 755 1467 pace,
769 1423 823 1452 an
841 1407 886 1451 in
908 1405 1070 1450 malitia
1087 1414 1425 1465 perseverantes,

37 1476 133 1524 falsi
152 1479 347 1537 martyrii
367 1478 544 1524 nomine
558 1493 659 1524 vera
677 1477 889 1537 supplicia
909 1476 1135 1520 sustinere.
1165 1476 1331 1520 Sievos
1347 1491 1428 1518 au-

38 1556 127 1593 tem
149 1549 363 1609 alloquor,
389 1549 512 1609 quasi
529 1564 632 1593 vero
659 1548 826 1608 aliquid
848 1547 1028 1605 dignum
1044 1555 1186 1591 vestra
1199 1546 1429 1605 iniquitate

38 1620 279 1679 patiamini,
305 1635 405 1664 cum
428 1629 549 1664 tanta
562 1619 740 1677 indigna
757 1617 939 1673 faciatis,
958 1627 1001 1662 et
1023 1618 1068 1661 in
1091 1626 1212 1662 tanta
1234 1616 1422 1676 impuni-

40 1697 127 1734 tate
150 1692 338 1750 regnetis
356 1711 366 1747 3
387 1691 445 1735 ita
468 1690 637 1745 furiosi,
660 1700 711 1735 ut
725 1705 801 1749 per
814 1690 890 1734 Dei
910 1688 1062 1734 laudes
1089 1687 1274 1748 amplius
1296 1702 1430 1746 quam

40 1758 224 1806 buccina
251 1760 406 1806 bellica
427 1761 619 1806 terreatis
640 1781 652 1818 3
670 1761 729 1805 ita
742 1759 1015 1814 calumniosi,
1033 1768 1083 1803 ut
1100 1760 1228 1803 etiam
1246 1767 1427 1817 sponta-

41 1844 122 1876 nea
156 1840 398 1877 vestrorum
428 1831 666 1891 praecipitia
691 1831 847 1876 nostris
877 1829 1252 1890 persecutionibus
1283 1829 1430 1887 impu-

40 1902 152 1946 tetis.

98 1973 401 2018 CLXXXVII.
416 1973 528 2018 Dicit
541 1972 669 2017 etiam
682 1972 804 2032 quasi
819 1979 1061 2030 praeceptor
1072 1969 1424 2028 benignissimus:

40 2042 125 2096 Qui
148 2054 237 2088 non
259 2044 322 2088 vis
345 2043 512 2088 bonum
530 2042 712 2101 eligere,
737 2042 880 2085 vivere
905 2048 944 2084 te
962 2040 1080 2084 nolle
1105 2039 1333 2083 damnasti.
1363 2041 1429 2081 Ita

40 2126 160 2166 vero,
178 2113 211 2156 si
235 2113 385 2157 vestris
407 2111 780 2156 criminationibus
797 2108 1086 2163 crederemus,
1113 2108 1302 2166 benigne
1317 2107 1432 2151 vive-

39 2196 182 2226 remus
216 2202 224 2226 :
262 2183 364 2242 quia
399 2182 478 2226 Dei
512 2181 868 2240 promissionibus
896 2178 1112 2224 credimus
1128 2214 1138 2234 ,
1176 2178 1321 2223 vivere
1352 2191 1429 2221 nos

40 2252 157 2298 nolle
174 2252 446 2298 damnamus.
469 2256 601 2307 Bene,
620 2261 669 2296 ut
684 2252 886 2306 arbitror,
902 2251 1154 2296 meministis
1171 2249 1279 2309 quid
1294 2252 1430 2308 Apos-

40 2322 118 2368 toli
139 2322 324 2367 dixerint
345 2323 531 2378 Judaeis,
561 2321 738 2383 quando
768 2322 990 2368 Christum
1013 2320 1249 2380 praedicare
1279 2319 1429 2378 prohi-

42 2392 280 2438 bebantur¹
302 2395 409 2438 :hoc
422 2409 526 2453 ergo
537 2403 581 2438 et
599 2409 675 2438 nos
690 2393 890 2447 dicimus,
908 2401 957 2436 ut
968 2390 1264 2450 respondeatis
1278 2389 1424 2432 nobis:

42 2464 197 2509 Utrum
219 2467 309 2508 Deo
333 2465 467 2523 magis
489 2463 784 2508 obediendum
807 2464 877 2517 sit,
898 2479 952 2507 an
967 2461 1248 2506 hominibus?
1273 2458 1427 2502 Tradi-

41 2542 170 2590 tores,
204 2535 538 2588 thurificatores,
571 2543 882 2593 persecutores,
911 2532 1040 2577 verba
1069 2540 1170 2575 sunt
1197 2530 1425 2575 hominum

91 2626 99 2643 ¹
120 2622 192 2653 Act.
213 2631 246 2662 v,
266 2630 318 2662 29·

178 2684 367 2714 cxxxix.
1218 2669 1242 2706 7
