1825 3264
487 246 541 275 nn
574 244 758 276 cuturn
790 247 1007 276 accusa.
1355 237 1439 278 219

55 313 212 360 sanctis
243 311 538 365 consentiunt,
574 319 617 355 et
645 311 801 356 unitati
833 310 1036 355 Ecclesiae
1069 326 1158 356 non
1192 313 1439 357 communi-

54 392 156 428 cant
174 416 186 437 ‚
203 397 292 426 non
308 390 410 426 sunt
425 381 470 425 in
487 380 678 428 Ecclesia
697 402 708 439 3
727 382 828 441 quia
851 382 905 425 de
927 381 1085 426 Christi
1103 397 1299 442 corpore,
1320 382 1441 443 quod

53 461 118 497 est
149 451 358 506 Ecclesia,
392 451 448 495 ab
475 451 610 511 ipsius
637 451 796 497 Christi
833 452 1134 496 testificatione
1162 452 1436 497 dissentiunt.

53 522 188 571 Verbi
210 523 360 581 gratia,
386 522 471 576 Qui
493 537 583 567 non
607 522 793 568 credunt
815 523 1035 568 Christum
1058 523 1102 566 in
1126 539 1254 568 carne
1277 524 1442 569 venisse

53 593 109 641 de
150 594 326 652 Virgine
358 593 495 639 Maria
535 609 585 639 ex
621 594 785 638 semine
826 593 981 647 David,
1013 593 1132 652 quod
1180 595 1442 653 apertissime

56 664 277 723 Scriptura
306 663 383 708 Dei
410 664 604 724 loquitur
624 681 634 716 ;
656 674 731 709 aut
752 680 841 709 non
862 664 907 708 in
930 679 1111 722 corpore
1133 664 1225 722 ipso
1248 679 1440 709 resurre-

51 733 174 790 xisse,
199 734 244 779 in
265 749 353 794 quo
375 735 606 780 crucifixus
623 744 666 780 et
682 734 876 795 sepultus
890 743 952 778 est
968 756 979 792 3
999 735 1129 779 etiam
1146 735 1179 778 si
1200 750 1273 793 per
1291 750 1441 779 omnes

53 812 187 850 terras
208 804 486 849 inveniantur
507 821 584 864 per
605 822 712 866 quas
734 805 796 850 es't
821 805 1029 861 Ecclesia,
1055 821 1144 849 non
1166 806 1319 864 utique
1341 815 1442 850 sunt

53 874 100 922 in
116 873 307 920 Ecclesia
328 894 337 920 :
358 876 460 936 quia
476 876 617 936 ipsum
637 885 768 936 caput
791 876 994 921 Ecclesiae
1017 892 1107 920 non
1129 885 1296 930 tenent,
1322 876 1443 935 quod

54 953 118 992 est
138 945 334 991 Christus
364 948 485 991 Jesus
504 949 546 1003 ¹3
570 962 650 991 nec
678 947 722 990 in
754 947 898 1007 aliqua
929 947 1173 991 divinarum
1197 947 1442 1005 Scriptura-

53 1029 150 1061 rum
177 1015 440 1060 obscuritate
474 1014 703 1071 falluntur,
735 1016 810 1061 sed
842 1016 1070 1061 notissimis
1102 1025 1145 1060 et
1168 1015 1442 1076 apertissimis

51 1100 200 1130 earum
220 1086 474 1131 testimoniis
493 1086 814 1132 contradicunt.
839 1091 946 1132 Item
967 1087 1234 1147 quicumque
1256 1086 1443 1131 credunt

51 1157 230 1216 quidem
249 1156 369 1217 quod
387 1157 583 1202 Christus
604 1160 727 1202 Jesus
744 1193 754 1213 ,
780 1159 839 1202 ita
868 1167 917 1202 ut
951 1158 1115 1202 dictum
1139 1167 1217 1213 est,
1247 1157 1291 1200 in
1314 1172 1442 1201 carne

50 1228 219 1272 venerit
240 1262 250 1281 ‚
286 1236 329 1271 et
362 1227 406 1270 in
436 1226 585 1272 eadem
614 1243 742 1272 carne
760 1263 770 1283 ,
795 1229 839 1272 in
863 1244 948 1288 qua
971 1238 1098 1272 natus
1123 1237 1166 1272 et
1188 1242 1334 1287 passus
1356 1236 1440 1282 est,

50 1297 357 1351 resurrexerit,
386 1306 428 1341 et
458 1298 546 1356 ipse
567 1298 621 1342 sit
652 1297 787 1341 Filius
810 1299 903 1353 Dei,
934 1301 1046 1342 Deus
1071 1302 1188 1357 apud
1220 1301 1375 1352 Deum,
1402 1306 1445 1341 et

52 1381 150 1413 cum
175 1370 301 1411 Patre
333 1382 487 1422 unum,
521 1376 563 1411 et
585 1367 946 1412 incommutabile
969 1368 1163 1411 Verbum
1188 1368 1341 1421 Patris,
1366 1381 1444 1425 per

53 1436 172 1498 quod
193 1436 305 1481 facta
333 1446 434 1481 sunt
465 1438 634 1495 omnia3
658 1447 868 1482 ettamen
905 1438 960 1481 ab
993 1439 1084 1497 ejus
1123 1452 1303 1496 corpore
1324 1436 1444 1496 quod

53 1517 117 1554 est
152 1507 345 1552 Ecclesia
365 1542 375 1562 ,
410 1507 469 1551 ita
497 1506 781 1562 dissentiunt,
817 1518 865 1552 ut
892 1523 1042 1553 eorum
1076 1508 1329 1552 communio
1356 1522 1445 1550 non

52 1579 107 1624 sit
131 1594 232 1623 cum
259 1587 350 1622 toto
376 1593 655 1639 quacumque
678 1579 959 1634 diffunditur,
985 1578 1058 1623 sed
1087 1579 1133 1622 in
1157 1578 1300 1637 aliqua
1325 1586 1446 1636 parte

53 1657 248 1708 separata
278 1648 554 1706 inveniatur,
583 1648 865 1694 manifestum
897 1659 958 1693 est
988 1664 1059 1692 eos
1081 1664 1170 1693 non
1194 1663 1283 1692 esse
1304 1648 1350 1691 in
1375 1662 1447 1691 ca-

52 1718 214 1765 tholica
234 1718 440 1764 Ecclesia.
465 1721 741 1778 Quapropter
761 1719 863 1778 quia
883 1734 983 1763 cum
1011 1719 1243 1763 Donatistis
1266 1717 1447 1777 quaestio

53 1789 181 1834 nobis
204 1798 294 1845 est,
316 1805 403 1834 non
427 1788 482 1833 de
504 1790 661 1848 capite,
682 1790 757 1834 sed
780 1791 834 1834 de
856 1805 1038 1849 corpore
1056 1825 1066 1843 ‚
1093 1789 1136 1833 id
1160 1798 1248 1844 est,
1274 1804 1363 1833 non
1392 1787 1446 1832 de

53 1861 146 1921 ipso
171 1860 390 1907 Salvatore
413 1864 517 1905 Jesu
539 1862 711 1906 Christo
733 1896 743 1916 ,
776 1860 850 1905 sed
873 1860 928 1904 dc
950 1863 1043 1920 ejus
1064 1859 1253 1904 Ecclesia
1269 1895 1279 1914 ,
1306 1860 1446 1918 ipsum

55 1940 183 1991 caput
211 1930 265 1975 de
287 1947 376 1992 quo
409 1932 704 1976 consentimus
723 1966 734 1986 ,
767 1930 966 1976 ostendat
995 1931 1121 1975 nobis
1143 1945 1300 1990 corpus
1320 1944 1447 1974 suum

59 2001 116 2047 de
140 2016 229 2061 quo
251 2000 528 2046 dissentimus
543 2035 554 2055 ,
580 2011 629 2045 ut
650 2017 727 2060 per
746 2003 839 2060 ejus
860 2001 993 2045 verba
1009 2002 1099 2060 jam
1118 2000 1342 2044 dissentire
1369 1999 1448 2042 de-

57 2071 264 2119 sinamus.
290 2070 368 2116 llle
388 2081 451 2115 est
473 2081 617 2115 autern
646 2071 894 2128 unigenitus
912 2069 1046 2114 Filius
1065 2079 1108 2114 ct
1126 2070 1319 2113 Verbum
1343 2069 1418 2112 Dei
1435 2089 1446 2126 3

57 2151 101 2187 et
135 2142 234 2187 ideo
262 2157 341 2186 nec
363 2143 593 2201 Prophetae
626 2143 762 2186 sancti
796 2157 897 2186 vera
928 2141 1052 2201 loqui
1081 2141 1336 2200 potuissent,
1370 2139 1449 2183 nisi

57 2211 113 2260 ab
143 2212 236 2271 ipsa
266 2212 468 2266 veritate,
506 2211 625 2272 quod
652 2221 715 2256 est
740 2212 933 2256 Verbum
964 2212 1068 2265 Dei,
1103 2209 1451 2255 manifestaretur

59 2281 120 2327 eis
155 2282 276 2342 quod
318 2282 540 2337 dicerent,
587 2291 628 2326 et
659 2283 890 2342 juberetur
932 2290 980 2325 ut
1023 2280 1232 2325 dicerent.
1263 2278 1450 2323 Proinde

59 2352 277 2412 prioribus
300 2353 569 2412 temporibus
595 2369 671 2412 per
694 2354 931 2412 Prophetas
953 2352 1100 2396 sonuit
1121 2352 1313 2395 Verbum
1338 2349 1415 2393 Dei
1438 2368 1446 2393 :

60 2421 220 2469 deinde
248 2438 324 2482 per
346 2438 389 2467 se
417 2423 559 2482 ipsum
582 2458 592 2477 ,
617 2439 716 2467 cum
742 2443 760 2464 «
783 2424 977 2467 Verbum
997 2438 1096 2466 caro
1113 2420 1276 2465 factum
1302 2429 1380 2473 cst,
1407 2428 1450 2463 et

63 2510 85 2535 »
108 2493 323 2538 habitavit
338 2493 383 2537 in
402 2494 557 2537 nobis²
582 2512 590 2538 :
619 2511 639 2535 »
665 2492 823 2538 deinde
847 2509 921 2552 per
942 2491 1188 2552 Apostolos,
1210 2506 1319 2550 quos
1335 2490 1449 2534 misit

115 2583 123 2600 ¹
150 2576 308 2619 Ephes,v.
326 2577 378 2609 23.
395 2594 436 2600 —
457 2583 469 2600 ²
488 2579 578 2609 Joan.
600 2587 622 2617 t,
645 2576 695 2617 ¹4·
