1825 3264
301 281 464 314 commu
496 280 699 312 m‘rTErtAs
731 284 965 325 emaum,
1001 288 1086 316 Lm,
1121 289 1168 315 ιι.
1348 277 1429 315 105

48 354 163 400 orbis
186 361 397 397 terrarum
416 387 427 407 ,
458 351 637 410 Pagani,
672 351 792 412 quod
826 353 958 408 absit,
1001 370 1055 399 an
1082 354 1315 400 Christiani
1343 369 1432 399 esse

47 423 320 481 desiderent3
341 437 442 468 cum
466 422 641 467 eosdem
662 432 811 468 contra
825 424 985 468 Christi
998 424 1205 470 familiam
1228 441 1315 471 non
1338 441 1432 471 ces-

47 497 145 542 satis
162 511 343 541 armare.
363 496 542 541 Nescitis
565 504 726 550 autem,
754 505 828 540 aut
845 496 990 555 potius
1013 511 1100 540 non
1124 496 1298 555 legistis,
1313 497 1434 558 quod

46 567 226 612 crimine.
245 566 468 610 hominem
502 564 738 610 occidentis
766 566 902 625 majus
934 566 1098 611 crimen
1120 575 1183 610 est
1205 569 1387 612 suasoris
1417 570 1434 610 ⁴?

47 635 219 682 Jezabel
234 636 279 680 in
289 645 475 681 mortem
489 635 675 680 hominis
681 636 786 695 justi
801 635 869 680 vel
884 637 1083 696 pauperis
1092 637 1294 681 maritum
1309 653 1435 681 suum

45 708 304 752 excitaverat
322 721 484 766 regem,
505 707 597 766 pari
619 715 765 751 tamen
788 706 1002 766 supplicio
1023 708 1089 753 vir
1110 716 1153 752 et
1178 723 1284 753 uxor
1305 708 1434 752 ambo

46 778 269 838 perierunt
295 779 323 821 ¹.
350 780 501 837 Neque
523 777 638 821 enim
656 792 731 822 vos
748 777 871 821 aliter
896 792 1015 836 reges
1036 777 1256 838 impellitis
1271 813 1282 833 ‚
1303 793 1434 839 quam

45 858 96 893 ut
111 864 224 909 saepe
246 847 414 892 subtilis
431 847 608 893 suadela
625 847 832 893 foeminea
850 864 970 908 reges
990 848 1166 909 impulit
1183 849 1227 893 in
1247 858 1431 893 reatum.

24 919 218 964 ‚Etenim
254 934 330 978 per
352 919 485 963 filiam
513 934 621 964 uxor
645 918 828 963 Herodis
853 920 1100 979 impetravit
1130 935 1178 964 ac
1210 920 1369 964 meruit
1392 921 1437 963 in

43 990 162 1036 disco
179 991 235 1035 ad
256 1005 447 1035 mensam
469 999 601 1050 caput
617 990 795 1035 Joannis
811 990 955 1035 afferri
971 994 1004 1035 ².
1024 991 1226 1036 Pontium
1244 990 1438 1036 Pilatum

45 1062 188 1106 Judaei
209 1063 267 1107 sic
285 1066 538 1121 coegerunt,
559 1071 608 1107 ut
626 1063 849 1108 Christum
862 1063 1101 1108 Dominum
1124 1064 1242 1108 cruci
1264 1063 1439 1122 suffige-

46 1142 110 1176 ret
139 1134 171 1187 ³,
196 1134 317 1192 cujus
339 1134 594 1192 sanguinem
616 1133 834 1178 vindicem
857 1149 987 1193 super
1007 1149 1052 1178 se
1074 1149 1242 1193 semper
1268 1149 1316 1178 ac
1340 1149 1440 1178 suos

46 1218 219 1249 manere
234 1203 483 1249 voluerunt.
506 1206 570 1248 Ita
586 1219 661 1248 vos
679 1205 811 1262 igitur
825 1206 1033 1262 sanguine
1045 1213 1194 1249 nostro
1208 1214 1440 1265 peccantes

46 1275 242 1319 obruitis.
269 1277 364 1320 Non
388 1276 471 1319 eim
488 1310 498 1329 ‚
536 1276 614 1318 etsi
634 1274 769 1334 judex
801 1277 1032 1334 percutiat,
1057 1291 1146 1321 non
1175 1286 1329 1321 vestrae
1363 1292 1442 1321 nos

46 1346 189 1406 potius
211 1345 440 1390 calumniae
462 1344 691 1388 ferierunt.
719 1346 828 1389 Dicit
850 1346 966 1389 enim
989 1346 1202 1405 propheta
1225 1346 1363 1390 David
1392 1361 1443 1389 ex

46 1415 219 1462 Domini
245 1415 403 1461 Christi
425 1430 610 1475 persona
636 1434 645 1460 :
673 1434 692 1457 «
714 1417 859 1468 Quare
880 1414 1159 1460 fremuerunt
1186 1425 1334 1474 gentes
1352 1450 1362 1470 ,
1401 1424 1444 1459 et

52 1506 72 1530 »
108 1488 260 1547 populi
303 1487 500 1531 meditati
537 1496 638 1531 sunt
660 1487 839 1531 inania?
872 1489 1116 1532 Astiterunt
1148 1501 1266 1545 reges
1298 1495 1442 1542 terrae,

51 1578 72 1602 »
107 1568 151 1603 et
169 1559 382 1619 principes
403 1568 700 1603 convenerunt
734 1558 779 1602 in
798 1573 935 1602 unum
955 1558 1159 1602 adversus
1181 1558 1416 1603 Dominum
1430 1593 1442 1613 ‚

54 1650 72 1671 n
107 1639 151 1674 et
165 1628 347 1674 advesus
364 1629 586 1674 Christum
603 1630 709 1688 ejus.
733 1630 1061 1688 Disrumpamus
1075 1628 1250 1674 vincula
1270 1644 1439 1683 eorum,

53 1717 73 1741 »
109 1709 152 1743 et
186 1699 438 1759 abjiciamus
462 1714 484 1742 a
507 1700 637 1744 nobis
663 1701 822 1759 jugum
845 1700 1052 1759 ipsorum.
1080 1700 1165 1752 Qui
1203 1698 1374 1744 habitat
1402 1700 1446 1743 in

54 1789 74 1813 η
112 1770 251 1825 coelis,
272 1770 470 1815 irridebit
485 1786 586 1828 eos;
611 1779 654 1815 et
673 1771 882 1815 Dominus
895 1771 1182 1815 subsannabit
1198 1770 1310 1815 illos.
1326 1773 1447 1815 Tunc

55 1859 75 1883 »
115 1841 319 1902 loquetur
335 1842 389 1885 ad
405 1841 537 1885 cosin
555 1841 617 1886 ira
641 1857 734 1896 sua,
760 1850 803 1886 et
824 1842 868 1885 in
892 1841 1039 1886 furore
1062 1857 1140 1886 suo
1159 1841 1447 1886 conturbabit

56 1931 76 1954 »
119 1927 206 1958 eos.
231 1915 322 1971 Ego
356 1922 500 1957 autem
532 1913 794 1958 constitutus
817 1929 912 1958 sum
937 1929 1010 1958 rex
1040 1914 1094 1958 ab
1117 1929 1168 1958 eo
1191 1929 1320 1973 super
1345 1913 1449 1958 Sion

57 2002 77 2026 »
114 1993 307 2029 montem
323 1994 521 2030 sanctum
538 1987 646 2045 ejus,
665 1984 908 2043 praedicans
931 1994 1199 2044 praeceptum
1223 1986 1331 2044 ejus.
1361 1987 1448 2027 Do-

58 2073 78 2097 »
114 2056 257 2099 minus
278 2055 386 2099 dixit
408 2055 463 2100 ad
486 2071 555 2099 me
575 2075 583 2100 :
612 2055 746 2099 Filius
769 2070 889 2098 meus
916 2070 959 2099 es
982 2065 1046 2109 tu,
1068 2071 1149 2113 ego
1167 2053 1297 2098 hodie
1318 2055 1451 2113 genui

59 2144 79 2168 »
115 2135 171 2170 te.
200 2129 302 2169 Pete
323 2141 346 2168 a
370 2140 439 2169 me
455 2160 466 2179 ‚
491 2134 533 2169 et
556 2125 671 2170 dabo
695 2126 773 2169 tibi
797 2134 945 2183 gentes
974 2125 1273 2170 haereditatem
1304 2134 1447 2181 tuam,

58 2215 78 2238 »
113 2206 156 2240 et
180 2196 487 2255 possessionem
511 2204 627 2240 tuam
645 2197 852 2240 terminos
871 2205 1012 2241 terrae.
1035 2200 1173 2255 Reges
1186 2198 1314 2241 eosin
1335 2196 1452 2254 virga

57 2284 77 2308 »
116 2265 270 2321 ferrea,
291 2275 334 2310 et
357 2275 566 2326 tanquam
589 2282 661 2311 vas
685 2266 805 2324 figuli
822 2265 917 2311 illos
934 2267 1245 2312 comminues⁴.
1266 2284 1286 2307 »
1306 2269 1449 2326 Ipsos-

55 2351 157 2396 que,
183 2335 228 2380 id
251 2346 330 2391 est,
351 2351 487 2396 reges,
519 2352 574 2381 ne
596 2337 718 2397 quasi
741 2337 881 2395 ignari
900 2336 967 2381 vel
991 2337 1122 2381 nescii
1142 2337 1343 2396 persequi
1365 2352 1446 2379 cu-

56 2416 210 2466 perent
227 2407 510 2461 Christianos,
536 2407 602 2452 his
625 2407 852 2467 praeceptis
876 2406 1122 2460 admonuit,
1148 2422 1202 2450 ne
1220 2406 1416 2466 perirent
1438 2424 1446 2450 :

58 2493 157 2537 quae
174 2476 270 2521 illos
281 2487 513 2537 praecepta,
527 2479 627 2537 quia
643 2479 858 2533 nesciunt,
878 2479 1047 2523 utinam
1064 2478 1321 2522 doceremus
1335 2512 1346 2532 ,
1373 2486 1450 2522 aut

108 2589 114 2605 ¹
145 2582 157 2623 't
186 2585 262 2624 Reg.
293 2593 371 2623 ur,
403 2594 452 2624 ¹9-
481 2600 521 2606 —
550 2590 561 2606 ²
582 2583 702 2615 Malu..
728 2593 797 2621 xiv,
823 2581 1123 2622 8.—³1d.x‹v11‚
1144 2582 1198 2624 ⁴24.
1221 2599 1258 2606 --
1278 2581 1293 2611 l·
1311 2582 1394 2615 Psal.
1414 2593 1449 2621 n,

67 2649 139 2680 ¹·9·
