1825 3264
353 197 372 230 1
382 192 434 230 42
777 198 809 226 s.
846 198 1076 226 Aucus‘russ
1110 199 1290 226 muscom

347 268 404 311 cis
422 264 742 317 Montensibus²
764 297 774 317 ‚
801 272 845 307 et
864 263 909 307 in
928 262 1179 321 Hispaniam
1199 261 1350 306 domui
1372 262 1500 306 unius
1517 261 1735 308 mulieris²
1794 258 1796 263 ¹

346 353 396 381 ex
433 335 579 379 Africa
623 333 910 378 mittentibus.
952 333 1107 378 Videte
1141 332 1512 392 quemadmodum
1540 333 1587 377 in
1613 342 1737 392 petra

346 406 573 452 exaltetur.
598 408 698 451 Non
720 420 822 464 ergo
840 406 885 450 in
911 421 961 449 ea
983 404 1225 465 deputandi
1248 414 1351 449 sunt
1370 419 1520 450 omnes
1538 404 1615 465 qui
1630 405 1735 450 aedi-

346 478 478 522 ficant
493 477 540 521 in
562 492 708 532 arena,
728 476 774 521 id
791 485 872 532 est,
892 476 968 537 qui
984 475 1169 520 audiunt
1187 475 1317 519 verba
1333 474 1495 520 Christi
1513 483 1557 519 et
1571 490 1660 520 non
1672 475 1739 520 fa-

347 548 470 593 ciunt
495 567 504 593 2
530 548 606 609 qui
627 557 774 592 tamen
795 557 839 592 et
859 546 976 607 apud
999 562 1075 592 nos
1097 555 1140 591 et
1159 547 1276 606 apud
1297 561 1373 591 vos
1400 546 1566 590 habent
1586 554 1630 591 et
1650 556 1740 592 tra-

349 619 461 665 dunt
483 620 687 680 baptismi
707 629 1041 665 sacramentum.
1073 617 1230 663 Videte
1251 618 1623 679 quemadmodum
1645 633 1741 678 spes

349 692 441 751 ejus
459 694 574 736 Deus
594 692 647 735 sit
674 695 800 736 Pater
820 700 863 736 et
885 690 1021 736 Filius
1042 699 1086 735 et
1107 691 1290 750 Spiritus
1311 699 1485 734 sanctus
1501 724 1512 744 ‚
1538 705 1629 734 non
1657 692 1740 734 Pe-

349 768 458 816 trus,
484 777 574 806 non
597 760 772 817 PaulUS‚
799 771 964 821 quanto
982 763 1125 805 minus
1150 764 1358 817 Donatus,
1384 770 1459 805 aut
1483 759 1738 805 Petilianus.

350 835 447 878 Non
490 849 594 892 ergo
632 843 823 877 vestrum
858 843 921 878 est
957 833 1078 892 quod
1113 832 1335 877 destruere
1367 832 1602 877 metuimus
1616 866 1628 887 ‚
1667 831 1745 876 sed

350 904 509 949 Christi
537 924 545 949 :
571 903 692 964 quod
726 914 769 948 et
802 905 847 948 in
879 904 1094 963 sacrilegis
1122 920 1198 963 per
1233 919 1277 949 se
1307 913 1506 948 sanctum
1525 913 1603 948 est.
1634 905 1745 949 Nam

350 975 572 1019 venientes
593 991 616 1019 a
639 976 762 1020 vobis
784 976 974 1035 recipere
1005 991 1094 1018 non
1122 990 1350 1034 possumus
1364 1009 1376 1030 ‚
1405 974 1487 1018 nisi
1509 972 1629 1033 quod
1651 988 1745 1018 ves-

350 1050 481 1089 trum'
499 1055 563 1090 est
593 1045 881 1090 destruamus.
920 1045 1190 1090 Destruimus
1212 1046 1328 1089 enim
1353 1045 1579 1104 perfidiam
1601 1044 1748 1089 deser-

350 1118 479 1172 toris,
517 1133 606 1162 non
628 1117 890 1162 destruimus
916 1118 1208 1162 characterem
1247 1117 1532 1177 imperatoris.
1559 1115 1747 1161 Proinde

349 1197 400 1232 tu
422 1188 511 1246 ipse
533 1189 775 1243 considera,
801 1198 845 1233 et
867 1188 1041 1233 destrue
1065 1188 1183 1249 quod
1203 1188 1347 1233 dixisti
1369 1208 1378 1234 ε
1409 1208 1430 1232 «
1454 1190 1565 1248 Ego,
1582 1187 1745 1248 inquis,

349 1257 526 1303 illorum
548 1258 733 1304 infectos
756 1260 929 1318 baptizo
948 1281 960 1318 3
984 1259 1048 1304 illi
1070 1275 1209 1315 meos,
1235 1260 1356 1320 quod
1378 1260 1512 1315 absit,
1532 1258 1750 1319 recipiunt

351 1329 605 1389 baptizatos.
631 1349 649 1372 »
679 1334 743 1374 Tu
771 1331 887 1375 enim
912 1346 1001 1376 non
1024 1330 1210 1376 infectos
1247 1331 1467 1390 baptizas,
1493 1330 1595 1385 sed,
1617 1338 1667 1375 ut
1684 1329 1751 1374 tui

352 1401 506 1445 erroris
528 1400 682 1445 fraude
702 1402 884 1456 inficias,
909 1402 1163 1461 rebaptizas.
1185 1405 1271 1447 Nos
1294 1410 1442 1446 autem
1461 1417 1551 1446 non
1570 1410 1666 1445 tuos
1686 1415 1750 1444 re-

352 1470 534 1529 cipimus
568 1472 808 1530 baptizatos
831 1506 841 1527 ,
879 1471 954 1516 sed
977 1472 1242 1517 destruimus
1264 1487 1456 1517 errorem
1479 1481 1608 1516 tuum
1629 1469 1750 1515 unde

351 1550 453 1586 sunt
472 1543 550 1595 tui,
571 1551 615 1586 et
636 1544 893 1602 suscipimus
914 1544 1074 1588 Christi
1090 1544 1354 1603 baptismum
1377 1542 1495 1588 unde
1517 1551 1619 1588 sunt
1639 1543 1750 1602 bap-

355 1612 486 1656 tizati.
523 1616 677 1673 Itaque
717 1623 964 1673 opportune
998 1616 1042 1657 in
1076 1613 1220 1659 medio
1251 1616 1327 1659 abs
1359 1624 1402 1659 te
1435 1614 1626 1674 positum
1651 1622 1746 1668 est,

358 1701 378 1723 «
404 1685 524 1742 quod
542 1683 666 1728 absit.
699 1703 716 1725 »
745 1684 889 1728 Dixisti
910 1684 1024 1727 enim
1052 1703 1059 1728 :
1086 1703 1105 1726 «
1129 1684 1196 1728 llli
1219 1700 1353 1741 meos,
1378 1684 1499 1745 quod
1521 1685 1652 1739 absit,
1678 1698 1749 1727 re-

359 1770 378 1792 »
405 1753 575 1812 cipiunt
594 1753 847 1813 baptizatos.
871 1775 889 1796 »
911 1757 1018 1800 Nam
1038 1770 1138 1798 Cum
1157 1764 1206 1799 tu
1222 1755 1353 1800 velles
1375 1755 1562 1814 intelligi
1587 1774 1608 1798 «
1628 1751 1750 1814 quod

354 1824 466 1868 absit
485 1825 716 1883 recipiunt,
742 1844 760 1867 »
787 1826 944 1870 timens
970 1841 1024 1870 ne
1041 1834 1138 1870 tuos
1158 1827 1414 1886 recipiamus
1431 1848 1443 1886 3
1462 1841 1542 1885 ego
1560 1826 1752 1870 nescien-

353 1902 442 1938 tem
466 1895 618 1940 dixisse
636 1896 798 1955 accipio
815 1932 824 1950 ‚
855 1916 874 1939 «
896 1913 1014 1941 meos
1031 1897 1153 1957 quod
1167 1898 1294 1943 absit.
1316 1917 1334 1939 n
1357 1901 1523 1944 Revera
1538 1898 1653 1942 enim
1671 1897 1748 1940 ab-

355 1966 408 2009 sit
429 1976 476 2010 ut
498 1968 561 2010 tui
585 1968 670 2012 sint
687 2003 697 2023 ,
726 1969 802 2028 qui
818 1970 907 2029 jam
932 1968 987 2013 ad
1006 1969 1276 2014 Catholicam
1301 1977 1528 2015 transeunt
1555 1988 1564 2014 :
1588 1984 1669 2013 nec
1691 1969 1750 2012 sic

355 2045 596 2094 transeunt,
623 2050 671 2085 ut
694 2040 898 2099 baptizati
920 2041 1054 2084 nostri
1072 2041 1172 2096 sint,
1191 2041 1268 2085 sed
1289 2051 1338 2087 ut
1354 2042 1460 2088 socii
1476 2041 1614 2087 nostri
1634 2040 1720 2086 sint
1734 2073 1747 2095 ‚

355 2108 559 2169 baptizati
583 2121 731 2156 autem
751 2112 913 2158 Christi
936 2112 1164 2157 nobiscum
1189 2115 1292 2157 sint.

403 2240 410 2255 ¹
425 2235 604 2267 Donatista<
619 2238 724 2267 Roma}
738 2237 840 2268 dictos
848 2239 1026 2268 §tomen-<es
1034 2237 1219 2269 observavit
1229 2236 1417 2279 Augustinus
1432 2236 1462 2269 in
1476 2236 1532 2268 lib.
1546 2237 1586 2268 dc
1594 2237 1746 2269 Haeresib.

354 2288 430 2320 licor.
453 2291 496 2332 69
529 2296 561 2323 et
583 2292 613 2323 in
636 2293 735 2333 Epist.
756 2303 819 2330 tiu,
838 2302 867 2322 n.
890 2301 921 2323 2.
940 2295 979 2323 Et
996 2298 1071 2325 ante
1093 2293 1192 2335 ipsum
1211 2295 1360 2335 optarim,
1376 2292 1430 2324 lib.
1446 2304 1478 2324 ii.
1498 2293 1631 2325 Eosdem
1651 2292 1749 2325 etiam

355 2351 486 2378 vocatos
500 2348 543 2379 ibi
563 2350 804 2391 Cutzupitanos,
820 2349 888 2381 sive
907 2350 1107 2391 Cutzupitas,
1121 2350 1269 2382 discimus
1286 2361 1325 2382 ex
1346 2350 1433 2383 dicta
1453 2348 1557 2393 Epist'.
1576 2361 1646 2392 un,
1662 2353 1749 2382 etex

355 2401 434 2435 libro
454 2404 494 2437 de
508 2406 637 2439 Unitate
651 2406 815 2445 Ecclesiae,
835 2417 906 2449 cap.
932 2407 963 2439 3.
986 2423 1024 2429 ·-
1046 2413 1058 2429 ²
1073 2406 1211 2440 Lucillae.
