1907 3291
133 304 234 407 S.
299 306 627 409 ΑΗΒ.
692 310 1501 422 AUGUSTINI

455 525 860 565 HIPPONENSIS
897 530 1178 569 EPISCOPI

266 670 728 759 CONTRA
796 679 1369 769 LITTERAS

490 880 1126 969 PETILIANI

663 1090 839 1138 LIBRI
878 1093 956 1139 III
970 1128 980 1137 .

121 1240 1490 1297 &fflffiffiffifflfflffiffiffiffiffiffiffiffiffiffiffiffiu

622 1405 853 1458 LIBER
899 1408 1002 1460 ΙΙΙ.

114 1561 178 1609 In
199 1578 292 1623 quo
308 1562 554 1611 adomnia
575 1575 622 1612 et
636 1567 829 1631 singula
850 1567 999 1614 verba
1015 1564 1251 1628 Epistolae
1274 1569 1504 1616 Petiliam

171 1634 240 1680 sie
254 1634 508 1695 respondet
515 1638 564 1682 A
567 1641 831 1701 agustinus,
847 1649 1084 1700 tanquam
1096 1655 1207 1686 cum
1217 1639 1497 1689 adversan'o

167 1715 404 1765 praesente
419 1706 738 1768 colloquatur.

34 1961 61 2046 ᾗ
170 1984 205 2026 Ι.
247 1985 400 2027 anis
431 1982 628 2043 partibus
658 1982 866 2043 Epistolae
898 1981 1097 2027 Petiliani
1110 1985 1144 2037 2,
1175 1996 1282 2042 quas
1319 1990 1493 2026 tantum

27 2045 30 2051 Α
112 2052 244 2096 modo
263 2053 582 2107 inveneramus,
598 2054 698 2097 satis
713 2068 791 2097 nos
807 2051 1077 2110 respondisse
1093 2051 1403 2106 meminerunt,
1419 2050 1495 2112 qui

111 2136 160 2166 ea
182 2121 324 2182 legere
339 2122 408 2167 vel
428 2123 577 2168 audire
599 2131 851 2184 potuerunt.
877 2122 960 2168 Sed
981 2123 1083 2182 quia
1103 2131 1251 2181 postea
1274 2130 1363 2166 tota
1385 2131 1448 2167 est
1469 2138 1494 2167 a

108 2191 315 2238 fratribus
335 2194 511 2239 inventa
533 2204 662 2255 atque
684 2193 914 2255 descripta,
942 2195 1156 2254 missaque
1175 2192 1300 2237 nobis
1318 2202 1367 2237 ut
1388 2193 1490 2238 uni-

107 2278 240 2309 versae
258 2264 612 2325 respondeamus,
636 2281 724 2310 non
747 2275 839 2309 erat
858 2263 1174 2323 defugiendum
1191 2265 1274 2309 hoc
1295 2265 1488 2309 officium

19 2334 45 2398 3
106 2335 208 2394 styli
225 2337 380 2381 nostri:
406 2352 493 2382 non
511 2337 611 2398 quia
628 2336 698 2380 ille
715 2351 876 2381 novum
889 2335 1056 2398 aliquid
1071 2335 1191 2388 dicit,
1210 2336 1279 2380 cui
1297 2352 1384 2381 non
1397 2337 1485 2396 jam

105 2406 252 2452 multis
266 2407 405 2453 modis
421 2417 465 2453 et
481 2423 594 2468 saepe
616 2423 868 2466 responsum
886 2417 948 2452 est
965 2427 973 2452 :
993 2406 1068 2452 sed
1085 2416 1262 2466 propter
1276 2406 1484 2451 tardiores

153 2511 163 2529 ¹
183 2506 325 2549 Scriptus
340 2506 471 2540 circiter
487 2506 611 2540 initium
627 2505 702 2539 anni
720 2505 794 2546 402.
812 2522 853 2528 --—
869 2513 880 2528 ²
904 2505 983 2538 Vide
997 2505 1034 2536 D.
1054 2504 1190 2546 Guillon,
1210 2508 1288 2536 tom.
1316 2515 1395 2546 xxu,
1414 2514 1486 2547 pag.

108 2561 271 2606 725·228.

1260 2617 1295 2652 1.
