1825 3264
330 238 411 277 224
761 247 793 273 a.
831 244 1059 274 norsum
1094 247 1274 274 eiuscom

330 316 430 358 hae?
448 312 530 357 Sed
554 309 699 354 Judaei
716 309 901 354 Paulum
917 309 1158 370 apostolum
1183 325 1272 354 non
1294 310 1448 368 legunt
1470 311 1515 353 in
1533 325 1714 370 synago-

330 384 391 441 gis
414 383 500 426 suis
519 417 529 435 ,
555 395 689 441 quem
720 395 796 425 vos
817 379 954 438 legitis
977 382 1021 424 in
1043 380 1358 425 conventiculis
1387 381 1537 425 vestris
1559 400 1568 425 :
1599 381 1716 434 Quid

329 467 432 510 ergo
455 451 571 496 dicat
603 449 863 511 Apostolus,
897 451 1138 495 audiamus.
1181 451 1425 504 Quaerimus
1462 451 1576 495 enim
1597 452 1712 511 jam,

328 522 702 582 quemadmodum
729 521 1062 581 intelligendum
1095 523 1149 566 sit
1170 537 1315 566 semen
1339 522 1539 566 Abrahae.
1561 541 1580 563 «
1611 525 1716 566 Fra-

330 610 350 635 »
371 601 472 647 tres,
489 593 646 652 inquit,
682 591 922 637 secundum
954 593 1173 637 hominem
1198 591 1316 646 dico,
1350 601 1496 636 tamen
1527 592 1717 636 hominis

330 680 351 705 »
368 665 676 708 confirmatum
687 671 995 706 testamentum
1012 678 1140 707 nemo
1154 662 1324 706 irritum
1342 661 1459 717 facit,
1478 671 1716 722 autsuper-

330 751 351 774 »
375 733 559 778 ordinat.
581 734 767 778 Abrahae
789 731 918 778 dictae
932 741 1033 776 sunt
1056 732 1357 792 promissiones
1376 741 1417 777 et
1437 732 1590 776 semini
1607 733 1714 791 ejus.

331 821 352 845 »
373 807 469 849 Non
479 804 598 859 dicit,
615 814 659 849 et
674 805 930 860 seminibus,
953 814 1161 864 tanquam
1177 805 1221 847 in
1240 803 1405 861 multis,
1421 804 1495 847 sed
1511 812 1718 862 tanquam

330 893 350 917 »
373 875 419 919 in
437 891 543 931 uno,
569 885 613 920 et
632 877 784 921 semini
807 886 899 932 tuo,
917 875 1037 936 quod
1055 884 1118 919 est
1134 875 1354 920 Christus¹
1373 894 1393 916 n
1415 877 1542 919 .Ecce
1564 875 1609 918 in
1630 889 1719 933 quo

327 945 490 989 semine
526 946 848 991 benedicuntur
883 961 1032 991 omnes
1068 955 1232 1004 gentes.
1264 948 1377 989 Ecce
1407 954 1719 989 testamentum

328 1016 430 1060 Dei:
451 1016 614 1074 aperite
636 1032 773 1060 aures.
803 1016 1050 1070 «Hominis,
1069 1015 1228 1074 inquit,
1254 1016 1561 1059 confirmatum
1585 1023 1719 1058 testa-

330 1103 350 1126 »
371 1095 569 1130 mentum
593 1102 722 1131 nemo
742 1087 915 1130 irritum
934 1085 1064 1140 facit,
1091 1095 1166 1130 aut
1187 1084 1506 1144 superordinat.
1531 1104 1550 1126 »
1578 1087 1721 1138 Quare

328 1170 404 1200 vos
421 1156 592 1201 irritum
610 1157 759 1201 facitis
778 1166 1085 1201 testamentum
1102 1157 1193 1211 Dei,
1214 1156 1401 1201 dicendo
1422 1171 1500 1200 nec
1518 1156 1562 1199 in
1578 1154 1720 1200 omni-

327 1226 408 1271 bus
422 1228 623 1285 gentibus
638 1243 726 1272 esse
743 1228 1027 1286 completum,
1041 1238 1083 1272 et
1098 1228 1271 1287 periisse
1282 1228 1370 1287 jam
1384 1226 1439 1271 de
1457 1226 1658 1286 gentibus
1674 1226 1720 1268 in

326 1298 487 1356 quibus
504 1307 596 1342 erat
612 1314 758 1343 semen
776 1300 991 1343 Abrahae?
1005 1302 1148 1352 Quare
1161 1298 1500 1357 superordinatis
1513 1295 1716 1350 dicendo,

328 1368 374 1411 in
402 1369 532 1413 nullis
555 1370 678 1413 terris
701 1369 919 1413 haeredem
956 1385 1208 1429 permanere
1241 1370 1460 1414 Christum
1479 1403 1489 1423 ,
1530 1367 1613 1411 nisi
1642 1367 1719 1411 ubi

332 1439 472 1496 potuit
490 1439 763 1483 cohaeredem
794 1440 956 1483 habere
981 1444 1199 1484 Donatum
1217 1442 1234 1483 P
1255 1442 1353 1485 Non
1376 1438 1621 1483 invidemus
1639 1436 1718 1480 ali-

327 1509 396 1551 cui
419 1527 427 1551 ;
448 1507 579 1567 legite
603 1509 728 1552 nobis
750 1510 831 1554 hoc
855 1510 910 1553 de
935 1513 1072 1568 Lege,
1098 1510 1152 1553 de
1175 1509 1422 1568 Prophetis,
1445 1508 1499 1552 de
1523 1507 1716 1561 Psalmis,

326 1577 380 1620 de
400 1578 492 1636 ipso
516 1578 767 1636 Evangelio,
785 1579 838 1622 de
861 1580 1118 1638 Apostolicis
1141 1580 1330 1633 Litteris,
1351 1578 1497 1637 legite,
1520 1587 1562 1621 et
1576 1576 1719 1621 credi-

326 1663 422 1691 mus
444 1669 455 1705 3
480 1649 591 1693 sicut
619 1665 695 1693 nos
718 1650 842 1693 vobis
867 1650 1051 1708 legimus
1073 1659 1115 1693 et
1139 1651 1193 1693 de
1217 1650 1374 1693 Genesi
1399 1652 1410 1675 ¹
1436 1658 1479 1693 et
1501 1649 1555 1692 de
1578 1651 1717 1708 Apos-

328 1717 433 1772 tolo,
460 1719 563 1777 quia
586 1719 631 1762 in
649 1719 811 1763 semine
837 1720 1042 1775 Abrabae,
1066 1720 1187 1778 quod
1211 1729 1274 1765 est
1296 1720 1510 1774 Christus,
1536 1717 1716 1762 bencdi-

327 1798 489 1833 cuntur
507 1804 655 1832 omnes
674 1798 836 1848 gentes.

386 1862 489 1903 XII.
517 1859 676 1903 Audite
701 1861 783 1904 hoc
806 1861 919 1904 idem
943 1870 1251 1905 testamentum
1277 1861 1332 1905 ad
1367 1864 1482 1905 Isaac
1507 1860 1636 1904 etiam
1665 1860 1718 1903 fi-

327 1930 433 1973 lium
454 1931 655 1974 Abrahae.
683 1949 703 1972 «
730 1934 860 1975 Facta
873 1941 936 1975 est
955 1941 1099 1975 autem
1118 1932 1251 1975 fames
1269 1946 1399 1990 super
1413 1941 1588 1985 terram,
1610 1946 1718 1989 prae-

331 2009 431 2044 »ter
456 2000 615 2044 famem
633 2016 732 2060 quae
750 2010 850 2045 ante
874 2001 987 2045 faeta
1012 2010 1074 2045 est
1097 2001 1140 2044 in
1164 2010 1357 2060 tempore
1376 2001 1578 2045 Abrahae.
1599 1999 1719 2044 Abiit

331 2075 356 2110 ἡ·
369 2080 514 2114 autem
544 2074 661 2115 Isaac
693 2070 747 2115 ad
765 2071 1021 2115 Abimelech
1045 2087 1190 2130 regem
1222 2072 1544 2116 Philistinorum
1565 2071 1610 2114 in
1631 2072 1719 2115 Ge·

333 2158 352 2180 »
371 2156 488 2184 rara:
509 2151 552 2184 et
573 2142 772 2200 apparuit
794 2142 857 2185 illi
882 2143 1106 2197 Dominus,
1123 2151 1165 2186 et
1183 2142 1310 2186 dixit:
1338 2142 1435 2188 Noli
1457 2141 1719 2186 descendere

332 2210 414 2254 »in
436 2214 696 2270 AEgyptum‚
733 2212 880 2255 habita
902 2222 1048 2256 autem
1070 2213 1116 2255 in
1149 2221 1261 2256 terra
1287 2227 1420 2272 quam
1441 2212 1520 2256 tihi
1542 2213 1715 2266 dixerO,

333 2297 353 2321 n
369 2289 413 2324 et
433 2282 582 2325 habita
606 2282 651 2325 in
674 2291 786 2325 terra
816 2282 912 2336 hac,
937 2292 981 2325 et
1000 2298 1073 2326 ero
1097 2291 1241 2326 tecum
1257 2317 1269 2338 ,
1307 2291 1350 2325 et
1372 2281 1626 2326 benedicam
1657 2290 1716 2328 te.

332 2350 465 2394 »Tibi
492 2352 608 2395 enim
641 2360 683 2395 et
718 2352 870 2395 semini
907 2361 983 2396 tuo
1015 2351 1131 2396 dabo
1171 2367 1346 2397 omnem
1385 2361 1542 2396 terram
1572 2353 1715 2398 hanc:

333 2430 411 2464 »et
425 2431 608 2465 statuam
629 2422 937 2481 jusjurandum
975 2431 1136 2478 tecum,
1169 2423 1289 2482 quod
1319 2423 1464 2483 juravi
1497 2422 1717 2467 Abraham

333 2492 479 2549 »patri
497 2502 593 2536 tuo:
614 2500 657 2536 et
672 2491 893 2551 ampliabo
909 2508 1056 2537 semen
1073 2502 1197 2538 tuum
1209 2502 1417 2554 tanquam
1430 2492 1574 2538 stellas
1591 2491 1715 2549 coeli,

377 2580 385 2597 ¹
408 2574 475 2608 Gal.
496 2586 542 2617 ιιι,
565 2576 763 2613 15—17.—²
783 2579 863 2610 Gen.
885 2589 963 2619 xxa,
988 2580 1038 2611 18.
