1825 3264
313 257 396 298 498
753 269 787 296 s.
822 262 1055 295 Aucus-,mu
1088 266 1271 295 EPISCOPI

309 333 501 395 pondere
517 331 763 392 compellit,
787 332 870 377 nisi
889 333 935 378 in
966 333 1195 378 schismate
1215 331 1493 386 Maximiani,
1519 339 1698 392 propter

307 405 428 466 quod
449 403 522 449 illa
543 404 588 448 in
610 419 761 449 omnes
788 413 851 449 est
867 404 1037 464 prolata
1057 404 1273 449 sententia
1294 405 1312 448 ?
1339 403 1405 448 lbi
1425 417 1530 462 ergo
1551 403 1696 462 bapti-

309 485 517 522 zaverunt
550 490 623 520 eos
645 510 656 531 ‚
696 476 743 520 in
774 476 936 537 quibus
956 475 1011 522 ad
1047 492 1124 521 vos
1153 475 1393 520 simulinde
1421 475 1699 520 venientibus

307 548 573 607 baptismum
589 547 749 593 Christi
771 563 862 593 non
889 548 981 592 ausi
1012 548 1111 592 estis
1129 547 1374 592 rescindere
1393 580 1406 602 ‚
1435 546 1539 607 quia
1559 545 1699 591 coacti

310 619 408 663 estis
437 633 683 677 agnoscere.
725 618 850 664 Unde
881 619 974 679 ipso
1004 618 1122 664 facto
1144 628 1287 664 vestro
1305 653 1316 674 ‚
1355 633 1484 678 opere
1519 626 1664 662 vestro
1683 651 1695 673 ,

302 690 467 750 judicio
489 699 633 735 vestro
656 689 857 734 adversus
879 705 956 735 vos
981 691 1137 735 merito
1159 699 1361 750 recteque
1388 688 1668 735 concluditur
1684 722 1694 732 .

308 760 631 819 agnoscendum
643 775 732 805 esse
749 761 1015 820 baptismum
1031 760 1210 816 Christi,
1236 760 1403 805 etiamsi
1418 769 1536 805 extra
1547 758 1698 804 Eccle-

305 830 411 875 siam
430 832 556 876 datus
571 831 720 886 fuerit,
738 841 781 876 et
794 831 892 876 ideo
914 847 992 876 nos
1016 832 1099 876 hoc
1121 833 1191 892 pie
1207 846 1449 890 cognocere
1466 832 1512 876 in
1525 830 1693 885 vestris,

306 917 381 947 vos
402 902 534 961 impie
557 901 801 947 rescindere
820 903 866 946 in
883 904 1055 947 nostris.

364 974 481 1016 XLI.
520 972 604 1017 Sed
627 971 739 1017 forte
762 973 949 1031 poenitet
971 972 1073 1016 talia
1104 981 1147 1016 te
1179 973 1312 1016 verba
1335 971 1526 1030 posuisse
1547 1005 1559 1025 ‚
1596 986 1697 1030 quae

306 1044 419 1087 hanc
440 1043 666 1087 veritatem
687 1043 813 1087 nimis
837 1053 1058 1101 urgerent,
1076 1044 1281 1103 quoniam
1299 1041 1443 1087 dixisti
1457 1061 1497 1088 ια
1514 1045 1698 1087 Factum

305 1122 368 1156 est
390 1121 440 1156 ut
456 1127 500 1156 se
524 1112 727 1157 Ecclesiae
745 1111 1034 1158 reddidissent
1049 1148 1061 1168 ‚
1086 1122 1131 1158 et
1152 1122 1253 1158 ante
1266 1113 1383 1157 diem
1405 1113 1698 1173 praestitutum

304 1183 492 1227 restituti
514 1218 528 1238 ,
568 1183 859 1243 peremptoria
892 1185 1107 1229 sententia
1141 1200 1232 1229 non
1265 1194 1521 1229 tenerentur
1554 1203 1564 1230 ι
1602 1202 1625 1226 ι»
1648 1192 1700 1228 ut

306 1254 644 1315 responderetur
679 1256 756 1300 tibi
783 1275 792 1301 :
824 1255 1057 1309 Quomodo
1078 1271 1122 1301 se
1154 1255 1356 1301 Ecclesiae
1378 1255 1694 1309 reddiderunt,

307 1326 531 1385 quomodo
547 1326 686 1371 eidem
710 1328 898 1372 restituti
919 1337 1037 1379 sunt,
1052 1327 1086 1371 si
1101 1327 1156 1371 ab
1167 1343 1216 1371 ea
1230 1342 1319 1370 non
1340 1333 1467 1370 erant
1487 1324 1696 1385 separati3

309 1405 384 1441 aut
398 1397 432 1441 si
445 1399 629 1456 separati
645 1408 784 1452 erant,
796 1396 1020 1457 quomodo
1035 1397 1345 1457 baptizabant?
1359 1397 1443 1442 Sed
1457 1396 1565 1456 quid
1577 1395 1699 1439 aliud

309 1467 472 1511 diceres
488 1502 500 1521 ‚
526 1467 607 1510 nisi
625 1466 748 1527 quod
769 1468 825 1512 ab
845 1468 905 1512 eis
927 1468 1123 1512 audieras
1139 1503 1150 1523 ,
1171 1483 1281 1528 quos
1303 1467 1575 1522 consuluisti,
1595 1480 1696 1511 cum

310 1553 360 1581 ex
386 1539 467 1583 hac
489 1553 616 1582 causa
639 1539 812 1583 Litteris
840 1539 946 1584 meis
967 1539 1095 1584 valde
1124 1539 1434 1599 permovereris
1453 1557 1461 1583 :
1486 1548 1530 1582 et
1552 1546 1699 1582 tamen

309 1606 499 1653 fortassis
521 1618 563 1652 te
580 1618 765 1667 arguant
785 1644 796 1664 ,
834 1619 875 1653 te
908 1609 1229 1669 reprehendant
1249 1645 1260 1664 ‚
1285 1608 1406 1671 quod
1430 1608 1531 1653 talia
1561 1608 1696 1653 verba

310 1679 483 1722 incaute
499 1680 706 1738 posueris.
726 1683 802 1724 Est
814 1681 935 1740 quod
949 1690 991 1725 te
1009 1681 1213 1726 adversus
1225 1697 1297 1727 eos
1311 1681 1497 1726 maxime
1509 1679 1694 1733 muniat,

312 1763 361 1792 ac
397 1758 518 1793 tuam
554 1750 768 1794 tristitiam
802 1751 1066 1794 consoletur.
1101 1753 1209 1796 Nam
1239 1760 1283 1796 et
1312 1752 1392 1810 ipsi
1421 1751 1468 1794 in
1500 1748 1697 1809 ejusdem

311 1818 483 1862 concilii
505 1819 680 1863 decreto
697 1819 799 1863 talia
818 1829 1074 1878 posuerunt.
1100 1819 1227 1864 Unde
1240 1854 1251 1874 ,
1277 1821 1312 1864 si
1333 1819 1459 1865 nobis
1480 1819 1594 1864 lecto
1614 1819 1698 1864 isto

312 1889 523 1948 opusculo
555 1899 704 1934 nostro
726 1890 785 1934 ita
807 1890 1070 1949 respondere
1090 1889 1308 1934 voluerint
1323 1925 1334 1945 ,
1369 1890 1490 1950 quod
1515 1890 1575 1935 eis
1605 1904 1698 1934 nou

311 1960 597 2020 praejudicent
612 1961 746 2005 verba
766 1960 868 2005 laici
889 1962 955 2006 sui
969 1996 979 2016 ‚
1000 1961 1132 2005 verba
1149 1962 1339 2021 ipsorum
1356 1962 1565 2006 continuo
1586 1961 1698 2005 reci-

311 2032 516 2076 tabimus.
558 2051 578 2074 «
606 2035 691 2077 Eos
713 2041 884 2087 autem,
910 2033 1145 2093 inquiunt,
1171 2048 1282 2092 quos
1310 2032 1501 2091 sacrilegi
1534 2031 1698 2077 surculi

311 2118 401 2146 non
433 2103 625 2161 polluere
647 2103 857 2162 plantaria
872 2138 883 2158 ,
911 2106 993 2148 hoc
1015 2113 1078 2148 est
1098 2139 1109 2159 ‚
1132 2104 1209 2164 qui
1231 2120 1255 2148 a
1285 2104 1537 2150 Maximiani
1558 2104 1698 2163 capite

311 2173 506 2231 proprias
533 2189 687 2218 manus
707 2174 956 2218 verecundo
985 2174 1086 2218 fidei
1116 2174 1285 2233 pudore
1317 2183 1588 2219 retraxerunt
1606 2207 1617 2227 ,
1641 2171 1698 2216 ad

310 2253 496 2287 matrem
523 2244 759 2289 Ecclesiam
787 2244 928 2289 redire
949 2246 1234 2304 permisimus.
1261 2248 1373 2290 Cum
1404 2245 1519 2288 enim
1537 2244 1596 2288 eis
1625 2243 1697 2288 di-

312 2316 424 2359 citur
450 2333 458 2359 :
487 2316 557 2359 Isti
575 2331 685 2375 quos
706 2315 761 2359 ad
783 2325 967 2360 matrem
998 2316 1233 2360 Ecclesiam
1256 2315 1395 2360 redire
1420 2315 1693 2375 permisistis,

314 2394 548 2445 antequam
570 2387 782 2441 redirent,
814 2386 891 2429 ubi
909 2395 1032 2430 erant
1052 2388 1071 2429 P
1091 2386 1288 2430 similiter
1311 2396 1523 2445 urgentur
1540 2420 1552 2441 ,
1576 2401 1626 2430 ac
1647 2394 1699 2430 tu

315 2456 446 2513 paulo
460 2465 560 2500 ante
578 2457 720 2500 verbis
733 2472 756 2500 a
777 2465 820 2500 te
831 2457 978 2515 positis
996 2459 1230 2515 urgebaris.
1251 2457 1333 2501 Ubi
1350 2458 1465 2501 enim
1478 2472 1549 2502 eos
1567 2457 1698 2500 fuisse

315 2526 658 2583 respondebunt,
687 2526 768 2570 nisi
790 2526 835 2570 in
852 2526 1084 2571 schismate
1107 2527 1390 2571 Maximiani?
1412 2528 1496 2571 Sed
1518 2527 1593 2570 ubi
1614 2541 1694 2570 vo-

316 2594 413 2639 lunt
436 2611 507 2641 eos
530 2596 660 2642 fuisse
681 2596 950 2642 contendant
970 2618 981 2655 3
1000 2607 1116 2642 certe
1137 2598 1213 2657 qui
1229 2596 1283 2642 ad
1301 2596 1536 2643 Ecclesiam
1554 2596 1694 2643 redire
