1825 3264
351 267 514 297 com-iu
546 266 748 296 numus
780 269 1014 309 nsi-naam,
1050 272 1132 299 mn.
1169 272 1217 298 11.
1424 260 1477 299 59

95 342 139 378 et
155 341 471 378 convertuntur
488 333 679 378 universi
697 333 804 377 fines
815 341 959 388 terrae,
977 344 1020 379 et
1036 336 1081 379 in
1103 336 1226 395 cujus
1242 344 1478 396 conspectu

95 403 281 448 adorant
305 404 517 448 universae
537 403 687 463 patriae
708 404 930 461 gentium?
953 407 1107 464 Itaque
1129 405 1476 451 maledictionem

95 482 214 518 tuam
233 474 432 518 ultimam
450 474 494 518 in
509 488 756 533 perversum
775 473 830 518 de
850 475 1080 518 Salomone
1103 485 1370 534 usurpatam,
1390 491 1479 521 non

96 544 219 589 timet
233 559 330 604 pars
347 545 478 605 hujus
491 544 683 598 Macarii‚
707 542 752 587 id
773 553 852 599 est,
870 544 998 604 hujus
1021 544 1153 599 beati,
1179 561 1233 588 ne
1255 556 1402 604 pereat
1425 547 1480 590 de

93 623 222 659 terra.
248 614 374 668 Quod
397 615 512 659 enim
532 614 697 659 dictum
716 623 781 658 cst
793 613 848 658 de
865 615 1022 674 impiis,
1050 616 1134 659 hoc
1150 631 1226 660 vos
1244 615 1299 659 ad
1320 617 1478 661 Christi

94 684 393 730 haereditatem
407 693 660 731 convertere
682 685 918 740 conamini,
944 695 987 730 et
1005 686 1087 730 hoc
1107 701 1196 730 esse
1215 685 1378 730 factum
1401 702 1479 730 ne-

94 754 224 799 fanda
239 755 461 815 impietate
472 755 749 800 contenditis,
767 758 880 801 Cum
896 756 1011 800 enim
1023 755 1078 800 de
1088 756 1229 815 impiis
1245 755 1480 815 illeloque-

93 835 229 882 retur,
251 827 309 870 ait
331 845 340 871 ε
366 830 553 871 «Pereat
575 842 671 886 pars
690 842 839 871 eorum
856 843 878 871 a
896 836 1009 871 terra
1023 829 1052 871 ¹.
1072 845 1091 868 n
1111 829 1222 872 Cum
1240 835 1385 871 autem
1406 842 1482 871 vos

94 897 235 943 dicitis
252 896 362 942 illud
380 898 500 957 quod
513 899 722 958 scriptum
737 907 800 942 est
820 917 829 943 :
849 918 868 940 «
890 899 1013 943 Dabo
1032 899 1111 942 tibi
1124 907 1273 957 gentes
1293 898 1481 942 haeredi-

97 986 118 1010 »
138 977 270 1012 tatem
294 977 412 1013 tuam
431 1004 441 1023 ‚
467 978 510 1013 et
531 969 995 1014 commemorabuntur
1018 978 1061 1014 et
1089 977 1399 1013 convertentur
1427 968 1481 1013 ad

97 1056 118 1080 »
137 1038 373 1083 Dominum
382 1040 572 1083 universi
586 1040 694 1083 fines
707 1041 869 1094 terrae²‚
885 1040 1002 1099 »jam
1017 1040 1140 1084 istam
1156 1039 1482 1098 permissionem

95 1109 268 1169 periisse
280 1107 335 1154 de
347 1118 459 1154 terra
477 1131 488 1167 3
509 1111 552 1153 in
571 1111 730 1155 Christi
744 1111 1042 1154 haereditatem
1063 1119 1315 1170 retorquere
1332 1110 1478 1164 vultis,

94 1179 213 1239 quod
237 1179 292 1223 de
310 1189 424 1224 sorte
447 1180 704 1239 praedictum
725 1189 787 1223 est
811 1180 1044 1239 impiorum
1069 1199 1077 1224 ;
1102 1179 1178 1224 sed
1200 1189 1402 1224 manente
1425 1189 1483 1223 at-

94 1265 181 1311 que
197 1259 415 1294 crescente
436 1250 594 1295 Christi
614 1249 882 1303 haereditate,
904 1266 1004 1294 cum
1025 1251 1104 1294 ista
1123 1250 1281 1304 dicitis,
1303 1265 1378 1294 vos
1401 1265 1481 1309 pe-

95 1320 201 1365 ritis.
225 1323 323 1365 Non
341 1320 456 1364 enim
475 1320 641 1380 ubique
663 1335 739 1379 per
757 1329 1073 1364 sacramentum
1097 1320 1173 1364 Dei
1196 1321 1479 1379 prophetatis,

94 1391 452 1453 quandoquidem
481 1392 552 1436 hic
591 1407 665 1451 per
704 1399 889 1435 vestram
925 1391 1133 1435 insaniam
1165 1390 1277 1434 male
1308 1392 1478 1450 optatis.

97 1463 181 1510 Sed
202 1462 300 1523 plus
322 1462 438 1508 valet
464 1462 692 1523 praedictio
716 1463 1055 1522 Prophetarum,
1080 1477 1212 1522 quam
1230 1461 1484 1519 Jnaledictio

94 1533 617 1593 pseudo-prophetarum.

154 1605 289 1650 XCV.
342 1607 604 1648 PETmuws
634 1602 740 1647 dixit
766 1622 774 1647 ε
812 1621 830 1646 «
867 1602 1027 1647 Paulus
1059 1617 1237 1662 quoque
1265 1601 1485 1661 apostolus

95 1673 270 1728 clamat,
290 1693 310 1716 (ι
334 1673 477 1719 Nolite
485 1675 638 1733 jugum
657 1672 817 1718 ducere
832 1687 933 1717 cum
956 1671 1220 1717 infidelibus.
1238 1674 1346 1725 Quae
1365 1671 1482 1715 enim

99 1762 120 1786 »
141 1745 412 1804 participatio
422 1744 603 1804 justitiae
614 1758 717 1788 curn
735 1743 980 1803 iniquitate,
1003 1751 1080 1786 aut
1099 1758 1199 1802 quae
1217 1743 1397 1786 societas
1413 1741 1484 1786 lu-

99 1833 120 1858 »
143 1815 270 1859 minis
290 1830 389 1860 cum
418 1814 634 1859 tenebris?
663 1816 772 1868 Quae
800 1823 946 1858 autem
974 1814 1207 1858 conventio
1232 1813 1392 1859 Christi
1428 1813 1481 1856 ad

99 1904 120 1927 »
145 1885 302 1941 Belial,
323 1895 399 1930 aut
411 1900 511 1946 quae
523 1900 619 1945 pars
637 1884 755 1929 fideli
773 1900 875 1930 cum
894 1883 1086 1928 infideli³
1109 1886 1158 1925 ?»

156 1957 313 2002 XCVI.
330 1960 606 2001 Austsmus
620 1957 843 2015 respondit
868 1975 876 2000 ;
903 1955 1044 2000 Verba
1063 1953 1260 2014 Apostoli
1278 1969 1481 2012 agnosco,

97 2026 173 2071 sed
194 2027 302 2086 quid
324 2036 367 2071 te
397 2027 619 2085 adjuvent,
644 2026 825 2070 omnino
844 2041 933 2070 non
955 2024 1097 2068 video.
1126 2024 1228 2076 Quis
1252 2023 1367 2067 enim
1383 2038 1485 2068 nos-

98 2105 214 2140 trum
234 2095 340 2140 dicit
364 2111 453 2140 esse
486 2095 863 2155 participationem
889 2094 1068 2154 justitiae
1098 2108 1198 2137 cum
1227 2092 1483 2152 iniquitate,

98 2167 228 2211 etiam
250 2167 283 2211 si
291 2168 434 2226 justus
447 2176 491 2211 et
506 2167 698 2226 iniquus,
723 2166 834 2210 sicut
849 2168 872 2209 J
880 2164 985 2209 udas
996 2174 1039 2208 et
1056 2167 1222 2218 Petrus,
1249 2165 1408 2223 pariter
1425 2180 1489 2208 sa-

98 2246 316 2282 eramenta
346 2237 701 2282 communicent?
720 2238 782 2280 Ex
806 2251 892 2280 una
913 2235 1077 2296 quippe
1099 2250 1145 2279 re
1173 2243 1322 2280 sancta
1351 2233 1487 2279 Judas

97 2308 180 2354 sibi
195 2307 394 2353 sumebat
410 2307 644 2367 judicium,
667 2310 818 2352 Petrus
840 2306 1024 2352 salutem
1051 2325 1060 2352 :
1084 2307 1195 2350 sicut
1216 2315 1279 2360 tu,
1305 2305 1339 2350 si
1360 2304 1486 2349 dissi-

96 2378 208 2423 milis
229 2393 338 2433 eras,
362 2393 464 2423 cum
493 2380 657 2437 Optato
678 2387 1002 2422 sacramentum
1032 2377 1251 2429 sumebas,
1275 2385 1318 2420 et
1341 2384 1488 2434 raptor

97 2449 210 2494 sicut
230 2447 304 2492 ille
326 2463 415 2492 non
436 2463 544 2492 eras.
579 2451 647 2492 An
678 2448 827 2507 rapina
850 2447 1055 2507 iniquitas
1074 2462 1164 2490 non
1192 2448 1281 2490 est?
1303 2445 1407 2499 Quis
1429 2446 1486 2490 ita

101 2518 284 2564 insaniat
307 2527 355 2562 ut
377 2518 459 2563 hoc
487 2518 627 2562 dicat?
644 2520 754 2571 Quae
774 2533 877 2576 ergo
901 2517 1174 2576 participatio
1190 2516 1367 2576 justitiae
1396 2524 1484 2560 tuae

152 2610 159 2625 ¹
180 2604 274 2634 Prov.
292 2612 326 2642 ii,
343 2611 397 2635 22.
417 2618 456 2625 --
474 2609 486 2626 ²
502 2601 582 2635 Psal.
600 2613 635 2640 n,
654 2602 686 2639 8,
713 2606 745 2634 et
765 2612 831 2636 xxi,
856 2603 960 2634 28.—
979 2599 991 2625 3
1009 2610 1028 2634 2
1047 2603 1119 2634 Cor.
1139 2611 1185 2640 vi,
1206 2601 1255 2643 14.
