1825 3264
280 272 362 312 504
388 308 393 312 .
719 284 751 310 s,
788 283 1018 310 AtJGrs'rmt
1050 282 1230 310 BPtsCOPI

273 365 345 395 eos
375 363 464 393 non
491 348 551 391 ita
585 346 902 407 proconsularis
928 356 1116 408 potestas
1145 347 1353 401 adiretur,
1379 346 1460 390 nisi
1483 356 1560 392 aut
1582 345 1659 391 illo

275 418 458 464 concilio
481 417 686 473 fuissent,
712 418 825 463 sicut
847 416 934 462 illic
957 417 1090 476 magis
1117 425 1294 477 apparet
1313 451 1324 471 ,
1348 416 1439 460 sine
1461 415 1552 461 ulla
1574 417 1659 460 im-

273 490 432 550 pertita
448 488 655 533 dilatione
666 489 884 544 damnati,
905 498 980 532 aut
994 489 1106 532 intra
1123 487 1238 532 diem
1256 485 1474 531 dilationis
1486 521 1497 541 ,
1515 486 1549 530 si
1563 501 1661 531 om-

273 560 401 604 nibus
425 559 525 603 data
547 567 633 614 est,
658 559 780 603 vobis
801 559 969 603 restitui
996 558 1251 602 noluissent.
1278 560 1385 601 Cum
1402 571 1504 602 vero
1531 557 1663 601 etiam

274 632 363 676 dies
389 639 609 690 gestorum
635 628 868 689 cujuslibet
891 630 1096 674 obstinati
1121 629 1270 674 oculos
1294 643 1504 688 auresque
1521 628 1580 672 sic
1595 627 1662 672 fc-

270 702 376 756 riat,
417 716 554 761 usque
584 700 690 744 adeo
723 699 818 744 illos
853 701 982 744 etiam
1014 709 1112 759 post
1144 709 1408 744 transactum
1447 697 1665 743 dilationis

275 771 392 815 diem
407 773 452 815 in
475 780 615 816 vestra
639 771 946 815 communione
968 786 1057 815 non
1080 770 1233 825 fuisse,
1255 780 1297 815 et
1313 769 1573 815 Maximiano
1590 784 1664 814 co-

273 842 459 897 haesisse,
486 851 535 886 ut
557 842 614 886 ob
640 842 723 886 hoc
746 841 950 886 adversus
983 856 1054 885 eos
1075 850 1164 885 tam
1192 840 1395 885 terribilis
1424 838 1665 900 judiciariae

267 913 469 973 jussionis
500 913 804 973 impetraretur
836 912 1090 967 auctoritas,
1124 912 1233 972 quid
1263 911 1318 955 ad
1351 911 1445 955 haec
1478 909 1666 955 dicitur?

273 983 389 1036 Quid
410 982 552 1027 adhuc
575 992 725 1027 contra
748 992 835 1027 tam
860 982 1134 1042 perspicuam
1151 981 1378 1025 veritatem
1394 979 1504 1024 mira
1518 981 1667 1040 impu-

274 1052 433 1096 dentiae
456 1054 651 1097 caecitate
672 1052 982 1097 contenditur?
1000 1051 1117 1106 Quid
1132 1051 1275 1096 adhuc
1297 1050 1351 1095 ab
1366 1051 1425 1095 eis
1441 1086 1452 1106 ,
1475 1052 1667 1112 quicum

272 1123 438 1167 unitate
473 1124 604 1182 partis
646 1124 802 1167 Donati
849 1123 979 1167 etiam
1027 1121 1307 1168 concordiam
1359 1121 1665 1180 sacrilegorum

275 1194 582 1238 damnatorum
620 1203 764 1238 tenere
786 1193 1046 1249 voluerunt,
1078 1202 1230 1239 contra
1259 1193 1472 1237 unitatem
1507 1193 1667 1238 Christi

272 1273 393 1308 tanta
418 1266 584 1309 insania
604 1264 872 1309 rebellatur?
896 1264 1013 1317 Quid
1041 1264 1186 1310 adhuc
1215 1265 1456 1324 baptismus
1476 1264 1666 1322 Christi,
1709 1253 1715 1257 .

271 1336 401 1379 ctiam
421 1336 466 1379 in
488 1336 694 1393 sacrilego
718 1336 949 1380 schismate
971 1335 1250 1381 veneratione
1273 1334 1420 1379 debita
1442 1335 1665 1394 cognitus,

275 1406 318 1448 in
349 1415 415 1449 tot
437 1406 663 1451 catholicis
686 1407 887 1465 gentibus
910 1407 1043 1465 impia
1068 1406 1405 1466 praesumptione
1429 1406 1665 1465 respuitur,

274 1475 480 1535 sacrilega
505 1478 763 1537 repetitione
782 1476 1003 1521 violatur?

330 1548 538 1590 XLVIII.
575 1546 685 1591 Nolo
708 1563 905 1607 quaerere
919 1556 1086 1607 quanto
1102 1556 1198 1606 post
1220 1547 1348 1607 hujus
1367 1546 1670 1606 postulationis

274 1616 405 1670 diem,
425 1633 511 1675 qua
529 1617 773 1662 Felicianus
796 1627 839 1661 et
863 1621 1147 1662 Praetextatus
1168 1618 1326 1661 Titiani
1349 1618 1548 1662 advocati
1570 1632 1669 1662 ver-

277 1685 341 1728 bis
365 1695 451 1729 tam
476 1686 662 1744 graviter
681 1696 954 1742 accusantur,
975 1688 1018 1731 in
1034 1697 1218 1732 vestram
1231 1688 1585 1732 communionem
1600 1701 1670 1732 re-

275 1756 389 1814 cepti
407 1765 523 1800 sunt.
547 1757 716 1801 Sutlicit
733 1756 854 1816 quod
869 1757 1020 1801 eadem
1036 1757 1271 1817 postulatio
1288 1768 1410 1803 tanto
1428 1768 1526 1818 post
1538 1759 1671 1803 finem

276 1826 531 1884 praestitutae
561 1826 675 1871 illius
697 1826 940 1882 dilationis,
966 1842 1038 1872 eos
1065 1844 1089 1872 a
1112 1837 1252 1872 vestra
1274 1829 1582 1873 communione
1606 1842 1672 1872 se-

278 1904 449 1954 paratos
464 1931 475 1951 ,
513 1897 557 1940 in
581 1897 830 1941 Maximiani
850 1898 1080 1942 schismate
1114 1896 1244 1943 fuisse
1281 1899 1526 1954 convincit,
1564 1914 1674 1960 quos

281 1975 429 2024 postea
443 1967 676 2026 recepistis,
697 1983 887 2028 quorum
901 1969 1089 2014 honores
1103 1968 1224 2014 nulla
1239 1985 1288 2014 ex
1301 1979 1425 2029 parte
1438 1969 1669 2025 minuistis,

282 2050 305 2079 a
319 2037 481 2096 quibus
496 2037 648 2082 datum
660 2039 859 2098 quamvis
871 2039 917 2082 in
930 2039 1373 2099 sacrilegoschismate
1385 2039 1669 2099 baptismum,

293 2106 403 2154 sicut
433 2122 581 2152 revera
605 2108 852 2153 timendum
873 2108 978 2166 fuit,
1013 2110 1258 2156 rescindere
1291 2111 1507 2156 timuistis.
1535 2113 1674 2155 Num-

284 2178 393 2236 quid
408 2179 499 2237 jam
522 2179 567 2223 in
587 2180 668 2224 hac
686 2195 812 2225 causa
832 2195 876 2224 se
898 2189 1050 2226 contra
1066 2196 1145 2226 nos
1162 2180 1313 2241 lingua
1331 2181 1568 2241 cujuslibet
1582 2195 1674 2241 per-

283 2246 534 2293 tinacissimi
557 2259 878 2306 commoveret,
905 2251 939 2295 si
970 2266 1014 2296 se
1042 2252 1206 2296 moveri
1228 2253 1273 2296 in
1294 2252 1482 2296 hominis
1504 2266 1578 2296 ore
1593 2286 1604 2306 ,
1631 2260 1676 2297 et

283 2317 365 2361 sub
389 2319 576 2364 hominis
593 2320 736 2365 fronte
758 2321 964 2366 sentiret?
983 2323 1134 2367 Erravi
1154 2321 1280 2382 plane
1303 2322 1459 2377 fateor,
1479 2337 1531 2367 eo
1554 2321 1675 2382 quod

285 2388 330 2431 in
353 2387 435 2433 illis
456 2389 609 2435 litteris
632 2392 756 2450 posui
785 2391 838 2436 de
870 2391 941 2436 illa
965 2394 1211 2452 Bagaiensis
1240 2392 1410 2438 concilii
1433 2394 1671 2449 sententia,

285 2461 491 2516 quoniam
512 2461 618 2505 dixit
634 2464 665 2517 ¹,
693 2482 711 2503 «
733 2478 833 2507 cum
856 2462 973 2522 apud
991 2480 1062 2509 eos
1085 2465 1360 2509 decernenda
1384 2465 1559 2508 recitata
1580 2472 1643 2508 est
1658 2498 1670 2519 ,

287 2541 359 2570 ore
400 2530 602 2575 latissimo
642 2532 1014 2587 acclamaverunt,
1055 2550 1172 2579 nunc
1206 2543 1349 2579 autem
1372 2549 1472 2578 cum
1501 2549 1524 2579 a
1546 2533 1671 2578 nobis

337 2617 343 2631 ¹
371 2613 447 2643 Vult*
464 2613 507 2642 lib
523 2625 533 2645 1
551 2619 662 2647 contra
682 2616 825 2648 Petilian.
848 2627 920 2658 cap.
949 2628 997 2650 to.
