1825 3264
264 248 425 274 comus
457 245 720 273 cmzscomtrM
754 235 1042 284 nonnis-mm]
1079 248 1160 274 ΜΒ.
1198 248 1262 274 111.
1381 236 1464 275 399

76 333 220 368 tamen
248 321 560 368 rescindendus
586 322 824 382 baptismus
848 339 937 368 non
961 333 1040 379 est,
1065 324 1176 369 sieut
1206 339 1286 368 nec
1317 324 1360 368 in
1382 324 1466 368 illis

74 394 275 440 rescissus
290 409 314 439 a
335 394 458 439 vobis
473 402 551 438 est.
575 395 672 447 Quo
694 408 782 437 non
804 402 991 448 mutato,
1020 410 1100 439 nec
1123 395 1167 438 in
1191 410 1292 451 suo,
1321 410 1401 439 nec
1423 395 1466 438 in

75 465 332 524 cujusquam
351 464 541 519 alterius,
562 463 636 508 sed
659 464 702 507 in
728 464 863 507 Patris
881 473 924 508 et
948 464 1043 508 Filii
1062 473 1105 508 et
1125 465 1308 524 Spiritus
1331 465 1468 509 sancti

76 535 251 579 nomine
277 535 463 596 quisque
489 535 691 594 baptizat.
719 533 886 578 Deinde
908 544 1066 594 praeter
1095 535 1298 594 baptismi
1322 552 1466 580 sacra-

76 615 289 662 mentum,
324 607 446 665 quod
472 606 542 650 vel
572 606 626 650 ad
649 620 827 665 poenam
849 606 1064 666 perversi,
1094 606 1165 651 vel
1198 606 1252 651 ad
1281 607 1466 652 salutem

77 677 181 720 recti
198 677 287 721 sive
306 678 487 722 correcti
511 677 728 736 integrum
753 685 1011 736 perseverat,
1051 675 1105 721 de
1136 678 1227 736 ipsa
1251 687 1469 722 correcto-

78 761 174 790 rum
206 747 448 806 expiatione
471 745 539 792 vel
562 746 845 791 mundatione
866 747 967 792 volo
999 745 1162 807 aliquid
1186 747 1344 792 dicere.
1370 751 1467 798 Me«

75 815 242 861 ministi
271 817 386 860 enim
417 831 517 876 quae
547 815 751 861 adversus
773 832 852 861 nos
886 817 1062 872 dixeris,
1093 817 1214 877 quod
1246 819 1470 862 venientes

76 885 131 930 ad
154 901 232 930 nos
252 902 275 931 a
299 886 422 932 vobis
444 901 496 930 ex
520 886 825 931 haereticorum
848 887 1056 946 sacrilego
1078 903 1238 941 errore,
1263 888 1354 931 sine
1378 887 1467 931 ulla

76 957 319 1016 expiatione
343 968 564 1017 susceptos
587 958 838 1002 habeamus.
876 960 940 1001 Tu
970 958 1096 1003 nobis
1125 959 1195 1003 dic
1236 958 1391 1011 modo,
1417 958 1471 1002 de

77 1027 304 1072 schismate
324 1028 576 1074 Maximiani
598 1028 828 1072 redeuntes
844 1028 899 1072 ad
921 1043 1012 1083 vos,
1034 1043 1134 1073 cum
1156 1028 1202 1072 in
1220 1030 1307 1072 suis
1342 1029 1472 1072 etiam

76 1096 400 1156 susciperentur
435 1099 675 1143 honoribus
711 1113 798 1158 qua
830 1098 1005 1142 tandem
1046 1113 1195 1158 quaeso
1227 1098 1473 1157 expiatione

78 1166 279 1211 mundati
322 1170 454 1212 sunt?
497 1171 547 1213 In
586 1167 661 1212 illo
700 1177 822 1212 tanto
858 1167 1018 1212 scelere
1050 1168 1311 1228 participato
1328 1203 1339 1224 ‚
1383 1183 1473 1213 non

77 1246 201 1282 erant
219 1247 306 1282 tam
328 1237 493 1283 nefaria
514 1240 718 1282 societate
736 1237 974 1283 maculati?

136 1309 283 1353 xxll.
311 1310 502 1354 Attende
513 1308 618 1369 quid
638 1309 825 1363 insonet,
850 1308 958 1368 quid
975 1309 1191 1369 increpet,
1208 1307 1313 1369 quid
1332 1308 1377 1352 in
1399 1308 1475 1353 illo

79 1379 288 1437 praeclaro
308 1379 492 1425 concilio
515 1379 703 1424 fateatur
724 1379 964 1424 veridicum
980 1395 1026 1425 os
1043 1380 1154 1424 illud
1170 1381 1473 1439 episcoporum

81 1457 272 1493 tuorum.
305 1469 325 1491 «
352 1451 660 1495 Maximianum
678 1485 689 1504 ,
709 1449 875 1510 inquit,
897 1449 998 1494 fidei
1020 1449 1229 1494 aemulum
1247 1485 1258 1505 ,
1283 1449 1476 1494 veritatis

79 1517 327 1564 adulterum
341 1555 351 1574 ,
377 1518 584 1564 Ecclesiae
602 1520 750 1564 matris
768 1520 1013 1575 inimicum,
1033 1521 1207 1575 Dathac,
1228 1520 1373 1564 Chore
1391 1554 1402 1574 ,
1433 1528 1478 1564 et

79 1589 248 1634 Abiron
260 1590 507 1634 ministrum
525 1592 555 1644 ¹,
572 1590 627 1635 de
645 1590 760 1649 pacis
780 1591 944 1648 gremio
963 1591 1190 1635 sententiae
1208 1589 1380 1635 fulmen
1398 1605 1477 1633 ex-

79 1660 210 1704 cussit
233 1679 242 1705 :
269 1670 312 1704 et
333 1661 452 1720 quod
478 1659 622 1705 adhuc
654 1676 755 1704 eum
784 1659 1010 1706 dehiscens
1031 1670 1143 1705 terra
1173 1677 1263 1706 non
1290 1661 1474 1715 sorbuit,

81 1729 137 1775 ad
160 1732 297 1790 majus
312 1731 575 1791 supplicium
598 1731 764 1791 superis
783 1731 1030 1776 reservavit.
1056 1734 1225 1792 Raptus
1243 1731 1357 1775 enim
1374 1746 1473 1790 poe-

81 1816 183 1845 nam
215 1816 338 1846 suam
370 1803 633 1861 compendio
669 1802 913 1847 lucraverat
949 1800 1145 1847 funeris:
1171 1817 1320 1846 usuras
1358 1816 1476 1845 nunc

83 1872 299 1931 graviores
330 1871 497 1930 colligit
527 1871 735 1927 foenoris,
759 1887 859 1916 eum
881 1882 1080 1917 mortuus
1104 1874 1285 1918 interest
1301 1872 1423 1917 vivis.
1453 1890 1474 1913 η

84 1944 232 1986 Ita-ne
246 1942 422 1987 tandem
436 1943 482 1986 in
500 1943 628 2002 hujus
644 1943 888 1997 schismate,
911 1944 1126 2003 sicutipse
1141 1942 1301 1997 dixisti,
1318 1942 1477 2002 persis-

85 2022 224 2057 tentes
241 2048 252 2068 ,
286 2022 386 2057 ante
412 2028 543 2072 quam
565 2014 677 2057 intra
704 2023 876 2073 tempus
897 2013 1114 2059 dilationis
1131 2049 1141 2069 ‚
1168 2015 1279 2059 sicut
1303 2023 1350 2058 tu
1374 2013 1480 2057 item

86 2084 245 2139 dixisti,
265 2100 308 2128 se
323 2093 475 2128 vestrae
491 2083 695 2129 Ecclesiae
710 2083 1014 2139 reddidissent,
1034 2084 1202 2129 nullam
1218 2084 1287 2128 vel
1303 2099 1479 2144 parvam

86 2155 142 2199 de
172 2156 300 2216 hujus
330 2156 534 2200 societate
562 2164 780 2200 traxerant
808 2155 1040 2199 maculam.
1077 2155 1162 2200 Sed
1186 2155 1288 2200 audi
1321 2154 1480 2199 deinde

88 2224 195 2285 quid
210 2234 438 2285 sequatur,
453 2225 572 2281 audi,
595 2226 790 2286 inquam,
811 2225 999 2270 dictator
1013 2225 1081 2271 vel
1098 2225 1238 2271 dictor
1255 2224 1371 2269 illius
1389 2239 1479 2268 sen-

90 2296 280 2350 tentiae‘2‚
305 2295 411 2355 quid
432 2305 678 2340 connectat.
706 2315 726 2338 «
747 2297 835 2341 Nec
858 2296 977 2340 hunc
994 2295 1152 2351 solum,
1173 2296 1332 2355 inquit,
1354 2293 1481 2338 scele-

90 2365 145 2410 ris
165 2365 232 2410 sui
255 2380 370 2409 mors
386 2366 502 2424 justa
524 2366 786 2416 condemnat
813 2382 821 2406 :
850 2367 982 2410 trahit
999 2367 1128 2409 etiam
1147 2365 1201 2410 ad
1215 2364 1482 2409 consortium

90 2435 281 2481 criminis
296 2434 506 2495 plurimos
520 2445 671 2480 catena
686 2435 913 2493 sacrilegii,
929 2437 983 2479 de
999 2436 1160 2496 quihus
1172 2436 1378 2494 scriptum
1393 2442 1479 2478 est:

142 2544 150 2560 ¹
179 2538 272 2569 Num.
292 2547 345 2569 xvi
357 2561 366 2579 ,
382 2537 435 2569 31.
452 2553 491 2559 —-
510 2542 522 2559 ²
539 2536 696 2569 Emeritus
712 2535 765 2569 ille
782 2535 840 2569 suit
858 2537 1077 2579 Caesariensis,
1098 2547 1137 2569 ex
1154 2535 1212 2569 lib.
1230 2535 1270 2570 de
1286 2535 1390 2570 Gestis
1407 2545 1482 2569 cum

93 2591 248 2626 Emerito.
