1825 3264
269 299 430 329 CONTRA
463 297 728 328 catscomvm
766 297 1050 337 οοΝΛτῐετΑΜ,
1086 300 1167 327 Lm.
1206 301 1251 326 Π.
1379 289 1455 328 361

80 387 99 410 »
122 367 250 411 fidem
264 369 294 409 ¹.
314 384 334 408 »
355 366 438 410 Ubi
455 366 584 410 miror
598 363 872 424 prudentiam
891 374 1025 420 tuam,
1044 366 1266 425 quomodo
1281 366 1360 410 tibi
1375 381 1462 410 non

75 437 275 483 videatur
297 452 409 497 aqua
430 436 615 481 mendax
635 434 894 480 simulatoris
914 434 1090 490 occulti,
1111 437 1233 496 cujus
1249 446 1293 481 et
1311 436 1463 481 falsam

76 508 236 552 famam
274 506 542 552 mundandae
575 505 725 550 alienae
756 506 1030 550 conscientiae
1065 506 1266 564 prodesse
1300 505 1464 567 aliquid

77 578 296 622 credidisti
320 578 429 623 :nisi
464 578 566 638 quia
606 575 716 620 illud
750 591 838 621 non
881 575 1156 621 dialecticum
1178 612 1189 632 ,
1233 576 1310 621 sed
1337 577 1465 636 plane

77 649 376 709 sophisticum,
413 649 533 709 quod
562 649 607 692 in
636 663 706 692 me
735 647 893 692 frustra
917 649 1038 709 quasi
1067 649 1110 691 in
1144 647 1370 693 dialectico
1394 665 1464 693 re-

75 719 365 780 prehendisti,
403 719 633 763 subvenire
667 718 745 762 tibi
779 719 1011 763 arbitratus
1048 734 1107 773 es,
1142 738 1161 760 «
1188 719 1228 763 Si
1254 719 1462 775 mentiris,

77 805 228 835 verum
250 789 371 834 dicis.
393 808 413 830 »
440 789 553 843 Quid
578 788 694 832 enim
712 789 830 833 aliud
848 790 1013 834 conaris
1037 805 1236 844 asserere,
1263 805 1362 835 cum
1385 791 1466 834 ho-

76 861 183 904 mini
205 860 401 905 tribuens
423 860 686 919 baptismum
702 895 712 915 ,
741 875 871 919 quem
902 862 975 904 Dei
1005 875 1094 904 esse
1117 876 1206 904 non
1227 861 1290 904 vis
1312 876 1467 919 agnos-

76 946 194 986 cere,
221 931 318 976 ideo
340 931 446 975 dicis
470 930 717 975 adulterum
742 931 845 975 dare
868 946 989 990 posse
1011 946 1163 975 verum
1183 930 1463 990 baptismum,

77 1003 179 1062 quia
205 1017 249 1046 se
271 1003 411 1061 ipsum
442 1001 705 1046 occultando
735 1010 901 1046 castum
941 1017 1029 1045 csse
1054 1002 1276 1045 mentitur.
1315 1005 1467 1061 Itaque

78 1082 181 1117 tunc
206 1088 357 1117 verum
383 1072 488 1117 dicit
516 1073 560 1116 in
589 1073 824 1132 baptismo,
851 1088 947 1116 cum
975 1073 1184 1116 mentitur
1203 1073 1247 1115 in
1272 1073 1465 1130 flagitio,

74 1153 117 1189 et
137 1159 225 1188 non
243 1153 306 1188 est
324 1159 437 1204 aqua
457 1145 548 1203 ejus
571 1144 771 1199 mendax,
793 1159 927 1205 quam
945 1159 1034 1188 esse
1057 1143 1188 1189 vultis
1210 1144 1255 1187 in
1276 1143 1467 1205 Ecclesia

74 1213 314 1259 secundum
339 1214 666 1274 promissionem
691 1224 755 1258 tot
781 1215 1110 1273 prophetiarum
1132 1223 1226 1258 toto
1254 1223 1466 1258 terrarum

73 1286 179 1330 orbe
201 1284 360 1329 diffusa
377 1304 385 1330 :
402 1299 503 1329 cum
527 1300 685 1344 aquam
708 1284 981 1341 mendacem,
1007 1300 1096 1330 non
1115 1285 1378 1345 baptismum
1399 1284 1467 1329 di·

74 1356 185 1400 xerit
213 1355 446 1411 Jeremias,
473 1356 548 1399 sed
574 1354 803 1400 mendaces
826 1356 1039 1411 homines,
1073 1355 1312 1400 secundum
1337 1355 1468 1400 intel-

73 1426 235 1470 lectum
259 1427 335 1486 qui
357 1426 612 1470 manifestus
628 1435 691 1470 est
707 1426 750 1469 in
771 1427 1051 1486 Apocalypsi,
1076 1427 1152 1471 ubi
1175 1426 1468 1484 interrogante

13 1500 18 1510 '
73 1499 242 1542 Joanne
274 1497 381 1557 quid
410 1506 551 1541 essent
580 1512 704 1556 aquae
728 1496 813 1540 illae
836 1498 881 1540 in
912 1497 1073 1542 visione
1099 1506 1364 1552 monstratae,
1385 1512 1467 1556 po-

73 1567 202 1628 pulos
220 1583 310 1611 esse
328 1582 583 1626 responsum
608 1575 671 1610 est
693 1570 724 1609 ².

132 1639 296 1681 xxix.
346 1640 404 1680 De
441 1637 516 1682 illo
554 1652 656 1681 vero
703 1637 952 1681 testimonio
988 1637 1108 1697 quod
1147 1638 1355 1698 scriptum
1386 1646 1465 1693 est,

78 1727 98 1750 «
124 1708 209 1760 Qui
233 1708 476 1767 baptizatur
498 1724 519 1751 a
540 1717 712 1752 mortuo
727 1743 737 1762 ,
764 1708 870 1768 quid
894 1708 1065 1767 proficit
1086 1708 1243 1753 lavatio
1258 1709 1348 1768 ejus
1369 1710 1382 1734 ³
1404 1711 1421 1753 P
1445 1728 1463 1750 n

76 1793 207 1838 quarn
236 1793 324 1822 non
352 1777 616 1822 intellexeris
650 1778 770 1838 quod
805 1794 886 1837 ego
920 1779 964 1822 in
998 1778 1070 1822 illa
1103 1779 1283 1838 epistola
1315 1780 1465 1838 posui,

76 1858 380 1909 quantumque
397 1865 466 1893 me
488 1849 631 1893 verbis
651 1849 736 1893 tuis
759 1848 973 1908 adjuveris
988 1848 1216 1908 paululum
1238 1849 1414 1893 attende
1432 1850 1464 1894 ⁴.

79 1921 191 1964 Cum
213 1920 328 1963 enim
351 1929 542 1978 putasses
566 1935 587 1963 a
610 1935 678 1963 me
701 1929 923 1964 mortuum
948 1920 1144 1964 hocloco
1172 1920 1354 1979 intelligi
1379 1920 1469 1964 cul-

79 2000 216 2035 torem
237 1991 471 2046 idolorum,
497 1991 619 2049 quasi
643 2006 715 2035 eos
733 1991 844 2035 solos
863 1992 1129 2050 exceperim,
1153 1993 1228 2050 qui
1252 1993 1468 2051 baptizare

79 2077 168 2106 non
200 2062 380 2121 possint,
415 2061 579 2120 elegisti
617 2070 829 2121 quantum
861 2062 1054 2121 potuisti,
1089 2063 1272 2122 repetito
1308 2062 1382 2107 illo
1414 2063 1468 2107 dc

80 2133 178 2178 oleo
204 2134 451 2178 testimonio
469 2169 479 2188 ,
507 2133 627 2193 quod
657 2132 825 2177 nullum
853 2144 1122 2193 peccatorem
1150 2134 1364 2193 baptizare
1391 2150 1468 2179 vo-

79 2204 225 2259 luerit,
266 2205 341 2264 qui
378 2204 500 2259 dixit,
541 2224 560 2246 «
595 2203 749 2248 Oleum
785 2206 1023 2264 peccatoris
1056 2221 1144 2249 non
1175 2207 1467 2265 impinguabit

81 2293 103 2316 »
137 2284 268 2334 caput
287 2290 433 2319 meum
458 2278 489 2329 ⁵,
519 2293 538 2315 η
565 2290 653 2318 non
674 2275 931 2334 excipiendo
949 2275 1137 2336 aliquem
1159 2286 1430 2335 peccatorem
1455 2297 1463 2321 :

79 2345 198 2390 unde
220 2347 354 2405 magis
380 2361 454 2390 vos
478 2347 715 2405 urgemini,
743 2347 852 2391 sicut
874 2348 1005 2406 paulo
1027 2357 1127 2391 ante
1149 2349 1398 2391 monstravi.
1425 2349 1468 2393 Si

79 2417 193 2461 enim
218 2417 365 2460 nullus
385 2426 586 2476 peccator
602 2427 804 2476 exceptus
829 2428 919 2472 est,
945 2419 1128 2477 proinde
1153 2420 1388 2478 baptizatos
1412 2420 1466 2463 ab

80 2486 260 2532 occultis
293 2487 442 2542 malis,
478 2502 578 2531 cum
614 2487 799 2531 convicti
831 2488 993 2533 fuerint
1015 2524 1026 2543 ,
1053 2489 1199 2534 denuo
1235 2490 1461 2550 baptizate.

130 2600 138 2616 ¹
159 2595 277 2625 Jercm.
293 2604 349 2632 xv,
370 2593 497 2626 ι8.-2
518 2596 617 2636 Apoc.
635 2605 715 2632 xvir,
737 2594 787 2626 15.
801 2612 842 2619 —
859 2593 871 2618 3
887 2596 983 2629 Eccli.
1005 2607 1116 2639 xxxiv,
1142 2596 1192 2631 30.
1207 2596 1268 2627 -lc
1290 2597 1366 2630 Vide
1382 2598 1437 2630 lib.
1455 2610 1464 2631 t

83 2653 195 2683 contra
213 2650 356 2684 Petilian.
377 2660 446 2693 cap.
461 2661 493 2692 9.
512 2668 553 2676 ·—
568 2648 582 2674 ⁵
598 2649 678 2684 Psal.
706 2661 781 2693 cu,
812 2650 842 2683 5.
