1825 3264
320 269 402 309 326
753 274 786 303 s.
823 275 1053 304 Aoousrnu
1087 276 1266 304 znscom

320 363 341 387 »
368 343 528 388 caverit
549 355 724 386 carnem
737 355 897 396 meam,
917 339 961 384 et
974 339 1135 384 biberit
1155 339 1410 398 sanguinem
1432 353 1594 395 meum,
1614 354 1705 385 non

319 435 341 458 »
366 413 545 459 habebit
556 413 601 456 in
613 427 659 457 se
670 412 804 457 vitam
817 414 879 457 ¹2»
895 425 1042 456 nonne
1053 410 1169 454 idem
1182 409 1414 470 Apostolus
1429 411 1557 455 docet
1572 411 1704 456 etiam

316 486 401 530 hoc
427 483 718 544 perniciosum
740 480 853 526 male
873 480 1100 526 utentibus
1121 479 1215 524 fieri
1233 481 1252 524 P
1273 480 1346 524 Ait
1364 480 1480 525 enim
1504 499 1515 526 ι
1546 497 1567 523 «
1592 480 1704 534 Qui-

319 575 340 599 »
352 570 543 614 cumque
557 552 886 599 manducaverit
904 567 1077 613 panem,
1093 560 1137 596 et
1151 551 1311 596 biberit
1332 551 1511 596 calicem
1531 551 1705 597 Domini

318 627 530 686 »indigne
546 661 558 682 ,
584 641 681 671 reus
702 625 783 670 erit
797 624 990 684 corporis
1007 633 1051 668 et
1071 622 1292 682 sanguinis
1309 622 1483 668 Domini
1497 624 1514 648 ²
1528 624 1547 666 ⁴?
1562 639 1584 664 »

373 699 538 743 XXXI.
584 699 697 742 Ecce
728 694 1103 756 quemadmodum
1125 694 1289 739 obsunt
1317 692 1465 738 divina
1490 701 1535 738 et
1555 700 1705 738 sancta

314 769 427 814 male
455 767 707 813 utentibus:
739 782 818 812 cur
847 782 938 811 non
965 766 1049 810 hoc
1075 765 1207 811 modo
1239 774 1282 810 et
1310 765 1588 824 baptismus?
1615 765 1707 810 Cur

315 840 486 885 nonita
517 839 564 882 in
592 839 710 883 bono
737 837 954 896 baptismo
976 852 1065 881 non
1086 844 1188 880 sunt
1216 834 1322 880 boni
1350 834 1565 890 haeretici,
1599 849 1708 894 quo·

315 909 448 956 modo
470 910 515 953 in
532 909 647 954 bona
669 911 784 968 Lege
805 923 896 952 non
924 916 1026 952 sunt
1041 907 1143 952 boni
1161 906 1329 951 Judaei‘?
1349 909 1446 951 Jam
1468 915 1585 951 certe
1601 921 1706 965 pro-

314 983 416 1026 bavi
435 979 775 1026 concedentibus
796 978 934 1033 vobis,
960 977 1320 1038 quandoquidem
1350 975 1488 1021 Paulo
1511 991 1588 1021 vos
1609 991 1706 1021 cre-

315 1052 433 1105 dere,
445 1061 488 1096 et
501 1051 743 1095 testimonia
758 1064 856 1109 quae
870 1050 925 1093 de
945 1049 1176 1108 Scripturis
1196 1049 1337 1108 posui,
1352 1046 1538 1092 Paulum
1553 1046 1708 1092 dixisse

314 1120 550 1167 conceditis
596 1138 604 1164 :
639 1121 727 1179 jam
766 1134 870 1178 ergo
907 1119 1091 1178 probavi
1131 1117 1480 1164 concessionibus
1519 1117 1668 1162 vestris
1693 1151 1704 1172 ‚

313 1191 517 1253 quaedam
540 1191 669 1235 etiam
692 1191 805 1234 bona
827 1190 1036 1247 legitima,
1059 1190 1209 1235 obesse
1238 1199 1385 1234 tamen
1405 1204 1495 1233 non
1515 1187 1707 1246 legitime

312 1262 578 1308 habentibus
595 1271 637 1305 et
654 1261 900 1305 utentibus:
917 1276 996 1305 cur
1006 1276 1095 1305 non
1108 1261 1166 1304 ita
1180 1269 1222 1304 et
1238 1260 1492 1319 baptismus,
1509 1259 1706 1319 quamvis

313 1334 456 1378 bonus
479 1341 523 1376 et
540 1331 760 1390 legitimus
775 1366 786 1386 ‚
810 1346 900 1375 non
923 1340 1066 1375 tamen
1090 1331 1291 1375 omnibus
1316 1328 1579 1374 habentibus
1600 1344 1704 1388 pro-

315 1401 411 1446 dest
435 1404 453 1445 P
497 1404 562 1445 Tu
594 1411 803 1461 tanquam
844 1401 1131 1445 certissimum
1164 1410 1208 1445 et
1242 1399 1708 1460 consequentissimum

315 1470 684 1525 concludebas‚in
706 1479 828 1529 parte
851 1471 1008 1515 Donati
1021 1486 1110 1515 esse
1130 1471 1353 1515 hominem
1377 1468 1705 1530 baptizandum,

314 1542 418 1603 quia
440 1558 518 1586 nos
535 1543 663 1586 etiam
682 1541 743 1585 ibi
758 1556 846 1585 esse
860 1542 1142 1586 concedimus
1163 1541 1425 1600 baptismum
1444 1560 1453 1586 :
1474 1556 1553 1586 nec
1569 1550 1710 1585 atten-

316 1613 450 1657 debas
472 1627 595 1671 posse
613 1627 690 1656 nos
713 1611 872 1667 dicere,
889 1628 978 1657 esse
994 1613 1056 1656 ibi
1079 1611 1258 1672 quidem
1273 1612 1536 1672 baptismum
1550 1611 1709 1657 Christi

312 1684 497 1743 justum,
509 1692 707 1727 sanctum
722 1691 765 1726 et
781 1684 964 1737 bonum,
976 1683 1052 1727 sed
1065 1683 1302 1742 poenalem,
1314 1683 1595 1737 contrarium,
1608 1696 1709 1741 per·

317 1754 531 1798 niciosum
546 1753 730 1798 inimicis
753 1755 945 1812 corporis
962 1753 1140 1806 Christi,
1157 1753 1277 1813 quod
1299 1763 1361 1797 est
1383 1752 1707 1812 Ecclesia,quae

317 1825 560 1870 secundum
582 1825 791 1884 promissa
810 1824 956 1869 divina
969 1825 1014 1869 in
1032 1825 1235 1870 omnibus
1260 1824 1461 1883 gentibus
1482 1823 1704 1868 dilatatur.

375 1899 564 1941 XXXII.
591 1896 816 1956 Numquid
845 1897 915 1941 hic
936 1896 1043 1957 quid
1066 1897 1184 1941 dicas
1216 1897 1409 1941 invenies
1424 1931 1435 1951 ,
1454 1896 1534 1940 nisi
1557 1895 1708 1940 nonin

318 1968 376 2011 eis
399 1968 524 2012 bonis
557 1968 612 2011 ad
635 1968 710 2011 Dei
742 1971 904 2026 Legem
937 1968 1258 2027 pertinentibus
1287 1966 1589 2026 deputandum
1621 1980 1711 2010 esse

318 2038 584 2096 baptismum
600 2072 611 2091 ,
638 2053 738 2097 quae
759 2047 942 2097 possunt
961 2039 1160 2083 homines
1181 2047 1224 2083 et
1245 2038 1409 2082 habere
1431 2046 1473 2082 et
1495 2037 1600 2082 boni
1620 2052 1710 2081 non

320 2122 432 2152 esse:
458 2108 533 2151 sed
551 2108 686 2167 ipsam
702 2108 881 2167 quidem
904 2111 1064 2167 Legem
1088 2119 1131 2154 et
1152 2109 1375 2153 scientiam
1397 2117 1440 2152 et
1454 2107 1711 2152 sacrificium

319 2178 511 2236 corporis
533 2187 575 2221 et
597 2178 816 2236 sanguinis
839 2179 1000 2223 Christi
1027 2178 1128 2224 talia
1149 2179 1266 2224 bona
1287 2194 1376 2223 esse
1393 2213 1403 2232 ,
1430 2194 1529 2238 quae
1546 2178 1712 2237 possint

320 2248 519 2292 homines
541 2257 583 2292 et
603 2248 765 2292 habere
788 2258 831 2292 et
852 2247 954 2292 mali
971 2263 1092 2294 esse:
1118 2249 1383 2308 baptismum
1405 2264 1508 2293 vero
1530 2247 1616 2292 tale
1638 2247 1710 2292 bo·

323 2334 430 2363 num
464 2334 552 2363 esse
568 2354 578 2373 ,
606 2319 725 2378 quod
748 2319 943 2379 quisquis
964 2320 1182 2374 habuerit,
1200 2320 1438 2364 necessario
1460 2319 1602 2364 bonus
1625 2319 1712 2363 sit?

321 2388 450 2442 Quod
479 2389 512 2433 si
540 2389 683 2434 dicere
710 2388 958 2445 volueritis,
989 2389 1146 2435 falsum
1177 2391 1328 2436 dicetis
1359 2410 1368 2436 :
1403 2400 1446 2435 et
1475 2390 1575 2435 ideo
1603 2387 1712 2450 quid

321 2460 441 2504 aliud
469 2460 630 2506 falsum
652 2471 946 2523 consequatur
967 2462 1159 2507 attende.
1186 2463 1315 2516 Quod
1344 2478 1434 2507 non
1458 2461 1557 2507 ideo
1588 2475 1709 2507 com-

322 2533 573 2576 memorabo
591 2567 602 2587 ,
626 2542 676 2578 ut
693 2549 743 2578 ex
764 2532 840 2578 illo
857 2543 935 2580 tuo
956 2532 1067 2580 falso
1092 2535 1148 2580 ad
1169 2533 1250 2580 alia
1267 2533 1373 2580 falsa
1390 2543 1433 2580 te
1453 2533 1670 2579 abducam
1695 2553 1708 2591 3

374 2619 382 2635 ¹
402 2615 559 2655 Joan.v1,
579 2614 635 2656 54.
651 2623 718 2641 -2
741 2626 755 2649 1
775 2619 848 2649 Cor.
867 2627 912 2659 xi,
931 2625 985 2658 27.
