1825 3264
365 248 416 284 82
801 250 833 276 s.
868 249 1100 278 Ancusawr
1133 250 1314 276 EPlscoPl

359 333 506 378 pacem
520 315 681 360 scelere
697 315 914 372 tingimus.
938 316 993 358 Et
1007 313 1101 357 haec
1115 328 1216 358 cum
1239 311 1390 356 dicatis
1408 319 1538 371 atque
1557 308 1737 363 faciatis,

358 387 525 433 audetis
552 386 728 443 insuper
746 397 1117 428 commemorare:
1143 401 1162 424 «
1186 381 1309 426 Beati
1325 381 1508 441 pacifici,
1530 379 1742 440 quoniam

365 479 381 498 »
416 456 498 515 ipsi
515 454 593 499 filii
616 455 693 499 Dei
714 454 988 498 vocabuntur
1013 456 1042 495 ¹.
1066 471 1085 493 »

412 520 551 572 CLV.'
578 528 839 569 Paruimus
857 523 962 567 dixit
980 542 991 568 ι
1016 542 1036 565 «
1055 524 1167 567 Cum
1188 520 1305 566 dicat
1321 519 1541 580 apostolus
1554 518 1741 563 Paulus:

356 616 376 639 «
411 596 601 641 Obsecro
611 610 702 649 vos,
716 593 883 648 fratreS,
895 609 975 652 ego
988 594 1159 638 vinctus
1170 592 1217 636 in
1225 591 1493 645 Domino‚ut
1509 589 1642 648 digne
1652 603 1744 632 am-

354 686 374 708 »
412 665 571 710 buletis
591 665 819 710 vocatione
841 679 928 724 qua
946 663 1088 708 vocati
1103 663 1219 717 estis,
1236 677 1334 707 cum
1354 661 1475 706 omni
1496 659 1744 704 humilitate

354 756 373 779 υ
409 746 452 781 et
481 735 833 789 mansuetudine,
855 749 955 779 curn
973 733 1181 794 patientia
1202 733 1463 777 sustinentes
1482 732 1670 776 invicem
1698 730 1745 774 in

354 826 373 848 »
409 807 641 861 charitate,
667 805 848 850 sollicite
870 813 1045 863 agentes
1066 817 1237 849 servare
1255 804 1467 848 unitatem
1496 801 1671 862 spiritus
1698 800 1744 844 in

360 898 377 918 »
413 877 721 936 conjunctione
743 875 901 934 pacis2.
927 893 946 915 »

409 949 561 993 CLVI.
603 950 880 991 Ancusnnus
918 944 1140 1003 respondit
1177 963 1186 988 :
1222 945 1324 988 Haec
1364 943 1398 986 si
1443 957 1533 987 non
1572 950 1746 986 tantum

351 1018 564 1071 diceretis,
600 1016 676 1061 sed
708 1026 751 1060 et
787 1015 993 1060 audiretis
1011 1050 1021 1068 ‚
1049 1015 1179 1059 etiam
1215 1013 1391 1072 cognita
1423 1012 1533 1057 mala
1570 1020 1747 1071 propter

354 1103 505 1146 pacem
537 1087 834 1141 sustineretis,
859 1101 950 1129 non
975 1093 1153 1143 propter
1184 1084 1493 1128 dissensionem
1523 1081 1746 1141 incognita

354 1158 592 1216 fingeretis3
619 1156 687 1200 vel
710 1157 813 1215 quia
835 1163 983 1214 postea
1001 1154 1210 1198 didicistis
1228 1162 1405 1212 propter
1423 1152 1636 1197 unitatem
1661 1154 1748 1196 Do-

352 1229 441 1272 nati
462 1228 674 1271 sustinere
697 1225 810 1270 mala
830 1225 1053 1269 notissima
1075 1233 1119 1268 et
1143 1223 1426 1268 famosissima
1447 1223 1613 1282 Optati.
1638 1225 1748 1276 Quae

350 1298 430 1342 ista
447 1297 663 1341 dementia
681 1305 745 1339 est
766 1297 784 1338 P
809 1294 1067 1338 Tolerantur
1086 1295 1265 1352 cogniti,
1289 1309 1346 1338 ne
1367 1294 1558 1338 concisio
1579 1293 1741 1337 iterum

352 1366 630 1422 concidatur3
649 1375 690 1410 et
712 1364 982 1409 infamantur
993 1364 1218 1422 incogniti,
1244 1380 1299 1408 ne
1316 1365 1360 1408 in
1382 1365 1470 1423 ipsa
1494 1364 1747 1422 integritate

358 1446 601 1482 maneatur.

413 1509 584 1552 CLVII.
607 1509 869 1551 Pammmus
888 1505 1017 1550 dixit:
1035 1524 1056 1548 (ι
1070 1506 1202 1550 Vobis
1225 1506 1332 1550 dicit
1355 1506 1596 1565 Propheta:
1614 1508 1745 1562 «Pax,

363 1596 381 1618 »
409 1592 512 1636 pax,
534 1586 577 1621 et
598 1576 759 1622 ubi-est
781 1592 863 1635 pax
887 1577 901 1601 ³
925 1578 943 1620 P
964 1594 983 1616 »

417 1648 613 1692 CLVIII.
628 1650 902 1690 Ancnsmws
922 1644 1164 1705 respondit:
1185 1649 1250 1690 Tu
1269 1646 1396 1690 nobis
1415 1646 1498 1690 hoc
1514 1645 1636 1701 dicis,
1662 1661 1752 1691 nou

362 1717 592 1775 Propheta.
621 1716 717 1759 Tibi
738 1730 839 1773 ergo
862 1715 1173 1774 respondemus
1199 1735 1207 1760 ι
1232 1717 1280 1761 Si'
1296 1717 1456 1776 quaeris
1475 1716 1552 1760 ubi
1569 1716 1626 1760 sit
1648 1732 1746 1775 pax,

363 1787 479 1847 aperi
504 1786 668 1840 oculos,
690 1786 846 1829 etvide
869 1787 923 1829 de
945 1801 1033 1845 quo
1050 1786 1215 1830 dictum
1244 1787 1298 1830 sit
1325 1805 1334 1830 2
1364 1786 1614 1831 «Auferens
1635 1786 1752 1832 bella

371 1880 386 1899 »
402 1873 538 1917 usque
551 1858 607 1901 ad
622 1857 728 1900 fines
745 1867 868 1900 terrae
883 1859 911 1900 ⁴.
925 1876 943 1897 »
959 1858 1001 1902 Si
1013 1858 1170 1917 quaeris
1187 1857 1331 1902 ubisit
1346 1873 1443 1916 pax,
1469 1859 1586 1917 aperi
1604 1857 1754 1903 oculos

365 1928 420 1973 ad
433 1927 552 1972 illam
562 1928 778 1971 civitatem
795 1943 911 1986 ,quae
927 1943 1017 1971 non
1031 1936 1171 1986 potest
1189 1926 1396 1972 abscondi
1413 1943 1544 1987 super
1560 1937 1754 1972 montem

365 1999 614 2053 constituta,
635 1997 753 2056 aperi
774 1998 921 2042 oculos
947 2007 990 2041 et
1010 1996 1065 2041 ad
1085 1999 1226 2056 ipsum
1255 2007 1469 2053 montem,
1495 2007 1538 2042 et
1554 2013 1655 2042 eum
1673 1997 1752 2042 tibi

367 2067 517 2113 Daniel
531 2067 799 2111 demonstret
821 2084 871 2110 ex
883 2082 1016 2126 parvo
1030 2066 1175 2126 lapide
1196 2077 1477 2123 crescentem,
1504 2077 1548 2112 et
1569 2067 1753 2127 implen-

369 2149 456 2183 tem
475 2139 718 2181 universam
742 2147 897 2181 terram
917 2140 946 2180 ⁵.
972 2138 1067 2181 Tibi
1082 2147 1227 2182 autem
1247 2154 1349 2183 cum
1371 2138 1477 2183 dicit
1500 2139 1717 2198 Propheta
1740 2158 1750 2184 ;

373 2227 392 2249 »
407 2212 508 2261 Pax,
528 2222 610 2265 pax
627 2216 670 2249 et
685 2207 761 2249 ubi
775 2216 838 2250 est
854 2222 934 2265 pax
950 2209 967 2249 P
981 2228 999 2248 2»
1021 2207 1128 2266 quid
1145 2208 1492 2252 demonstrabis?
1514 2225 1569 2254 an
1588 2219 1754 2267 partem

371 2277 526 2322 Donati
558 2276 749 2333 ignotam
782 2275 1172 2321 innumerabilibus
1208 2277 1410 2335 gentibus
1432 2278 1592 2338 quibus
1624 2288 1774 2324 notus:

369 2358 431 2393 est
453 2347 649 2393 Christus
666 2348 684 2390 P
704 2349 802 2391 Non
826 2355 890 2390 est
921 2347 1010 2405 ipsa
1038 2362 1137 2406 quae
1159 2362 1248 2392 non
1271 2357 1413 2406 potest
1443 2348 1650 2394 abscondi
1675 2369 1685 2394 :
1711 2358 1754 2394 et

367 2417 500 2472 unde,
520 2417 601 2461 nisi
629 2416 731 2476 quia
755 2432 846 2461 non
873 2425 936 2461 est
957 2432 1087 2476 super
1109 2416 1235 2463 illum
1253 2428 1451 2464 montem
1479 2421 1715 2467 constituta
1734 2422 1754 2465 P

419 2527 427 2542 ⁸
450 2519 569 2552 Matth.
597 2530 631 2560 v,
657 2530 692 2562 9.
711 2536 752 2543 —
771 2527 784 2543 ²
803 2520 918 2563 Ephes.
947 2531 994 2559 nr,
1018 2532 1044 2554 i.
1068 2537 1108 2544 —
1126 2519 1140 2545 ³
1161 2523 1281 2555 Jerem.
1305 2533 1377 2565 vui,
1410 2534 1462 2558 ιι.
1479 2521 1553 2554 -4
1575 2523 1656 2557 Psal.
1675 2534 1749 2563 nv,

378 2586 428 2608 ιο.
444 2573 512 2599 -5
535 2578 613 2608 Dan.
633 2585 668 2616 u,
689 2576 741 2608 35.
1706 2571 1708 2573 ‚
