1825 3264
293 285 453 314 comm
486 286 700 316 c11132=C0Mt
716 291 744 315 M
784 288 1067 328 nonxris‘mu,
1105 292 1184 317 Lm.
1225 295 1280 317 ix.
1409 283 1488 318 513

112 351 345 405 licet,fecit
361 355 546 412 Optatus
569 373 576 397 :
597 353 671 397 sed
690 353 802 408 dico,
825 354 864 400 Si
888 357 1225 414 persecutionem
1247 357 1386 402 facer(¹
1405 373 1494 402 non

110 419 692 477 licet‚fecitRestitutus.Nec
702 423 863 479 dico,Si
876 427 1216 484 persecutionem
1229 429 1303 488 qui
1316 429 1491 487 patitur,

110 490 338 536 habendus
357 501 421 536 est
438 493 662 548 innocens,
688 509 836 553 passus
856 504 920 539 est
941 497 1224 541 Maximianus
1252 516 1259 541 :
1285 497 1358 542 sed
1377 498 1491 553 dico,

111 562 154 606 Si
177 564 520 622 persecutionem
539 565 614 625 qui
633 566 811 624 patitur,
834 565 1059 610 habendus
1077 576 1140 611 est
1157 568 1381 622 innocens,
1400 584 1496 627 pas—

108 648 177 677 sus
199 643 262 678 est
286 634 466 679 Salvius.
495 637 622 680 Gesta
645 637 778 680 recito
795 672 805 691 ,
830 637 961 681 verba
985 654 1084 697 quoe
1106 654 1194 682 non
1216 639 1280 682 vis
1308 649 1456 698 repeto
1483 659 1491 683 :

110 707 231 750 Fecit
259 706 522 762 Restitutus,
548 723 694 767 passus
727 717 790 752 est
815 707 995 753 Salvius.
1033 712 1171 762 Quem
1205 710 1309 753 mihi
1343 725 1392 753 ex
1430 711 1496 754 his

108 774 280 820 duobus
294 777 604 832 Christianum,
628 778 708 822 nisi
731 779 992 822 Restitutum
1014 800 1024 835 3
1054 794 1184 839 quem
1208 779 1464 838 sacrilegum
1483 815 1493 835 ,

108 846 187 890 nisi
211 845 401 890 Salvium
425 847 736 906 respondebis?
757 850 906 892 Jaceat
922 850 1052 906 igitur
1066 859 1254 907 oportet,
1274 850 1497 909 improba-

106 925 290 977 tumque
318 927 561 977 respuatur,
587 927 630 962 et
659 918 779 978 quod
807 919 964 974 dixisti,
994 939 1014 961 «
1038 918 1203 963 nullam
1229 935 1318 964 esse
1335 921 1497 980 justam

106 989 476 1047 persecutionem,
506 998 550 1033 et
570 989 689 1048 quod
713 987 870 1044 dixisti,
895 990 1000 1042 Quis
1022 1005 1110 1034 non
1132 989 1227 1034 vult
1242 1000 1499 1035 testamento

106 1060 350 1105 consentire
373 1060 557 1119 prolato,
594 1060 669 1120 qui
693 1061 1037 1118 persecutionem
1060 1061 1238 1120 patitur,
1263 1077 1317 1105 an
1336 1063 1411 1121 qui
1435 1062 1500 1106 fa-

106 1130 196 1174 cit?
223 1148 244 1171 »
268 1131 371 1191 quia
395 1139 458 1174 est
473 1131 589 1190 justa
611 1131 853 1189 persecutio
876 1139 938 1174 est
956 1146 1087 1191 quam
1110 1131 1291 1190 pertulit
1314 1133 1496 1188 Salvius,

107 1209 150 1245 et
171 1201 414 1246 Restitutus
434 1200 538 1245 fecit
564 1219 572 1244 ς
600 1203 774 1260 ¹passus
797 1210 861 1245 est
886 1200 1069 1255 Salvius,
1095 1211 1138 1245 et
1166 1202 1245 1245 tibi
1266 1212 1329 1246 est
1354 1204 1497 1247 Resti-

106 1279 226 1316 tutus
241 1270 490 1322 laudabilis,
515 1270 774 1316 damnabilis
799 1270 981 1316 Salvius.
1008 1274 1160 1332 Neque
1182 1274 1297 1316 enim
1326 1273 1496 1318 occulte

105 1341 270 1386 factum
293 1357 383 1386 esse
400 1341 595 1386 dicturus
618 1356 661 1386 es
681 1362 689 1386 :
711 1351 785 1385 aut
803 1351 945 1400 posset
960 1343 1043 1386 hoc
1060 1342 1192 1386 latere
1208 1344 1492 1399 Primianum,

105 1412 225 1472 quod
248 1413 292 1456 in
322 1427 371 1456 ea
387 1412 561 1457 civitate
583 1411 749 1456 factum
773 1421 851 1467 est,
878 1412 955 1456 ubi
985 1413 1075 1472 ipse
1097 1412 1322 1472 episcopus
1346 1415 1495 1474 praesi-

106 1482 259 1538 debat,
299 1492 342 1528 et
368 1483 413 1527 in
447 1493 566 1527 tanta
589 1483 784 1538 civitate,
813 1482 930 1542 apud
953 1492 1120 1528 tantum
1138 1484 1349 1543 judicem,
1376 1494 1424 1528 ut
1446 1500 1495 1528 ex

105 1554 188 1599 hoc
211 1553 303 1599 aliis
325 1555 455 1598 etiam
477 1554 726 1599 civitatibus
750 1554 972 1598 occultum
996 1569 1085 1598 esse
1109 1570 1197 1599 non
1225 1564 1382 1614 posset.
1409 1559 1498 1600 Aut

105 1626 139 1669 si
157 1634 200 1670 et
223 1626 305 1670 hoc
327 1626 440 1670 inter
462 1625 633 1670 occulta
656 1625 959 1684 deputandum
977 1634 1041 1670 est
1062 1644 1069 1668 :
1097 1640 1174 1669 cur
1194 1641 1282 1670 non
1299 1626 1361 1669 vis
1379 1627 1495 1684 igno-

106 1713 201 1742 rare
217 1696 369 1742 orbem
393 1707 518 1741 terrae
542 1698 574 1741 si
597 1696 703 1756 quid
727 1696 827 1740 mali
851 1696 955 1740 fecit
972 1696 1111 1756 (quod
1129 1696 1307 1755 quidem
1321 1697 1431 1742 absit
1448 1706 1497 1741 ut

105 1766 272 1826 fecerit)
284 1768 592 1828 persecutionis
608 1776 803 1826 tempore
816 1766 1091 1823 Caecilianus,
1105 1767 1138 1810 si
1152 1767 1495 1825 persecutionem

105 1855 237 1899 quam
259 1854 408 1899 passus
429 1848 491 1884 est
516 1838 683 1883 Salvius
705 1839 760 1881 ab
782 1837 856 1881 illo
880 1853 1010 1896 quem
1032 1838 1122 1896 ipse
1139 1846 1290 1882 contra
1306 1853 1405 1881 eum
1424 1854 1495 1882 or-

105 1909 272 1954 dinavit
288 1945 298 1964 ‚
325 1919 368 1954 et
398 1910 444 1953 in
466 1925 514 1953 ea
540 1908 714 1953 civitate
735 1908 811 1951 ubi
836 1923 964 1966 super
996 1906 1181 1965 collegas
1202 1908 1493 1968 principatum

106 1980 230 2038 gerit,
257 1981 401 2040 potuit
423 1980 585 2024 nescire
609 1978 878 2022 Primianus?
902 1978 1122 2022 Fateberis
1148 1994 1265 2036 ergo,
1287 1980 1392 2023 velis
1411 1996 1492 2024 no-

105 2051 171 2106 lis,
188 2066 243 2096 ne
260 2051 543 2105 Restitutum,
562 2066 616 2093 nc
642 2049 925 2102 primianum,
948 2064 1001 2092 ne
1018 2057 1182 2108 partem
1201 2051 1356 2093 Donati
1368 2050 1493 2094 dam-

106 2137 210 2167 nare
232 2123 413 2183 cogaris,
439 2137 528 2167 non
553 2121 692 2166 solum
716 2129 758 2164 et
779 2120 958 2180 injustos
982 2120 1088 2179 pati,
1114 2134 1266 2164 verum
1293 2121 1422 2165 etiam
1450 2131 1494 2166 et

101 2198 240 2250 Justos
272 2192 413 2238 facere
436 2207 558 2252 posse
586 2191 948 2251 persecutionem.
978 2194 1065 2234 Aut
1086 2190 1118 2234 si
1144 2205 1237 2234 eam
1262 2207 1361 2250 quae
1376 2193 1493 2251 juste

106 2263 156 2308 fit
171 2279 260 2309 non
281 2278 371 2309 esse
393 2261 698 2323 appellandam
721 2261 1066 2320 persecutionem
1084 2269 1209 2320 putas
1236 2280 1244 2305 ;
1272 2276 1351 2306 nec
1371 2277 1445 2306 vos
1468 2278 1492 2306 a

106 2335 248 2390 nobis,
274 2350 354 2380 nec
371 2344 533 2379 vestros
552 2349 575 2378 a
592 2332 746 2378 nostris
769 2333 1110 2392 persecutionem
1132 2333 1291 2391 poteris
1308 2333 1493 2392 probare

107 2421 329 2466 perpessos
344 2427 356 2464 3
380 2405 603 2464 magisque
617 2419 695 2448 nos
713 2403 1106 2448 demonstrabimus
1121 2418 1213 2447 eam
1234 2419 1311 2447 nos
1326 2405 1493 2463 perpeti

108 2491 132 2520 a
154 2475 318 2520 clericis
341 2485 384 2519 et
405 2472 843 2520 Circumcellionibus
864 2474 1030 2528 vestris,
1063 2474 1139 2533 qui
1167 2473 1298 2518 corde
1317 2473 1428 2518 duro
1451 2484 1494 2519 et

109 2546 289 2601 insulso,
311 2561 390 2590 nec
410 2544 699 2604 intelligentes
716 2560 796 2589 nec
813 2543 998 2589 ferentes
1016 2543 1137 2604 quod
1155 2544 1213 2588 eis
1229 2544 1495 2591 consulimus

159 2639 165 2654 ¹
195 2632 296 2663 For-le
318 2629 547 2674 repetendum,
567 2629 643 2662 lecit
668 2630 851 2662 tta-stitutus.

249 2695 437 2725 cxxxix.
1266 2686 1314 2723 :33
