1825 3264
336 267 419 306 440
768 276 799 302 5.
838 275 1063 303 Anousrmi
1100 275 1277 301 nrlscom
1309 287 1311 289 ·

333 345 507 389 cutione
534 358 663 402 quam
695 342 881 402 pateris,
913 341 1133 400 gloriaris?
1165 340 1205 384 Si
1226 339 1405 401 justitiae
1436 339 1604 398 signum
1633 347 1711 394 est,

329 414 519 474 justitior
540 423 602 457 est
623 412 992 473 parsMaximiani.
1013 413 1120 455 Nam
1141 420 1183 454 et
1198 426 1220 453 a
1239 419 1280 454 te
1297 425 1417 469 passa
1439 418 1516 464 est,
1541 418 1584 453 et
1603 409 1715 468 pati-

331 495 425 530 tur:
447 494 600 528 etcum
615 499 666 529 eo
678 484 824 529 audite
840 483 1056 534 Psalmum
1073 481 1287 535 divinum,
1312 480 1489 525 «Nolite
1503 495 1592 524 esse
1605 481 1717 524 sicut

334 574 354 597 »
380 571 517 616 equus
539 564 581 599 et
597 554 742 599 mulus
764 571 852 599 non
874 553 1081 597 habentes
1095 551 1365 596 intellectum
1379 554 1407 595 ¹.
1427 569 1447 592 »
1469 553 1716 595 Persecuto-

331 642 397 670 res
425 627 539 669 enim
561 635 724 670 vestros
745 640 823 669 nos
843 624 1008 678 dicitis,
1036 638 1135 667 cum
1160 637 1236 666 vos
1258 621 1396 666 salvos
1417 620 1511 664 fieri
1533 621 1715 680 cupien-

332 707 410 752 tes,
450 706 590 741 vestra
627 712 725 757 quae
766 696 904 740 sanari
931 695 1159 748 volumus,
1194 693 1375 737 vulnera
1403 691 1717 736 medicinaliter

331 782 642 827 persequamur
665 786 673 811 :
692 767 811 810 unde
834 782 857 810 a
879 765 1042 809 clericis
1065 773 1108 808 et
1136 763 1590 818 Circumcellionibus,
1616 772 1717 806 tan-

331 853 463 898 quam
486 838 692 881 dentibus
714 846 757 881 et
779 837 969 881 calcibus
987 835 1136 880 vestris
1155 836 1340 893 graviter
1361 834 1466 878 dum
1493 849 1568 878 vos
1589 849 1716 878 cura—

331 924 443 962 mus,
471 908 717 966 affligimur.
748 907 891 952 Nolite
918 921 1007 950 esse
1033 906 1189 964 ingrati
1211 904 1286 949 tali
1310 905 1560 958 medicinae,
1586 918 1717 963 quam

332 980 429 1022 estis
462 979 631 1022 imitati.
664 981 720 1022 Et
743 994 818 1022 vos
834 978 1101 1021 Felicianum
1127 985 1168 1019 et
1194 979 1501 1019 Praetextatum
1527 989 1720 1034 persecu-

332 1050 524 1093 tionibus
549 1049 788 1093 correxistis
808 1068 816 1092 :
836 1058 966 1107 atque
999 1048 1165 1091 utinam
1195 1055 1335 1090 totum
1365 1047 1655 1105 corrigeretis,
1678 1054 1721 1090 et

331 1120 442 1163 sicut
464 1119 525 1162 illi
548 1118 601 1163 ad
620 1134 694 1163 vos
710 1153 720 1173 ‚
740 1119 799 1162 ita
815 1117 877 1161 illi
892 1127 935 1162 et
951 1133 1027 1162 vos
1043 1116 1099 1161 ad
1116 1126 1299 1161 matrem
1316 1116 1585 1162 Catholicam
1603 1116 1719 1160 redi-

332 1189 448 1233 retis.

392 1261 525 1303 LXX.
560 1261 722 1304 Contra
743 1273 873 1318 quam
891 1293 901 1313 ‚
934 1257 1065 1302 frater
1082 1247 1322 1313 Cresconi,
1348 1266 1468 1303 tanta
1496 1272 1539 1302 es
1582 1256 1719 1301 elatus

332 1332 529 1385 audacia,
552 1340 602 1375 ut
626 1347 647 1374 a
674 1345 743 1374 me
762 1339 1100 1374 commemorata
1119 1330 1246 1373 etiam
1264 1330 1336 1374 illa
1359 1329 1505 1373 divina
1524 1329 1719 1373 testimo·

332 1401 401 1444 nia
445 1400 642 1444 refellere
674 1401 903 1453 conareris,
940 1409 983 1443 et
1012 1400 1261 1458 obstrepere
1285 1400 1361 1443 Dei
1396 1399 1590 1443 vocibus.
1627 1401 1720 1444 Hoc

332 1473 446 1516 enim
469 1473 591 1531 posui
616 1472 661 1515 in
681 1471 753 1515 illa
776 1471 954 1530 epistola
975 1475 1008 1525 ²,
1034 1480 1185 1514 contra
1203 1485 1334 1529 quam
1358 1469 1549 1530 loqueris
1565 1504 1576 1524 ,
1600 1468 1721 1529 quod

332 1545 375 1586 in
404 1553 554 1588 sancto
580 1543 693 1586 libro
721 1553 783 1586 est
811 1542 865 1586 de
893 1543 1055 1586 semine
1079 1542 1265 1585 Abrahae
1283 1577 1294 1595 ,
1320 1541 1374 1585 ad
1404 1540 1528 1584 illum
1553 1549 1718 1599 patrem

332 1622 529 1656 nostrum
568 1616 657 1656 Deo
696 1613 866 1655 dicente
901 1632 908 1655 ;
944 1632 962 1652 «ι
1003 1615 1053 1654 1η
1088 1612 1249 1655 semine
1287 1620 1363 1654 tuo
1405 1610 1720 1654 benedicentur

336 1703 354 1723 η
378 1698 526 1726 omnes
545 1684 732 1741 gente53.
754 1701 772 1722 ι)
794 1682 917 1734 Quod
934 1691 1243 1725 testamentum
1261 1681 1451 1741 appellat
1469 1680 1716 1741 Apostolus,

332 1755 478 1797 <licens
506 1772 514 1796 :
541 1772 559 1793 «
586 1756 773 1806 Fratres,
804 1751 1042 1796 secundum
1072 1753 1294 1795 hominem
1321 1751 1444 1806 dico,
1471 1762 1612 1796 tamen
1636 1753 1719 1796 ho-

335 1841 355 1864 »
391 1823 518 1865 minis
540 1823 846 1866 confirmatum
868 1830 1174 1865 testamentum
1194 1836 1323 1866 nemo
1340 1822 1510 1865 irritum
1526 1821 1631 1865 facit
1646 1831 1720 1867 aut

337 1913 355 1934 »
391 1893 687 1952 super-odinat.
713 1893 899 1936 Abrahae
916 1893 1043 1936 dictae
1066 1901 1167 1935 sunt
1186 1893 1486 1950 promissiones
1504 1901 1547 1936 et
1565 1893 1718 1936 semini

334 1983 354 2005 n
391 1965 496 2023 ejus.
515 1966 613 2008 Non
630 1962 761 2016 dicit,
787 1973 830 2006 et
853 1963 1091 2007 seminibus
1107 1998 1117 2018 ‚
1142 1971 1351 2022 tanquam
1372 1963 1418 2006 in
1439 1962 1617 2020 multi33
1644 1963 1718 2007 sed

334 2053 354 2075 »
390 2043 598 2093 tanquam
623 2034 667 2077 in
689 2048 778 2077 uno
799 2068 810 2088 ,
836 2043 879 2077 et
900 2033 1053 2077 semini
1085 2042 1162 2078 tuo
1185 2034 1305 2093 quod
1331 2042 1394 2077 est
1416 2034 1613 2077 Christus
1636 2034 1667 2076 ⁴.
1696 2052 1714 2073 »

333 2105 472 2164 Hujus
508 2104 680 2148 seminis
714 2103 975 2147 foecunditas
1007 2112 1096 2147 tam
1129 2104 1301 2162 copiosa
1332 2103 1538 2162 promissa
1562 2112 1642 2157 est,
1668 2111 1718 2146 ut

331 2174 548 2218 diceretur
572 2175 641 2218 ei:
673 2193 691 2214 α
726 2175 792 2217 Sic
824 2174 904 2217 erit
935 2188 1081 2217 semen
1113 2183 1237 2217 tuum
1277 2175 1389 2218 sicut
1427 2172 1562 2217 stellae
1590 2173 1713 2228 coeli,

335 2263 353 2284 n
390 2253 432 2287 et
471 2245 580 2287 sicut
617 2259 744 2287 arena
780 2243 907 2286 maris
941 2259 1040 2303 quae
1075 2259 1164 2288 non
1193 2253 1332 2302 potest
1355 2243 1619 2287 dinumerari
1639 2245 1668 2285 ⁵.
1693 2260 1712 2284 »

333 2314 445 2357 Huic
465 2323 510 2358 tu
528 2313 878 2372 multiplicationi
897 2323 1028 2372 atque
1047 2314 1235 2357 ubertati
1257 2313 1460 2358 Ecclesiae
1476 2348 1487 2368 ,
1508 2329 1606 2374 quae
1625 2322 1716 2358 toto

332 2384 438 2427 orbe
457 2384 685 2437 dilatatur,
711 2399 809 2442 quae
833 2384 1089 2442 prophetata
1111 2383 1170 2427 sic
1195 2383 1403 2438 creditur,
1427 2385 1486 2427 sic
1517 2383 1715 2427 omnium

330 2455 459 2498 etiam
482 2454 727 2499 infidelium
760 2454 897 2499 oculis
925 2455 1178 2509 exhibetur,
1205 2464 1251 2499 ut
1275 2455 1450 2499 claudat
1479 2455 1609 2499 etiam
1640 2470 1714 2499 ora

383 2564 387 2576 ¹
413 2557 490 2587 Psal.
512 2569 595 2596 xxxi,
613 2569 645 2600 9.
661 2574 701 2579 —
715 2565 726 2580 ²
742 2557 820 2590 Vide
836 2557 890 2589 lib.
910 2569 919 2589 ι
938 2562 1048 2591 contra
1064 2557 1207 2600 Pctiijan.
1224 2568 1297 2600 cap.
1313 2558 1366 2590 23.
1382 2574 1424 2580 -
1436 2555 1449 2580 3
1468 2557 1549 2591 Gen.
1567 2568 1642 2598 xxn,
1661 2559 1711 2589 18.

333 2628 372 2632 -—
389 2610 400 2639 ἰ
419 2611 485 2643 Gal.
507 2624 558 2650 ιιι,
583 2613 632 2644 15.
647 2631 686 2636 —
705 2612 717 2635 5
735 2616 814 2647 Gen.
835 2626 912 2655 κ’(ιι,
936 2625 986 2655 ¹7·
