<?xml version="1.0" encoding="UTF-8"?>
<!DOCTYPE html PUBLIC "-//W3C//DTD XHTML 1.0 Transitional//EN"
    "http://www.w3.org/TR/xhtml1/DTD/xhtml1-transitional.dtd">
<html xmlns="http://www.w3.org/1999/xhtml" xml:lang="en" lang="en">
 <head>
  <title>
</title>
<meta http-equiv="Content-Type" content="text/html;charset=utf-8" />
  <meta name='ocr-system' content='tesseract 3.04.00' />
  <meta name='ocr-capabilities' content='ocr_page ocr_carea ocr_par ocr_line ocrx_word'/>
</head>
<body>
  <div class='ocr_page' id='page_1' title='image "./operaomniaaccura32auguuoft_0106.png"; bbox 0 0 1825 3264; ppageno 0'>
   <div class='ocr_carea' id='block_1_1' title="bbox 362 253 1310 289">
    <p class='ocr_par' dir='ltr' id='par_1_1' title="bbox 362 253 1310 289">
     <span class='ocr_line' id='line_1_1' title="bbox 362 253 1310 289; baseline -0.003 0"><span class='ocrx_word' id='word_1_1' title='bbox 362 253 417 289; x_wconf 85' lang='lat'>96</span> <span class='ocrx_word' id='word_1_2' title='bbox 793 259 826 288; x_wconf 87' lang='lat' dir='ltr'>s.</span> <span class='ocrx_word' id='word_1_3' title='bbox 865 259 1095 288; x_wconf 72' lang='lat' dir='ltr'>Auousnm</span> <span class='ocrx_word' id='word_1_4' title='bbox 1130 260 1310 288; x_wconf 78' lang='lat' dir='ltr'>EPISCOPI</span> 
     </span>
    </p>
   </div>
   <div class='ocr_carea' id='block_1_2' title="bbox 359 321 1764 2577">
    <p class='ocr_par' dir='ltr' id='par_1_2' title="bbox 359 321 1750 1016">
     <span class='ocr_line' id='line_1_2' title="bbox 361 321 1747 384; baseline -0.003 -15"><span class='ocrx_word' id='word_1_5' title='bbox 361 325 435 370; x_wconf 88' lang='lat' dir='ltr'>sed</span> <span class='ocrx_word' id='word_1_6' title='bbox 450 334 595 369; x_wconf 86' lang='lat' dir='ltr'>tamen</span> <span class='ocrx_word' id='word_1_7' title='bbox 607 323 948 384; x_wconf 87' lang='lat' dir='ltr'>qualescumque</span> <span class='ocrx_word' id='word_1_8' title='bbox 969 325 1072 368; x_wconf 86' lang='lat' dir='ltr'>ferri</span> <span class='ocrx_word' id='word_1_9' title='bbox 1090 324 1321 382; x_wconf 76' lang='lat' dir='ltr'>coegistis?</span> <span class='ocrx_word' id='word_1_10' title='bbox 1339 325 1408 368; x_wconf 80' lang='lat' dir='ltr'>An</span> <span class='ocrx_word' id='word_1_11' title='bbox 1430 337 1532 367; x_wconf 82' lang='lat' dir='ltr'>vero</span> <span class='ocrx_word' id='word_1_12' title='bbox 1549 321 1747 366; x_wconf 89' lang='lat' dir='ltr'>violentis</span> 
     </span>
     <span class='ocr_line' id='line_1_3' title="bbox 361 393 1747 454; baseline -0.003 -14"><span class='ocrx_word' id='word_1_13' title='bbox 361 396 605 441; x_wconf 84' lang='lat' dir='ltr'>incursibus</span> <span class='ocrx_word' id='word_1_14' title='bbox 633 395 1044 440; x_wconf 90' lang='lat' dir='ltr'>Circumcellionum</span> <span class='ocrx_word' id='word_1_15' title='bbox 1076 404 1318 439; x_wconf 87' lang='lat' dir='ltr'>vestrorum</span> <span class='ocrx_word' id='word_1_16' title='bbox 1338 429 1349 449; x_wconf 91' lang='lat'>,</span> <span class='ocrx_word' id='word_1_17' title='bbox 1384 394 1459 454; x_wconf 92' lang='lat' dir='ltr'>qui</span> <span class='ocrx_word' id='word_1_18' title='bbox 1493 393 1572 437; x_wconf 91' lang='lat' dir='ltr'>sub</span> <span class='ocrx_word' id='word_1_19' title='bbox 1604 401 1747 436; x_wconf 85' lang='lat' dir='ltr'>vestro</span> 
     </span>
     <span class='ocr_line' id='line_1_4' title="bbox 360 462 1748 526; baseline -0.003 -16"><span class='ocrx_word' id='word_1_20' title='bbox 360 466 606 526; x_wconf 87' lang='lat' dir='ltr'>principatu</span> <span class='ocrx_word' id='word_1_21' title='bbox 627 465 798 511; x_wconf 75' lang='lat' dir='ltr'>furiosis</span> <span class='ocrx_word' id='word_1_22' title='bbox 814 466 1058 525; x_wconf 83' lang='lat' dir='ltr'>agminibus</span> <span class='ocrx_word' id='word_1_23' title='bbox 1078 464 1283 519; x_wconf 88' lang='lat' dir='ltr'>militant,</span> <span class='ocrx_word' id='word_1_24' title='bbox 1309 479 1398 509; x_wconf 92' lang='lat' dir='ltr'>non</span> <span class='ocrx_word' id='word_1_25' title='bbox 1420 480 1470 508; x_wconf 85' lang='lat' dir='ltr'>ex</span> <span class='ocrx_word' id='word_1_26' title='bbox 1488 463 1597 521; x_wconf 87' lang='lat' dir='ltr'>agris</span> <span class='ocrx_word' id='word_1_27' title='bbox 1620 462 1748 507; x_wconf 90' lang='lat' dir='ltr'>undi-</span> 
     </span>
     <span class='ocr_line' id='line_1_5' title="bbox 359 534 1744 597; baseline -0.002 -17"><span class='ocrx_word' id='word_1_28' title='bbox 359 552 446 597; x_wconf 91' lang='lat' dir='ltr'>que</span> <span class='ocrx_word' id='word_1_29' title='bbox 460 536 737 596; x_wconf 82' lang='lat' dir='ltr'>pelleremur,</span> <span class='ocrx_word' id='word_1_30' title='bbox 769 536 848 580; x_wconf 89' lang='lat' dir='ltr'>nisi</span> <span class='ocrx_word' id='word_1_31' title='bbox 865 552 940 581; x_wconf 90' lang='lat' dir='ltr'>vos</span> <span class='ocrx_word' id='word_1_32' title='bbox 959 536 1130 581; x_wconf 87' lang='lat' dir='ltr'>obsides</span> <span class='ocrx_word' id='word_1_33' title='bbox 1150 536 1196 579; x_wconf 90' lang='lat' dir='ltr'>in</span> <span class='ocrx_word' id='word_1_34' title='bbox 1219 534 1465 580; x_wconf 84' lang='lat' dir='ltr'>civitatibus</span> <span class='ocrx_word' id='word_1_35' title='bbox 1484 543 1744 588; x_wconf 90' lang='lat' dir='ltr'>teneremus,</span> 
     </span>
     <span class='ocr_line' id='line_1_6' title="bbox 360 606 1748 668; baseline -0.001 -17"><span class='ocrx_word' id='word_1_36' title='bbox 360 609 437 668; x_wconf 91' lang='lat' dir='ltr'>qui</span> <span class='ocrx_word' id='word_1_37' title='bbox 459 608 773 668; x_wconf 90' lang='lat' dir='ltr'>quoquomodo</span> <span class='ocrx_word' id='word_1_38' title='bbox 805 608 941 668; x_wconf 88' lang='lat' dir='ltr'>ipsam</span> <span class='ocrx_word' id='word_1_39' title='bbox 965 608 1119 652; x_wconf 83' lang='lat' dir='ltr'>faciem</span> <span class='ocrx_word' id='word_1_40' title='bbox 1151 606 1372 666; x_wconf 87' lang='lat' dir='ltr'>publicam</span> <span class='ocrx_word' id='word_1_41' title='bbox 1402 615 1444 650; x_wconf 87' lang='lat' dir='ltr'>et</span> <span class='ocrx_word' id='word_1_42' title='bbox 1468 606 1748 650; x_wconf 89' lang='lat' dir='ltr'>honestorum</span> 
     </span>
     <span class='ocr_line' id='line_1_7' title="bbox 361 674 1746 737; baseline -0.001 -16"><span class='ocrx_word' id='word_1_43' title='bbox 361 679 756 737; x_wconf 84' lang='lat' dir='ltr'>reprehensionem,</span> <span class='ocrx_word' id='word_1_44' title='bbox 771 679 823 737; x_wconf 90' lang='lat' dir='ltr'>(si</span> <span class='ocrx_word' id='word_1_45' title='bbox 846 694 935 723; x_wconf 89' lang='lat' dir='ltr'>non</span> <span class='ocrx_word' id='word_1_46' title='bbox 949 678 1106 722; x_wconf 87' lang='lat' dir='ltr'>timore</span> <span class='ocrx_word' id='word_1_47' title='bbox 1122 680 1154 736; x_wconf 87' lang='lat'>),</span> <span class='ocrx_word' id='word_1_48' title='bbox 1179 676 1249 722; x_wconf 87' lang='lat' dir='ltr'>vel</span> <span class='ocrx_word' id='word_1_49' title='bbox 1266 676 1434 737; x_wconf 85' lang='lat' dir='ltr'>pudore</span> <span class='ocrx_word' id='word_1_50' title='bbox 1451 676 1565 719; x_wconf 86' lang='lat' dir='ltr'>ferre</span> <span class='ocrx_word' id='word_1_51' title='bbox 1586 674 1746 720; x_wconf 83' lang='lat' dir='ltr'>nolitis.</span> 
     </span>
     <span class='ocr_line' id='line_1_8' title="bbox 361 745 1750 807; baseline -0.001 -15"><span class='ocrx_word' id='word_1_52' title='bbox 361 747 458 793; x_wconf 90' lang='lat' dir='ltr'>Noli</span> <span class='ocrx_word' id='word_1_53' title='bbox 482 763 583 807; x_wconf 87' lang='lat' dir='ltr'>ergo</span> <span class='ocrx_word' id='word_1_54' title='bbox 605 749 749 793; x_wconf 84' lang='lat' dir='ltr'>dicere</span> <span class='ocrx_word' id='word_1_55' title='bbox 776 768 785 793; x_wconf 92' lang='lat'>:</span> <span class='ocrx_word' id='word_1_56' title='bbox 811 749 951 803; x_wconf 79' lang='lat' dir='ltr'>Absit,</span> <span class='ocrx_word' id='word_1_57' title='bbox 979 748 1090 793; x_wconf 87' lang='lat' dir='ltr'>absit</span> <span class='ocrx_word' id='word_1_58' title='bbox 1107 764 1129 792; x_wconf 89' lang='lat' dir='ltr'>a</span> <span class='ocrx_word' id='word_1_59' title='bbox 1151 757 1295 792; x_wconf 88' lang='lat' dir='ltr'>nostra</span> <span class='ocrx_word' id='word_1_60' title='bbox 1311 747 1571 792; x_wconf 88' lang='lat' dir='ltr'>conscientia</span> <span class='ocrx_word' id='word_1_61' title='bbox 1587 782 1599 801; x_wconf 86' lang='lat'><em>‚</em></span> <span class='ocrx_word' id='word_1_62' title='bbox 1625 755 1673 790; x_wconf 91' lang='lat' dir='ltr'>ut</span> <span class='ocrx_word' id='word_1_63' title='bbox 1696 745 1750 790; x_wconf 89' lang='lat' dir='ltr'>ad</span> 
     </span>
     <span class='ocr_line' id='line_1_9' title="bbox 362 816 1749 880; baseline -0.002 -17"><span class='ocrx_word' id='word_1_64' title='bbox 362 828 554 863; x_wconf 89' lang='lat' dir='ltr'>nostram</span> <span class='ocrx_word' id='word_1_65' title='bbox 586 819 717 864; x_wconf 88' lang='lat' dir='ltr'>fidem</span> <span class='ocrx_word' id='word_1_66' title='bbox 739 819 930 880; x_wconf 87' lang='lat' dir='ltr'>aliquem</span> <span class='ocrx_word' id='word_1_67' title='bbox 953 819 1282 879; x_wconf 84' lang='lat' dir='ltr'>compellamus.</span> <span class='ocrx_word' id='word_1_68' title='bbox 1311 819 1467 862; x_wconf 88' lang='lat' dir='ltr'>Facitis</span> <span class='ocrx_word' id='word_1_69' title='bbox 1494 817 1609 861; x_wconf 90' lang='lat' dir='ltr'>enim</span> <span class='ocrx_word' id='word_1_70' title='bbox 1629 852 1640 871; x_wconf 92' lang='lat'>‚</span> <span class='ocrx_word' id='word_1_71' title='bbox 1672 816 1749 860; x_wconf 92' lang='lat' dir='ltr'>ubi</span> 
     </span>
     <span class='ocr_line' id='line_1_10' title="bbox 361 887 1747 949; baseline -0.001 -16"><span class='ocrx_word' id='word_1_72' title='bbox 361 890 540 948; x_wconf 88' lang='lat' dir='ltr'>potestis</span> <span class='ocrx_word' id='word_1_73' title='bbox 566 909 574 934; x_wconf 92' lang='lat'>:</span> <span class='ocrx_word' id='word_1_74' title='bbox 601 890 676 934; x_wconf 91' lang='lat' dir='ltr'>ubi</span> <span class='ocrx_word' id='word_1_75' title='bbox 699 898 843 934; x_wconf 90' lang='lat' dir='ltr'>autem</span> <span class='ocrx_word' id='word_1_76' title='bbox 868 905 958 934; x_wconf 91' lang='lat' dir='ltr'>non</span> <span class='ocrx_word' id='word_1_77' title='bbox 976 889 1132 945; x_wconf 86' lang='lat' dir='ltr'>facitis,</span> <span class='ocrx_word' id='word_1_78' title='bbox 1150 905 1238 933; x_wconf 91' lang='lat' dir='ltr'>non</span> <span class='ocrx_word' id='word_1_79' title='bbox 1255 890 1448 949; x_wconf 86' lang='lat' dir='ltr'>potestis,</span> <span class='ocrx_word' id='word_1_80' title='bbox 1467 889 1555 932; x_wconf 86' lang='lat' dir='ltr'>sive</span> <span class='ocrx_word' id='word_1_81' title='bbox 1577 887 1722 946; x_wconf 91' lang='lat' dir='ltr'>legum</span> <span class='ocrx_word' id='word_1_82' title='bbox 1736 921 1747 942; x_wconf 85' lang='lat'>,</span> 
     </span>
     <span class='ocr_line' id='line_1_11' title="bbox 363 958 1584 1016; baseline -0.001 -13"><span class='ocrx_word' id='word_1_83' title='bbox 363 961 450 1004; x_wconf 90' lang='lat' dir='ltr'>sive</span> <span class='ocrx_word' id='word_1_84' title='bbox 471 959 645 1004; x_wconf 85' lang='lat' dir='ltr'>invidiae</span> <span class='ocrx_word' id='word_1_85' title='bbox 668 961 839 1016; x_wconf 89' lang='lat' dir='ltr'>timore,</span> <span class='ocrx_word' id='word_1_86' title='bbox 867 961 955 1004; x_wconf 91' lang='lat' dir='ltr'>sive</span> <span class='ocrx_word' id='word_1_87' title='bbox 977 961 1265 1004; x_wconf 83' lang='lat' dir='ltr'>resistentium</span> <span class='ocrx_word' id='word_1_88' title='bbox 1287 958 1584 1004; x_wconf 89' lang='lat' dir='ltr'>multitudine.</span> 
     </span>
    </p>

    <p class='ocr_par' dir='ltr' id='par_1_3' title="bbox 363 1029 1756 1783">
     <span class='ocr_line' id='line_1_12' title="bbox 421 1029 1753 1077; baseline -0.001 -2"><span class='ocrx_word' id='word_1_89' title='bbox 421 1033 676 1076; x_wconf 86' lang='lat' dir='ltr'>CLXXXV.</span> <span class='ocrx_word' id='word_1_90' title='bbox 691 1035 900 1077; x_wconf 61' lang='lat' dir='ltr'>Panum</span> <span class='ocrx_word' id='word_1_91' title='bbox 910 1052 953 1076; x_wconf 77' lang='lat' dir='ltr'>us</span> <span class='ocrx_word' id='word_1_92' title='bbox 967 1031 1073 1076; x_wconf 85' lang='lat' dir='ltr'>dixit</span> <span class='ocrx_word' id='word_1_93' title='bbox 1090 1032 1247 1076; x_wconf 88' lang='lat' dir='ltr'>:«Dicit</span> <span class='ocrx_word' id='word_1_94' title='bbox 1263 1032 1379 1075; x_wconf 86' lang='lat' dir='ltr'>enim</span> <span class='ocrx_word' id='word_1_95' title='bbox 1393 1030 1603 1075; x_wconf 86' lang='lat' dir='ltr'>Dominus</span> <span class='ocrx_word' id='word_1_96' title='bbox 1613 1029 1753 1074; x_wconf 78' lang='lat' dir='ltr'>Chris⁴</span> 
     </span>
     <span class='ocr_line' id='line_1_13' title="bbox 363 1101 1749 1162; baseline -0.002 -17"><span class='ocrx_word' id='word_1_97' title='bbox 363 1111 432 1145; x_wconf 93' lang='lat' dir='ltr'>tus</span> <span class='ocrx_word' id='word_1_98' title='bbox 458 1121 466 1145; x_wconf 90' lang='lat'>:</span> <span class='ocrx_word' id='word_1_99' title='bbox 491 1121 511 1143; x_wconf 86' lang='lat'>«</span> <span class='ocrx_word' id='word_1_100' title='bbox 537 1105 674 1147; x_wconf 91' lang='lat' dir='ltr'>Nemo</span> <span class='ocrx_word' id='word_1_101' title='bbox 693 1103 814 1146; x_wconf 91' lang='lat' dir='ltr'>venit</span> <span class='ocrx_word' id='word_1_102' title='bbox 836 1104 890 1146; x_wconf 87' lang='lat' dir='ltr'>ad</span> <span class='ocrx_word' id='word_1_103' title='bbox 918 1117 987 1146; x_wconf 89' lang='lat' dir='ltr'>me</span> <span class='ocrx_word' id='word_1_104' title='bbox 1003 1137 1014 1156; x_wconf 94' lang='lat'>,</span> <span class='ocrx_word' id='word_1_105' title='bbox 1041 1103 1121 1146; x_wconf 88' lang='lat' dir='ltr'>nisi</span> <span class='ocrx_word' id='word_1_106' title='bbox 1145 1118 1276 1162; x_wconf 88' lang='lat' dir='ltr'>quem</span> <span class='ocrx_word' id='word_1_107' title='bbox 1294 1106 1420 1145; x_wconf 90' lang='lat' dir='ltr'>Pater</span> <span class='ocrx_word' id='word_1_108' title='bbox 1438 1101 1701 1145; x_wconf 72' lang='lat' dir='ltr'>attraxerit3.</span> <span class='ocrx_word' id='word_1_109' title='bbox 1731 1119 1749 1142; x_wconf 91' lang='lat'>»</span> 
     </span>
     <span class='ocr_line' id='line_1_14' title="bbox 363 1172 1754 1232; baseline -0.001 -15"><span class='ocrx_word' id='word_1_110' title='bbox 363 1174 452 1217; x_wconf 92' lang='lat' dir='ltr'>Cur</span> <span class='ocrx_word' id='word_1_111' title='bbox 476 1183 620 1216; x_wconf 85' lang='lat' dir='ltr'>autem</span> <span class='ocrx_word' id='word_1_112' title='bbox 653 1188 727 1216; x_wconf 90' lang='lat' dir='ltr'>vos</span> <span class='ocrx_word' id='word_1_113' title='bbox 761 1189 850 1217; x_wconf 91' lang='lat' dir='ltr'>non</span> <span class='ocrx_word' id='word_1_114' title='bbox 879 1172 1065 1215; x_wconf 89' lang='lat' dir='ltr'>liberum</span> <span class='ocrx_word' id='word_1_115' title='bbox 1101 1173 1326 1216; x_wconf 80' lang='lat' dir='ltr'>arbitrium</span> <span class='ocrx_word' id='word_1_116' title='bbox 1358 1172 1597 1232; x_wconf 89' lang='lat' dir='ltr'>unicuique</span> <span class='ocrx_word' id='word_1_117' title='bbox 1631 1172 1754 1231; x_wconf 90' lang='lat' dir='ltr'>sequi</span> 
     </span>
     <span class='ocr_line' id='line_1_15' title="bbox 364 1242 1751 1302; baseline 0.001 -17"><span class='ocrx_word' id='word_1_118' title='bbox 364 1242 638 1302; x_wconf 69' lang='lat' dir='ltr'>permittitis,</span> <span class='ocrx_word' id='word_1_119' title='bbox 665 1259 764 1287; x_wconf 90' lang='lat' dir='ltr'>cum</span> <span class='ocrx_word' id='word_1_120' title='bbox 793 1244 884 1302; x_wconf 90' lang='lat' dir='ltr'>ipse</span> <span class='ocrx_word' id='word_1_121' title='bbox 910 1244 1119 1287; x_wconf 88' lang='lat' dir='ltr'>Dominus</span> <span class='ocrx_word' id='word_1_122' title='bbox 1157 1247 1271 1288; x_wconf 89' lang='lat' dir='ltr'>Deus</span> <span class='ocrx_word' id='word_1_123' title='bbox 1305 1243 1491 1287; x_wconf 83' lang='lat' dir='ltr'>liberum</span> <span class='ocrx_word' id='word_1_124' title='bbox 1521 1243 1751 1287; x_wconf 86' lang='lat' dir='ltr'>arbitrium</span> 
     </span>
     <span class='ocr_line' id='line_1_16' title="bbox 363 1312 1751 1373; baseline 0.001 -18"><span class='ocrx_word' id='word_1_125' title='bbox 363 1312 532 1356; x_wconf 85' lang='lat' dir='ltr'>dederit</span> <span class='ocrx_word' id='word_1_126' title='bbox 544 1313 793 1356; x_wconf 90' lang='lat' dir='ltr'>hominibus</span> <span class='ocrx_word' id='word_1_127' title='bbox 811 1334 821 1370; x_wconf 74' lang='lat'>3</span> <span class='ocrx_word' id='word_1_128' title='bbox 841 1313 954 1357; x_wconf 87' lang='lat' dir='ltr'>viam</span> <span class='ocrx_word' id='word_1_129' title='bbox 973 1323 1117 1358; x_wconf 81' lang='lat' dir='ltr'>tamen</span> <span class='ocrx_word' id='word_1_130' title='bbox 1129 1314 1306 1373; x_wconf 84' lang='lat' dir='ltr'>justitiae</span> <span class='ocrx_word' id='word_1_131' title='bbox 1321 1312 1567 1365; x_wconf 77' lang='lat' dir='ltr'>ostendens,</span> <span class='ocrx_word' id='word_1_132' title='bbox 1584 1328 1638 1356; x_wconf 89' lang='lat' dir='ltr'>ne</span> <span class='ocrx_word' id='word_1_133' title='bbox 1655 1312 1751 1372; x_wconf 88' lang='lat' dir='ltr'>quis</span> 
     </span>
     <span class='ocr_line' id='line_1_17' title="bbox 363 1383 1752 1444; baseline 0 -17"><span class='ocrx_word' id='word_1_134' title='bbox 363 1383 544 1427; x_wconf 87' lang='lat' dir='ltr'>forsitan</span> <span class='ocrx_word' id='word_1_135' title='bbox 573 1385 741 1428; x_wconf 86' lang='lat' dir='ltr'>nescius</span> <span class='ocrx_word' id='word_1_136' title='bbox 769 1384 1000 1444; x_wconf 80' lang='lat' dir='ltr'>deperiret.</span> <span class='ocrx_word' id='word_1_137' title='bbox 1029 1386 1142 1429; x_wconf 86' lang='lat' dir='ltr'>Dixit</span> <span class='ocrx_word' id='word_1_138' title='bbox 1168 1388 1282 1430; x_wconf 89' lang='lat' dir='ltr'>enim</span> <span class='ocrx_word' id='word_1_139' title='bbox 1311 1405 1320 1431; x_wconf 71' lang='grc' dir='ltr'>ε</span> <span class='ocrx_word' id='word_1_140' title='bbox 1365 1405 1382 1425; x_wconf 88' lang='lat'>«</span> <span class='ocrx_word' id='word_1_141' title='bbox 1422 1386 1550 1430; x_wconf 90' lang='lat' dir='ltr'>Posui</span> <span class='ocrx_word' id='word_1_142' title='bbox 1580 1393 1680 1428; x_wconf 86' lang='lat' dir='ltr'>ante</span> <span class='ocrx_word' id='word_1_143' title='bbox 1711 1393 1752 1428; x_wconf 91' lang='lat' dir='ltr'>te</span> 
     </span>
     <span class='ocr_line' id='line_1_18' title="bbox 368 1453 1754 1515; baseline 0.001 -20"><span class='ocrx_word' id='word_1_144' title='bbox 368 1472 387 1493; x_wconf 85' lang='lat'>»</span> <span class='ocrx_word' id='word_1_145' title='bbox 424 1453 587 1497; x_wconf 86' lang='lat' dir='ltr'>bonum</span> <span class='ocrx_word' id='word_1_146' title='bbox 611 1464 654 1497; x_wconf 92' lang='lat' dir='ltr'>et</span> <span class='ocrx_word' id='word_1_147' title='bbox 671 1454 851 1509; x_wconf 83' lang='lat' dir='ltr'>malum,</span> <span class='ocrx_word' id='word_1_148' title='bbox 878 1456 1003 1513; x_wconf 87' lang='lat' dir='ltr'>posui</span> <span class='ocrx_word' id='word_1_149' title='bbox 1022 1465 1123 1499; x_wconf 88' lang='lat' dir='ltr'>ante</span> <span class='ocrx_word' id='word_1_150' title='bbox 1149 1466 1190 1500; x_wconf 87' lang='lat' dir='ltr'>te</span> <span class='ocrx_word' id='word_1_151' title='bbox 1209 1457 1353 1514; x_wconf 86' lang='lat' dir='ltr'>ignem</span> <span class='ocrx_word' id='word_1_152' title='bbox 1374 1466 1417 1500; x_wconf 89' lang='lat' dir='ltr'>et</span> <span class='ocrx_word' id='word_1_153' title='bbox 1441 1471 1614 1515; x_wconf 87' lang='lat' dir='ltr'>aquam,</span> <span class='ocrx_word' id='word_1_154' title='bbox 1633 1453 1754 1514; x_wconf 84' lang='lat' dir='ltr'>quod</span> 
     </span>
     <span class='ocr_line' id='line_1_19' title="bbox 368 1524 1755 1586; baseline 0.003 -21"><span class='ocrx_word' id='word_1_155' title='bbox 368 1542 386 1565; x_wconf 91' lang='lat'>»</span> <span class='ocrx_word' id='word_1_156' title='bbox 423 1524 609 1568; x_wconf 83' lang='lat' dir='ltr'>volueris</span> <span class='ocrx_word' id='word_1_157' title='bbox 632 1524 779 1583; x_wconf 73' lang='lat' dir='ltr'>elige2.</span> <span class='ocrx_word' id='word_1_158' title='bbox 797 1545 816 1566; x_wconf 88' lang='lat'>»</span> <span class='ocrx_word' id='word_1_159' title='bbox 836 1529 899 1570; x_wconf 80' lang='lat' dir='ltr'>Ex</span> <span class='ocrx_word' id='word_1_160' title='bbox 922 1542 1010 1586; x_wconf 91' lang='lat' dir='ltr'>quo</span> <span class='ocrx_word' id='word_1_161' title='bbox 1023 1543 1098 1571; x_wconf 88' lang='lat' dir='ltr'>vos</span> <span class='ocrx_word' id='word_1_162' title='bbox 1116 1527 1311 1581; x_wconf 81' lang='lat' dir='ltr'>arbitrio,</span> <span class='ocrx_word' id='word_1_163' title='bbox 1333 1527 1494 1582; x_wconf 85' lang='lat' dir='ltr'>miseri,</span> <span class='ocrx_word' id='word_1_164' title='bbox 1520 1525 1644 1571; x_wconf 83' lang='lat' dir='ltr'>vobis</span> <span class='ocrx_word' id='word_1_165' title='bbox 1665 1540 1755 1569; x_wconf 90' lang='lat' dir='ltr'>non</span> 
     </span>
     <span class='ocr_line' id='line_1_20' title="bbox 365 1596 1751 1658; baseline 0.001 -19"><span class='ocrx_word' id='word_1_166' title='bbox 365 1612 520 1655; x_wconf 87' lang='lat' dir='ltr'>aquam</span> <span class='ocrx_word' id='word_1_167' title='bbox 541 1632 550 1650; x_wconf 89' lang='lat'>,</span> <span class='ocrx_word' id='word_1_168' title='bbox 592 1596 667 1640; x_wconf 88' lang='lat' dir='ltr'>sed</span> <span class='ocrx_word' id='word_1_169' title='bbox 690 1597 835 1656; x_wconf 87' lang='lat' dir='ltr'>ignem</span> <span class='ocrx_word' id='word_1_170' title='bbox 859 1599 1002 1657; x_wconf 90' lang='lat' dir='ltr'>potius</span> <span class='ocrx_word' id='word_1_171' title='bbox 1024 1599 1224 1658; x_wconf 83' lang='lat' dir='ltr'>elegistis.</span> <span class='ocrx_word' id='word_1_172' title='bbox 1255 1598 1340 1643; x_wconf 91' lang='lat' dir='ltr'>Sed</span> <span class='ocrx_word' id='word_1_173' title='bbox 1374 1609 1520 1643; x_wconf 87' lang='lat' dir='ltr'>tamen</span> <span class='ocrx_word' id='word_1_174' title='bbox 1540 1634 1550 1653; x_wconf 91' lang='lat'>,</span> <span class='ocrx_word' id='word_1_175' title='bbox 1575 1598 1721 1658; x_wconf 90' lang='lat' dir='ltr'>inquit</span> <span class='ocrx_word' id='word_1_176' title='bbox 1741 1630 1751 1650; x_wconf 95' lang='lat'>‚</span> 
     </span>
     <span class='ocr_line' id='line_1_21' title="bbox 366 1667 1756 1728; baseline 0.001 -17"><span class='ocrx_word' id='word_1_177' title='bbox 366 1667 531 1711; x_wconf 88' lang='lat' dir='ltr'>bonum</span> <span class='ocrx_word' id='word_1_178' title='bbox 556 1667 681 1726; x_wconf 81' lang='lat' dir='ltr'>elige,</span> <span class='ocrx_word' id='word_1_179' title='bbox 699 1677 747 1712; x_wconf 90' lang='lat' dir='ltr'>ut</span> <span class='ocrx_word' id='word_1_180' title='bbox 769 1669 901 1713; x_wconf 91' lang='lat' dir='ltr'>vivas.</span> <span class='ocrx_word' id='word_1_181' title='bbox 929 1669 1013 1722; x_wconf 88' lang='lat' dir='ltr'>Qui</span> <span class='ocrx_word' id='word_1_182' title='bbox 1032 1684 1122 1713; x_wconf 86' lang='lat' dir='ltr'>non</span> <span class='ocrx_word' id='word_1_183' title='bbox 1145 1670 1207 1713; x_wconf 92' lang='lat' dir='ltr'>vis</span> <span class='ocrx_word' id='word_1_184' title='bbox 1231 1670 1395 1714; x_wconf 89' lang='lat' dir='ltr'>bonum</span> <span class='ocrx_word' id='word_1_185' title='bbox 1420 1669 1594 1728; x_wconf 88' lang='lat' dir='ltr'>eligere,</span> <span class='ocrx_word' id='word_1_186' title='bbox 1610 1669 1756 1713; x_wconf 87' lang='lat' dir='ltr'>vivere</span> 
     </span>
     <span class='ocr_line' id='line_1_22' title="bbox 365 1737 844 1783; baseline -0.002 -2"><span class='ocrx_word' id='word_1_187' title='bbox 365 1747 408 1781; x_wconf 91' lang='lat' dir='ltr'>te</span> <span class='ocrx_word' id='word_1_188' title='bbox 431 1737 547 1781; x_wconf 91' lang='lat' dir='ltr'>nolle</span> <span class='ocrx_word' id='word_1_189' title='bbox 570 1739 801 1783; x_wconf 87' lang='lat' dir='ltr'>damnasti.</span> <span class='ocrx_word' id='word_1_190' title='bbox 825 1758 844 1780; x_wconf 85' lang='lat'>»</span> 
     </span>
    </p>

    <p class='ocr_par' dir='ltr' id='par_1_4' title="bbox 366 1810 1764 2577">
     <span class='ocr_line' id='line_1_23' title="bbox 423 1810 1755 1870; baseline 0.001 -17"><span class='ocrx_word' id='word_1_191' title='bbox 423 1810 703 1853; x_wconf 90' lang='lat' dir='ltr'>CLXXXVI.</span> <span class='ocrx_word' id='word_1_192' title='bbox 731 1813 1008 1854; x_wconf 68' lang='lat' dir='ltr'>Auonsmws</span> <span class='ocrx_word' id='word_1_193' title='bbox 1047 1810 1270 1870; x_wconf 88' lang='lat' dir='ltr'>respondit</span> <span class='ocrx_word' id='word_1_194' title='bbox 1299 1829 1307 1854; x_wconf 75' lang='grc' dir='ltr'>ε</span> <span class='ocrx_word' id='word_1_195' title='bbox 1347 1812 1388 1855; x_wconf 90' lang='lat' dir='ltr'>Si</span> <span class='ocrx_word' id='word_1_196' title='bbox 1413 1811 1491 1854; x_wconf 92' lang='lat' dir='ltr'>tibi</span> <span class='ocrx_word' id='word_1_197' title='bbox 1513 1825 1755 1870; x_wconf 85' lang='lat' dir='ltr'>proponam</span> 
     </span>
     <span class='ocr_line' id='line_1_24' title="bbox 366 1879 1756 1939; baseline 0.002 -18"><span class='ocrx_word' id='word_1_198' title='bbox 366 1879 905 1939; x_wconf 82' lang='lat' dir='ltr'>quaestionem,quomodo</span> <span class='ocrx_word' id='word_1_199' title='bbox 928 1884 1041 1924; x_wconf 88' lang='lat' dir='ltr'>Deus</span> <span class='ocrx_word' id='word_1_200' title='bbox 1065 1884 1191 1925; x_wconf 88' lang='lat' dir='ltr'>Pater</span> <span class='ocrx_word' id='word_1_201' title='bbox 1211 1882 1399 1925; x_wconf 86' lang='lat' dir='ltr'>attrahat</span> <span class='ocrx_word' id='word_1_202' title='bbox 1422 1881 1476 1924; x_wconf 90' lang='lat' dir='ltr'>ad</span> <span class='ocrx_word' id='word_1_203' title='bbox 1500 1881 1658 1925; x_wconf 88' lang='lat' dir='ltr'>Filium</span> <span class='ocrx_word' id='word_1_204' title='bbox 1675 1881 1756 1931; x_wconf 51' lang='lat' dir='ltr'>hoe</span> 
     </span>
     <span class='ocr_line' id='line_1_25' title="bbox 366 1949 1757 2009; baseline 0.001 -18"><span class='ocrx_word' id='word_1_205' title='bbox 366 1949 518 2003; x_wconf 83' lang='lat' dir='ltr'>mines,</span> <span class='ocrx_word' id='word_1_206' title='bbox 534 1965 643 2009; x_wconf 88' lang='lat' dir='ltr'>quos</span> <span class='ocrx_word' id='word_1_207' title='bbox 660 1950 704 1993; x_wconf 90' lang='lat' dir='ltr'>in</span> <span class='ocrx_word' id='word_1_208' title='bbox 722 1949 861 1994; x_wconf 85' lang='lat' dir='ltr'>libero</span> <span class='ocrx_word' id='word_1_209' title='bbox 876 1949 1037 1994; x_wconf 87' lang='lat' dir='ltr'>dimisit</span> <span class='ocrx_word' id='word_1_210' title='bbox 1052 1951 1248 2004; x_wconf 85' lang='lat' dir='ltr'>arbitrio,</span> <span class='ocrx_word' id='word_1_211' title='bbox 1266 1949 1454 1994; x_wconf 86' lang='lat' dir='ltr'>fortassis</span> <span class='ocrx_word' id='word_1_212' title='bbox 1470 1966 1563 1994; x_wconf 90' lang='lat' dir='ltr'>eam</span> <span class='ocrx_word' id='word_1_213' title='bbox 1580 1949 1757 1994; x_wconf 84' lang='lat' dir='ltr'>difficile</span> 
     </span>
     <span class='ocr_line' id='line_1_26' title="bbox 367 2017 1759 2081; baseline 0.002 -20"><span class='ocrx_word' id='word_1_214' title='bbox 367 2017 588 2063; x_wconf 85' lang='lat' dir='ltr'>soluturus</span> <span class='ocrx_word' id='word_1_215' title='bbox 610 2035 668 2064; x_wconf 83' lang='lat' dir='ltr'>es.</span> <span class='ocrx_word' id='word_1_216' title='bbox 696 2019 929 2073; x_wconf 88' lang='lat' dir='ltr'>Quomodo</span> <span class='ocrx_word' id='word_1_217' title='bbox 957 2021 1073 2065; x_wconf 89' lang='lat' dir='ltr'>enim</span> <span class='ocrx_word' id='word_1_218' title='bbox 1099 2021 1277 2065; x_wconf 84' lang='lat' dir='ltr'>attrahit</span> <span class='ocrx_word' id='word_1_219' title='bbox 1297 2057 1307 2075; x_wconf 92' lang='lat'>,</span> <span class='ocrx_word' id='word_1_220' title='bbox 1334 2022 1366 2065; x_wconf 93' lang='lat' dir='ltr'>si</span> <span class='ocrx_word' id='word_1_221' title='bbox 1386 2021 1569 2065; x_wconf 87' lang='lat' dir='ltr'>dimittit</span> <span class='ocrx_word' id='word_1_222' title='bbox 1588 2030 1636 2064; x_wconf 91' lang='lat' dir='ltr'>ut</span> <span class='ocrx_word' id='word_1_223' title='bbox 1663 2021 1759 2081; x_wconf 88' lang='lat' dir='ltr'>quis</span> 
     </span>
     <span class='ocr_line' id='line_1_27' title="bbox 370 2089 1760 2151; baseline 0.002 -20"><span class='ocrx_word' id='word_1_224' title='bbox 370 2089 489 2147; x_wconf 88' lang='lat' dir='ltr'>quod</span> <span class='ocrx_word' id='word_1_225' title='bbox 508 2089 694 2133; x_wconf 86' lang='lat' dir='ltr'>voluerit</span> <span class='ocrx_word' id='word_1_226' title='bbox 719 2091 850 2149; x_wconf 87' lang='lat' dir='ltr'>eligat</span> <span class='ocrx_word' id='word_1_227' title='bbox 871 2093 887 2133; x_wconf 74' lang='lat'>⁶?</span> <span class='ocrx_word' id='word_1_228' title='bbox 906 2094 961 2135; x_wconf 89' lang='lat' dir='ltr'>Et</span> <span class='ocrx_word' id='word_1_229' title='bbox 982 2101 1126 2135; x_wconf 88' lang='lat' dir='ltr'>tamen</span> <span class='ocrx_word' id='word_1_230' title='bbox 1147 2100 1385 2151; x_wconf 88' lang='lat' dir='ltr'>utrumque</span> <span class='ocrx_word' id='word_1_231' title='bbox 1402 2107 1554 2137; x_wconf 90' lang='lat' dir='ltr'>verum</span> <span class='ocrx_word' id='word_1_232' title='bbox 1573 2101 1658 2135; x_wconf 86' lang='lat' dir='ltr'>est:</span> <span class='ocrx_word' id='word_1_233' title='bbox 1684 2090 1760 2134; x_wconf 87' lang='lat' dir='ltr'>sed</span> 
     </span>
     <span class='ocr_line' id='line_1_28' title="bbox 371 2159 1760 2222; baseline 0.003 -21"><span class='ocrx_word' id='word_1_234' title='bbox 371 2159 596 2203; x_wconf 86' lang='lat' dir='ltr'>intellectu</span> <span class='ocrx_word' id='word_1_235' title='bbox 619 2161 701 2204; x_wconf 87' lang='lat' dir='ltr'>hoc</span> <span class='ocrx_word' id='word_1_236' title='bbox 729 2173 955 2220; x_wconf 85' lang='lat' dir='ltr'>penetrare</span> <span class='ocrx_word' id='word_1_237' title='bbox 978 2164 1106 2221; x_wconf 86' lang='lat' dir='ltr'>pauci</span> <span class='ocrx_word' id='word_1_238' title='bbox 1129 2164 1290 2207; x_wconf 88' lang='lat' dir='ltr'>valent.</span> <span class='ocrx_word' id='word_1_239' title='bbox 1315 2164 1434 2208; x_wconf 88' lang='lat' dir='ltr'>Sicut</span> <span class='ocrx_word' id='word_1_240' title='bbox 1451 2179 1554 2222; x_wconf 90' lang='lat' dir='ltr'>ergo</span> <span class='ocrx_word' id='word_1_241' title='bbox 1577 2163 1760 2222; x_wconf 86' lang='lat' dir='ltr'>fieripo-</span> 
     </span>
     <span class='ocr_line' id='line_1_29' title="bbox 374 2231 1762 2289; baseline 0.003 -17"><span class='ocrx_word' id='word_1_242' title='bbox 374 2238 485 2282; x_wconf 84' lang='lat' dir='ltr'>test,</span> <span class='ocrx_word' id='word_1_243' title='bbox 519 2240 565 2273; x_wconf 82' lang='lat' dir='ltr'>nt</span> <span class='ocrx_word' id='word_1_244' title='bbox 595 2246 704 2289; x_wconf 90' lang='lat' dir='ltr'>quos</span> <span class='ocrx_word' id='word_1_245' title='bbox 736 2232 781 2274; x_wconf 91' lang='lat' dir='ltr'>in</span> <span class='ocrx_word' id='word_1_246' title='bbox 815 2231 955 2276; x_wconf 85' lang='lat' dir='ltr'>libero</span> <span class='ocrx_word' id='word_1_247' title='bbox 982 2232 1144 2277; x_wconf 87' lang='lat' dir='ltr'>dimisit</span> <span class='ocrx_word' id='word_1_248' title='bbox 1175 2234 1378 2287; x_wconf 85' lang='lat' dir='ltr'>arbitrio,</span> <span class='ocrx_word' id='word_1_249' title='bbox 1409 2234 1597 2277; x_wconf 86' lang='lat' dir='ltr'>attrahat</span> <span class='ocrx_word' id='word_1_250' title='bbox 1616 2242 1762 2276; x_wconf 84' lang='lat' dir='ltr'>tamen</span> 
     </span>
     <span class='ocr_line' id='line_1_30' title="bbox 375 2300 1761 2363; baseline 0.004 -21"><span class='ocrx_word' id='word_1_251' title='bbox 375 2303 500 2343; x_wconf 85' lang='lat' dir='ltr'>Pater</span> <span class='ocrx_word' id='word_1_252' title='bbox 524 2300 577 2343; x_wconf 90' lang='lat' dir='ltr'>ad</span> <span class='ocrx_word' id='word_1_253' title='bbox 603 2300 760 2344; x_wconf 88' lang='lat' dir='ltr'>Filium</span> <span class='ocrx_word' id='word_1_254' title='bbox 789 2321 796 2345; x_wconf 89' lang='lat'>:</span> <span class='ocrx_word' id='word_1_255' title='bbox 823 2303 881 2346; x_wconf 88' lang='lat' dir='ltr'>sic</span> <span class='ocrx_word' id='word_1_256' title='bbox 901 2304 992 2347; x_wconf 85' lang='lat' dir='ltr'>fieri</span> <span class='ocrx_word' id='word_1_257' title='bbox 1017 2313 1173 2363; x_wconf 86' lang='lat' dir='ltr'>potest,</span> <span class='ocrx_word' id='word_1_258' title='bbox 1209 2314 1257 2348; x_wconf 89' lang='lat' dir='ltr'>ut</span> <span class='ocrx_word' id='word_1_259' title='bbox 1280 2320 1328 2348; x_wconf 90' lang='lat' dir='ltr'>ea</span> <span class='ocrx_word' id='word_1_260' title='bbox 1349 2320 1448 2363; x_wconf 86' lang='lat' dir='ltr'>quae</span> <span class='ocrx_word' id='word_1_261' title='bbox 1465 2304 1613 2363; x_wconf 87' lang='lat' dir='ltr'>legum</span> <span class='ocrx_word' id='word_1_262' title='bbox 1636 2307 1761 2348; x_wconf 83' lang='lat' dir='ltr'>coe&#39;r-</span> 
     </span>
     <span class='ocr_line' id='line_1_31' title="bbox 373 2370 1758 2427; baseline 0.003 -15"><span class='ocrx_word' id='word_1_263' title='bbox 373 2370 605 2414; x_wconf 86' lang='lat' dir='ltr'>citionibus</span> <span class='ocrx_word' id='word_1_264' title='bbox 635 2370 943 2427; x_wconf 84' lang='lat' dir='ltr'>admonentur,</span> <span class='ocrx_word' id='word_1_265' title='bbox 976 2390 1064 2418; x_wconf 92' lang='lat' dir='ltr'>non</span> <span class='ocrx_word' id='word_1_266' title='bbox 1088 2374 1289 2418; x_wconf 85' lang='lat' dir='ltr'>auferant</span> <span class='ocrx_word' id='word_1_267' title='bbox 1311 2374 1495 2418; x_wconf 88' lang='lat' dir='ltr'>liberum</span> <span class='ocrx_word' id='word_1_268' title='bbox 1516 2375 1758 2418; x_wconf 85' lang='lat' dir='ltr'>arbitrium.</span> 
     </span>
     <span class='ocr_line' id='line_1_32' title="bbox 375 2441 1764 2505; baseline 0.005 -23"><span class='ocrx_word' id='word_1_269' title='bbox 375 2441 599 2500; x_wconf 85' lang='lat' dir='ltr'>Quidquid</span> <span class='ocrx_word' id='word_1_270' title='bbox 621 2442 734 2486; x_wconf 83' lang='lat' dir='ltr'>enim</span> <span class='ocrx_word' id='word_1_271' title='bbox 756 2443 888 2487; x_wconf 86' lang='lat' dir='ltr'>homo</span> <span class='ocrx_word' id='word_1_272' title='bbox 912 2443 1071 2488; x_wconf 85' lang='lat' dir='ltr'>durum</span> <span class='ocrx_word' id='word_1_273' title='bbox 1094 2455 1137 2490; x_wconf 91' lang='lat' dir='ltr'>et</span> <span class='ocrx_word' id='word_1_274' title='bbox 1158 2445 1388 2491; x_wconf 88' lang='lat' dir='ltr'>molestum</span> <span class='ocrx_word' id='word_1_275' title='bbox 1413 2446 1591 2505; x_wconf 86' lang='lat' dir='ltr'>patitur,</span> <span class='ocrx_word' id='word_1_276' title='bbox 1618 2444 1764 2489; x_wconf 82' lang='lat' dir='ltr'>admo·</span> 
     </span>
     <span class='ocr_line' id='line_1_33' title="bbox 377 2514 1763 2577; baseline 0.004 -24"><span class='ocrx_word' id='word_1_277' title='bbox 377 2521 504 2554; x_wconf 88' lang='lat' dir='ltr'>netur</span> <span class='ocrx_word' id='word_1_278' title='bbox 535 2522 583 2555; x_wconf 85' lang='lat' dir='ltr'>ut</span> <span class='ocrx_word' id='word_1_279' title='bbox 606 2514 767 2572; x_wconf 87' lang='lat' dir='ltr'>cogitet</span> <span class='ocrx_word' id='word_1_280' title='bbox 785 2529 920 2574; x_wconf 87' lang='lat' dir='ltr'>quare</span> <span class='ocrx_word' id='word_1_281' title='bbox 941 2516 1132 2574; x_wconf 87' lang='lat' dir='ltr'>patiatur</span> <span class='ocrx_word' id='word_1_282' title='bbox 1160 2538 1169 2573; x_wconf 76' lang='lat'><em>3</em></span> <span class='ocrx_word' id='word_1_283' title='bbox 1195 2526 1244 2561; x_wconf 88' lang='lat' dir='ltr'>ut</span> <span class='ocrx_word' id='word_1_284' title='bbox 1269 2518 1303 2561; x_wconf 88' lang='lat' dir='ltr'>si</span> <span class='ocrx_word' id='word_1_285' title='bbox 1325 2532 1403 2577; x_wconf 85' lang='lat' dir='ltr'>pro</span> <span class='ocrx_word' id='word_1_286' title='bbox 1419 2517 1586 2577; x_wconf 85' lang='lat' dir='ltr'>justitia</span> <span class='ocrx_word' id='word_1_287' title='bbox 1609 2532 1652 2560; x_wconf 91' lang='lat' dir='ltr'>se</span> <span class='ocrx_word' id='word_1_288' title='bbox 1677 2515 1763 2575; x_wconf 87' lang='lat' dir='ltr'>pati</span> 
     </span>
    </p>
   </div>
   <div class='ocr_carea' id='block_1_3' title="bbox 429 2598 1041 2642">
    <p class='ocr_par' dir='ltr' id='par_1_5' title="bbox 429 2598 1041 2642">
     <span class='ocr_line' id='line_1_34' title="bbox 429 2598 1041 2642; baseline 0.01 -15"><span class='ocrx_word' id='word_1_289' title='bbox 429 2602 434 2617; x_wconf 89' lang='lat'><strong>¹</strong></span> <span class='ocrx_word' id='word_1_290' title='bbox 463 2599 554 2628; x_wconf 78' lang='lat' dir='ltr'>Joan.</span> <span class='ocrx_word' id='word_1_291' title='bbox 579 2598 770 2639; x_wconf 58' lang='lat' dir='ltr'>v1,44.—²</span> <span class='ocrx_word' id='word_1_292' title='bbox 790 2600 886 2632; x_wconf 87' lang='lat' dir='ltr'>Eccli.</span> <span class='ocrx_word' id='word_1_293' title='bbox 911 2613 963 2641; x_wconf 83' lang='lat' dir='ltr'>xv,</span> <span class='ocrx_word' id='word_1_294' title='bbox 994 2613 1041 2642; x_wconf 75' lang='lat'>17-</span> 
     </span>
    </p>
   </div>
  </div>
 </body>
</html>
