1825 3264
337 252 420 291 302
774 256 807 288 s.
843 257 1075 290 Arets’rmr
1106 260 1291 290 nrrscorr

395 330 429 370 Ι.
454 329 638 379 QUANDO
658 324 715 370 ad
734 326 820 382 te²‚
842 328 1063 383 Cresconi,
1083 341 1179 371 mea
1198 327 1356 386 scripta
1369 326 1597 386 pervenire
1613 340 1720 387 pos·

333 406 429 442 sent
468 397 672 456 ignorans
687 431 698 453 ,
738 407 1000 457 perventura
1036 407 1185 443 tamen
1218 397 1396 441 minime
1438 395 1662 457 desperavi
1707 415 1718 444 ε

332 468 435 528 quia
461 477 505 512 et
538 467 593 512 ad
626 483 695 512 me
731 477 832 525 tua,
865 469 1062 530 quamvis
1098 469 1227 528 longe
1261 477 1544 529 posteaquam
1584 469 1722 529 scrip-

331 539 448 594 sisti,
479 548 625 585 tamen
653 540 922 601 quandoque
954 541 1178 600 pervenire
1208 549 1476 600 potuerunt,
1508 555 1608 600 quae
1637 540 1720 584 tibi

332 611 471 656 visum
487 622 550 657 est
572 611 776 658 adversus
796 628 845 658 ea
867 613 1053 658 scribere
1076 612 1253 668 debere,
1278 628 1378 673 quae
1400 611 1612 657 Petiliano
1627 611 1719 656 Cir-

331 685 440 728 tensi
473 684 676 745 episcopo
704 694 846 731 vestro
875 686 1149 730 iterationem
1180 684 1384 744 baptismi
1412 693 1602 728 astruere
1624 699 1720 729 mo-

328 752 476 806 lienti;
519 764 562 800 et
600 757 956 801 communionem
992 765 1184 801 nostram
1226 770 1318 800 non
1352 755 1718 800 documentorum

328 826 522 885 pondere
550 828 745 886 urgenti,
776 827 851 872 sed
874 826 1209 872 maledictorum
1241 827 1418 872 levitate
1441 826 1717 880 criminanti,

329 906 378 941 ut
396 898 519 956 potui
542 899 732 943 breviter
753 915 832 958 pro
859 909 981 958 parte
1010 898 1227 958 respondi.
1254 900 1352 944 Non
1372 898 1488 942 enim
1518 906 1607 942 tota
1629 898 1719 956 ejus

328 968 521 1026 Epistola
537 969 580 1012 in
593 985 747 1013 manus
766 985 881 1013 meas
895 979 1000 1013 tunc
1018 978 1212 1024 venerat,
1230 969 1306 1012 sed
1321 983 1452 1027 prava
1472 983 1569 1027 pars
1585 967 1715 1027 prior.

328 1038 457 1090 Quod
488 1054 566 1082 cur
589 1039 815 1093 acciderit,
840 1039 950 1099 quid
977 1054 1086 1098 opus
1109 1047 1172 1083 est
1194 1053 1391 1099 quaerere
1406 1073 1416 1093 ,
1442 1037 1721 1098 quandoqui-

326 1105 426 1150 dem
447 1123 548 1152 cum
571 1109 627 1152 ad
648 1124 725 1153 nos
748 1118 898 1168 postea
921 1109 1121 1153 universa
1141 1109 1361 1169 pervenit,
1388 1109 1601 1153 universae
1629 1123 1718 1152 res-

326 1177 520 1236 pondere
539 1194 628 1223 non
645 1179 812 1239 piguit?
835 1180 909 1223 His
927 1194 1029 1238 ergo
1051 1179 1203 1224 litteris
1225 1180 1310 1224 tuis
1325 1215 1335 1235 ,
1357 1195 1464 1240 quas
1482 1180 1536 1223 ad
1559 1195 1628 1223 me
1649 1178 1719 1223 de-

326 1246 443 1304 disti,
470 1249 504 1293 si
523 1265 613 1294 non
649 1250 928 1295 rescriberem
949 1286 959 1306 ,
985 1250 1166 1295 fortasse
1192 1250 1558 1296 contumeliosum
1592 1259 1721 1310 puta-

326 1333 392 1362 res
413 1338 420 1363 :
439 1321 560 1380 quod
574 1329 719 1365 autem
736 1322 942 1375 rescribo,
967 1337 1139 1366 rursum
1160 1337 1312 1366 vereor
1329 1337 1384 1365 ne
1398 1320 1721 1366 contentiosum

327 1401 466 1449 putes.
497 1391 580 1436 Sed
597 1393 630 1436 si
654 1403 702 1437 tu
716 1393 904 1437 inventis
921 1393 1074 1438 litteris
1093 1395 1219 1448 meis,
1243 1409 1330 1438 non
1346 1393 1401 1437 ad
1420 1402 1461 1437 te
1475 1393 1601 1447 datis,
1621 1402 1720 1436 tan-

326 1470 420 1504 turn
442 1463 544 1521 quia
568 1464 819 1523 episcopum
845 1464 977 1524 partis
1004 1465 1162 1508 Donati
1190 1464 1258 1508 vel
1280 1465 1417 1523 ipsam
1440 1472 1608 1524 partem
1632 1466 1721 1507 Do-

325 1532 415 1575 nati
444 1533 706 1593 redarguere
729 1536 1019 1591 videbantur,
1051 1536 1105 1579 ad
1126 1535 1320 1580 officium
1351 1545 1475 1580 tuum
1501 1534 1720 1595 pertinere

326 1603 560 1648 arbitratus
585 1621 651 1660 es,
676 1622 777 1650 cum
806 1607 887 1650 tibi
910 1622 1018 1651 esses
1049 1607 1231 1667 alicujus
1261 1606 1459 1652 conscius
1481 1605 1718 1660 facultatis,

325 1673 541 1734 suscipere
564 1685 697 1736 atque
715 1692 887 1721 exerere
911 1677 1301 1722 contradictionem
1317 1713 1328 1733 ,
1354 1678 1456 1738 quia
1481 1678 1572 1737 ejus
1597 1691 1720 1720 com-

324 1746 542 1790 munionis
575 1762 646 1802 es,
681 1749 878 1808 quamvis
900 1748 1022 1793 nulla
1053 1747 1280 1793 functione
1315 1748 1537 1793 clericatui
1568 1747 1721 1791 astric-

324 1824 392 1860 tus
413 1835 421 1861 ;
443 1826 609 1876 quanto
631 1818 776 1863 minus
799 1819 906 1863 mibi
922 1819 1048 1864 licuit
1080 1835 1158 1879 pro
1186 1834 1367 1864 munere
1395 1819 1574 1864 sarcinae
1592 1832 1716 1872 meae,

324 1886 392 1930 vcl
421 1896 572 1932 contra
603 1888 866 1934 Petilianum
900 1890 969 1934 vel
998 1899 1149 1934 contra
1177 1899 1220 1934 te
1247 1890 1389 1950 ipsum
1421 1898 1585 1944 tacere,
1617 1902 1718 1933 cum

323 1955 395 2000 ille
430 1970 704 2019 oppugnaret
742 1961 977 2007 Ecclesiam
1004 1977 1084 2022 pro
1115 1978 1200 2023 qua
1223 1961 1386 2020 milito,
1417 1970 1468 2006 tu
1495 1969 1642 2006 autem
1672 1959 1718 2002 in

323 2028 450 2073 simili
481 2046 612 2090 opere
631 2033 760 2077 etiam
789 2034 1050 2079 nominatim
1073 2034 1128 2079 ad
1158 2050 1225 2079 me
1247 2034 1513 2089 institueres,
1545 2046 1718 2092 prome-

321 2114 403 2153 res,
429 2102 813 2164 conscriberesque
829 2107 1098 2149 sermonem?

381 2173 439 2214 Il.
469 2175 519 2215 In
543 2174 665 2233 cujus
689 2174 837 2234 primis
866 2175 1062 2235 partibus
1083 2175 1313 2230 laborasti,
1339 2184 1389 2220 ut
1411 2181 1609 2234 suspecta
1632 2173 1716 2217 ho-

319 2240 509 2287 minibus
538 2243 789 2305 eloquentia
817 2245 1054 2291 videretur.
1088 2247 1196 2292 Nam
1228 2245 1351 2309 velut
1372 2244 1557 2289 laudans
1580 2259 1716 2303 genus

319 2310 492 2357 dicendi
515 2330 661 2360 meum
680 2351 692 2372 ,
719 2325 762 2360 et
790 2332 937 2361 rursus
960 2317 1081 2361 velut
1115 2318 1269 2361 timens
1301 2331 1356 2360 ne
1384 2316 1468 2360 hoc
1495 2329 1653 2374 genere
1675 2323 1717 2357 te

316 2382 386 2426 vcl
408 2400 674 2446 quemquam
700 2386 806 2432 falsa
835 2387 1137 2447 persuadendo
1168 2387 1436 2448 deciperem,
1469 2386 1514 2429 in
1539 2399 1716 2430 accusa-

317 2453 478 2499 tionem
508 2456 641 2516 ipsius
663 2457 930 2518 eloquentiae
960 2459 1211 2518 perrexisti,
1237 2457 1452 2503 adhibens
1473 2457 1603 2501 etiam
1627 2465 1715 2500 tes-

316 2523 547 2570 timonium
568 2528 776 2574 adversus
799 2545 894 2574 eam
918 2529 974 2574 de
995 2531 1227 2590 Scripturis
1250 2529 1430 2585 sanctis,
1451 2528 1530 2573 ubi
1546 2526 1712 2572 dictum

362 2614 370 2631 ¹
388 2609 466 2644 Vide
479 2613 518 2644 D.
533 2612 672 2652 (iumen,
694 2618 775 2648 torn.
795 2625 877 2657 xxu,
898 2624 970 2658 pag.
995 2615 1162 2650 282-286.
