1825 3264
327 265 411 304 460
753 276 785 302 s.
822 273 1053 302 Atm'snm
1086 275 1263 302 zmscom

325 455 389 471 §2⁴⁸
394 454 955 471 mmmmmm
958 454 1025 470 m
1661 453 1704 469 Μ

855 630 1054 681 LIBER
1080 630 1171 681 IV.

324 831 371 873 A
376 828 411 873 (ί
429 845 591 873 omnes
610 844 797 873 rursum
813 825 1048 887 Epistola?
1070 828 1316 872 Crescom'c'
1325 837 1492 887 partes
1510 842 1706 887 respon-

383 897 477 954 det,
500 898 790 959 objectiones
814 899 961 957 ipsius
985 907 1030 942 et
1050 896 1321 942 calumnias
1343 896 1624 958 singillatim
1647 913 1708 940 ω’

383 968 488 1013 sola
510 969 978 1013 Jlaoeimicmensium
996 983 1147 1012 caasa
1170 965 1411 1027 refellens.

950 1163 1098 1178 ⁴0⁶..-

380 1319 412 1360 Ι.
449 1320 645 1369 QrAivrws
665 1317 754 1375 jam
772 1316 909 1360 tribus
928 1332 1008 1361 nec
1027 1317 1168 1376 parvis
1185 1315 1485 1361 voluminibus
1503 1316 1710 1375 Epistolae

324 1396 424 1441 tuae,
445 1387 663 1441 Cresconi‚
690 1386 922 1445 diligenter
943 1390 1130 1447 satisque
1148 1387 1467 1445 responderim,
1494 1402 1581 1446 qua
1602 1388 1710 1431 Peti-

319 1456 421 1500 liani
436 1456 598 1500 litteras
616 1465 766 1500 contra
789 1471 884 1500 mea
908 1457 1081 1516 scripta,
1105 1457 1267 1516 quibus
1292 1456 1619 1511 refellebantur,
1640 1456 1710 1500 de-

319 1526 558 1572 fendendas
582 1529 741 1586 putasti
765 1547 772 1572 :
801 1537 946 1572 tamen
968 1529 1099 1572 etiam
1122 1529 1205 1572 hoc
1228 1527 1412 1571 breviori
1435 1542 1563 1586 opere
1588 1527 1711 1571 insti-

322 1598 385 1640 tui
403 1596 456 1640 de
479 1597 567 1641 sola
585 1612 713 1641 causa
735 1598 1136 1641 Maximianensium
1154 1606 1300 1642 tecum
1323 1612 1462 1656 agere,
1491 1607 1534 1641 et
1557 1613 1607 1641 ex
1631 1598 1710 1641 hac

322 1681 407 1710 una
417 1667 644 1710 ostendere
658 1668 800 1710 omnia
815 1668 968 1725 quaein
984 1668 1056 1711 illa
1072 1667 1249 1727 epistola
1262 1667 1594 1727 posuisti‚quam
1605 1666 1709 1711 frus·

322 1747 401 1791 tra,
418 1753 546 1797 quam
563 1738 748 1781 inaniter
767 1737 937 1781 dixeris.
960 1741 1109 1797 Neque
1133 1739 1246 1781 enim
1266 1738 1635 1782 contemnendum
1649 1748 1712 1783 est

321 1808 582 1852 beneficium
608 1809 698 1862 Dei,
719 1807 839 1867 quod
861 1818 903 1852 et
925 1808 979 1852 ad
1000 1818 1158 1852 nostrae
1180 1809 1492 1868 dipensationis
1509 1824 1712 1868 compen·

321 1879 457 1932 dium,
472 1887 514 1923 et
530 1878 584 1922 ad
593 1888 746 1922 vestrae
761 1879 1053 1934 correctionis,
1070 1880 1103 1923 si
1117 1880 1304 1938 sapiatis,
1317 1880 1580 1938 adjutorium
1596 1895 1710 1938 prae-

321 1958 431 1992 stare
450 1949 652 2007 dignatus
666 1958 729 1992 est
751 1969 758 1993 :
781 1949 857 2008 qui
872 1950 1164 1993 nescientibus
1174 1950 1312 2003 vobis,
1325 1948 1523 2008 nequeid
1543 1949 1710 2006 agenti-

321 2019 400 2062 bus
418 2018 559 2072 nobis,
575 2019 632 2062 ita
650 2028 890 2062 vestrorum
908 2020 1209 2078 episcoporum
1227 2019 1449 2062 mentibus
1463 2018 1710 2062 dominatus

321 2098 398 2143 est,
410 2099 459 2133 ut
474 2092 547 2149 qui
565 2089 715 2133 orbem
724 2089 1007 2133 christianum
1017 2104 1092 2148 per
1101 2089 1454 2133 communionem
1466 2103 1710 2132 sacramen-

325 2168 465 2203 torum
489 2159 750 2204 maculatum
766 2160 951 2219 peccatis
973 2159 1316 2204 criminabantur
1330 2158 1493 2214 alienis,
1511 2159 1708 2219 quamvis

322 2230 448 2273 etiam
460 2230 558 2288 ipsis
570 2229 682 2273 falsis
692 2240 830 2273 etnon
843 2230 1044 2286 probatis,
1058 2230 1102 2272 in
1110 2229 1358 2273 Maximiani
1369 2244 1495 2272 causa
1504 2244 1708 2287 cogeren-

321 2309 392 2344 tur
406 2300 546 2355 fateri,
561 2316 709 2344 eorum
722 2316 830 2360 quos
839 2301 1173 2355 damnaverunt,
1186 2299 1370 2359 peccatis
1383 2315 1471 2344 non
1485 2298 1612 2343 fuisse
1624 2315 1709 2344 ma-

321 2370 484 2415 culatos
498 2372 541 2414 in
551 2386 635 2414 una
650 2380 1016 2414 sacramentorum
1031 2370 1338 2415 communione
1350 2370 1625 2423 constitutos,
1637 2385 1709 2414 eos

322 2440 482 2500 quibus
505 2450 713 2500 tanquam
731 2441 1038 2485 innocentibus
1062 2440 1116 2484 ad
1134 2440 1438 2484 revertendum
1457 2439 1708 2484 dilationem

323 2510 563 2565 dederunt,
598 2520 640 2554 et
670 2512 703 2554 si
738 2526 825 2555 non
849 2510 1167 2555 ordinatoribus
1195 2510 1471 2564 Maximiani,
1499 2519 1644 2553 tamen
1664 2510 1708 2552 in

322 2581 412 2639 ejus
427 2590 546 2639 parte
559 2581 801 2627 constitutis
812 2582 1137 2627 damnatoribus
1155 2581 1359 2626 Primiani
1375 2600 1383 2626 ;
1401 2589 1443 2626 et
1458 2580 1533 2640 qui
1550 2579 1708 2638 baptis-

1792 0 1807 227 s

1791 230 1796 495 j

1789 498 1795 721 l
