1825 3264
340 244 423 284 140
773 255 806 281 s.
845 251 1075 280 uersa-rm
1107 251 1289 280 zmscom

339 332 518 376 theum¹
550 348 559 374 :
595 328 665 372 eui
688 326 772 372 alio
794 326 890 373 loco
907 327 1010 372 dicit
1034 346 1043 372 2
1073 346 1089 366 «
1113 326 1211 371 Noli
1241 334 1523 371 contemnere
1549 324 1728 384 gratiam

341 421 360 443 »
386 416 485 461 quae
508 401 553 444 in
569 408 612 444 te
633 408 696 443 est
716 434 727 454 ‚
748 414 847 459 quae
876 398 953 442 tibi
975 398 1075 442 data
1102 406 1166 442 est
1186 411 1263 456 per
1285 395 1607 456 impositionem
1636 411 1730 440 ma-

339 492 358 514 »
386 487 524 515 nuum
547 470 800 529 presbyterii
818 473 850 513 2.
871 488 890 511 »
910 472 967 513 Et
988 467 1134 512 multis
1163 467 1256 512 aliis
1290 466 1563 511 documentis
1586 475 1733 511 osten-

335 543 468 589 ditur.
495 541 622 596 Quod
643 557 731 586 non
747 550 835 586 erat
858 541 1009 585 lai'cus.
1035 540 1164 593 Quod
1186 548 1332 583 autem
1356 537 1415 582 ait
1442 553 1451 578 :
1490 557 1510 580 «
1533 540 1597 583 Ne
1619 553 1733 582 com-

339 633 358 656 »
382 614 575 658 munices
594 613 780 672 peccatis
809 611 955 656 alienis
978 631 986 655 ε
1016 629 1035 653 »
1061 625 1274 656 consensu
1298 619 1340 652 et
1370 607 1529 668 placito
1546 607 1733 667 intelligi

335 684 489 729 voluit.
518 683 644 728 Unde
662 682 806 726 statim
825 682 1056 742 subjiciens
1073 679 1296 741 quomodo
1316 678 1361 723 id
1376 687 1475 738 agat
1503 698 1511 723 ;
1541 696 1560 720 «
1581 681 1641 721 Te
1665 679 1735 738 ip·

339 774 358 797 »
385 770 497 809 sum,
513 755 673 813 inquit,
692 762 859 798 castum
873 752 1041 797 custodi
1055 754 1086 795 3.
1112 770 1130 792 n
1159 753 1310 811 Neque
1328 749 1442 793 enim
1458 758 1501 792 et
1519 749 1610 807 ipse
1624 752 1736 793 Pau-

338 825 405 870 lus
427 824 780 869 communicabat
803 824 988 883 peccatis
1012 821 1177 876 alienis,
1205 821 1307 881 quia
1331 820 1462 864 falsos
1486 818 1656 874 fratres,
1683 819 1737 863 de

337 897 499 957 quibus
528 896 692 955 gemit,
729 896 774 938 in
812 895 976 938 unitate
1013 892 1227 953 corporali
1250 892 1492 948 tolerabat,
1518 900 1594 935 aut
1615 905 1737 935 com-

338 967 675 1011 municaverunt
695 965 814 1009 furto
835 974 876 1009 et
888 964 1039 1009 sceleri
1055 967 1078 1008 J
1083 963 1181 1008 udae
1199 977 1477 1023 praecessores
1495 962 1585 1021 ejus
1604 965 1738 1020 Apos-

339 1037 430 1093 toli,
458 1038 559 1098 quia
582 1052 684 1082 cum
708 1038 861 1096 eojam
883 1036 1057 1079 Domini
1074 1035 1318 1088 venditore,
1343 1043 1385 1077 et
1409 1049 1430 1076 a
1450 1034 1635 1076 Domino
1657 1032 1738 1076 de·

339 1118 594 1163 monstrato,
620 1116 935 1152 sacrosanctam
954 1122 1126 1151 coenam
1149 1106 1599 1150 communicaverunt.

398 1181 630 1225 CCXLIV.
664 1182 927 1222 Parimmns
961 1177 1068 1221 dixit
1113 1197 1120 1222 :
1169 1196 1188 1219 «
1216 1179 1306 1221 Hac
1336 1177 1495 1220 iterum
1526 1175 1740 1219 sententia

340 1253 429 1311 ipse
453 1249 687 1310 Apostolus
711 1259 935 1308 comparat
957 1248 1232 1293 conscientiae
1260 1247 1386 1291 malae
1414 1259 1648 1292 consortes.
1682 1249 1738 1290 Et

340 1323 416 1383 qui
433 1322 600 1365 faciunt
622 1335 686 1374 ea,
712 1320 871 1379 inquit,
892 1321 1028 1379 etqui
1048 1319 1327 1364 consentiunt
1345 1317 1444 1363 talia
1457 1317 1735 1372 facientibus,

342 1393 460 1450 digni
483 1400 586 1435 sunt
607 1398 746 1434 morte
761 1391 793 1433 4.
821 1408 841 1430 »

400 1464 607 1508 CCXLV.
666 1464 910 1505 Ait-,nsum
926 1481 942 1505 s
977 1459 1199 1521 respondit
1243 1480 1251 1505 ;
1310 1459 1653 1514 Quomodolibet
1690 1474 1738 1503 ea

343 1533 516 1590 dixeris,
545 1547 635 1576 non
657 1547 780 1586 curo,
806 1547 905 1575 vera
928 1541 1031 1577 sunt
1054 1533 1163 1586 haec,
1185 1541 1228 1575 et
1250 1531 1333 1575 hoe
1352 1540 1415 1575 est
1437 1529 1557 1590 quod
1574 1531 1739 1575 Catho-

343 1605 424 1649 lica
455 1603 605 1658 docet,
638 1602 826 1646 multum
849 1603 1053 1647 interesse
1083 1603 1196 1647 inter
1229 1602 1545 1647 consentientes
1579 1601 1739 1661 quibus

344 1677 437 1720 haee
456 1675 645 1734 placent,
665 1683 707 1718 et
725 1674 956 1718 tolerantes
974 1675 1134 1734 quibus
1153 1675 1246 1718 haec
1263 1673 1508 1734 displicent.
1536 1672 1606 1717 Illi
1624 1673 1740 1716 enim

344 1746 468 1805 palea
491 1747 627 1800 fiunt,
658 1744 762 1788 dum
782 1744 917 1804 paleae
941 1753 1186 1804 sequuntur
1210 1743 1479 1788 sterilitatem
1507 1763 1516 1788 2
1541 1742 1605 1787 illi
1628 1743 1742 1787 triti—

346 1832 446 1862 cum
474 1826 605 1871 sunt,
639 1825 890 1875 expectent,
920 1826 968 1860 ut
990 1825 1287 1875 segregentur,
1314 1815 1538 1860 Christum
1559 1813 1744 1859 ventila-

347 1898 502 1933 torem.

404 1960 634 2003 CCXLVI.
663 1960 924 2001 Pammmis
948 1957 1054 2001 dixit
1087 1976 1094 2001 :
1139 1975 1160 1998 «
1185 1957 1341 2001 Venite
1376 1971 1479 2016 ergo
1519 1955 1574 2001 ad
1605 1955 1744 2000 eccle-

347 2032 448 2075 siam
471 2030 623 2090 populi
642 2065 653 2085 ,
685 2038 727 2073 et
747 2029 945 2088 aufugite
971 2030 1197 2073 traditores
1216 2065 1226 2084 ,
1253 2030 1286 2074 si
1310 2044 1411 2073 cum
1432 2028 1584 2073 iisdem
1604 2029 1744 2088 perire

348 2117 437 2146 non
456 2101 600 2145 vultis.
628 2103 738 2145 Nam
761 2110 811 2144 ut
834 2100 958 2144 facile
982 2100 1268 2159 cognoscatis,
1294 2099 1415 2159 quod
1436 2114 1536 2144 cum
1558 2099 1639 2159 ipsi
1660 2100 1744 2143 sint

349 2173 431 2227 rei,
458 2172 511 2215 de
534 2172 619 2214 fide
642 2181 786 2215 nostra
811 2173 973 2230 optime
987 2171 1186 2231 judicent
1219 2191 1227 2215 :
1263 2186 1343 2229 ego
1366 2170 1540 2215 illorum
1561 2169 1744 2215 infectos

348 2244 520 2302 baptizo
543 2264 553 2300 3
580 2241 641 2285 illi
657 2257 792 2296 meos,
816 2241 935 2301 quod
956 2242 1090 2296 absit,
1119 2241 1335 2300 recipiunt
1356 2241 1620 2300 baptizatos,
1645 2257 1745 2301 quae

350 2317 529 2361 omnino
547 2332 637 2360 nou
660 2314 871 2371 facerent,
894 2317 927 2359 si
951 2317 995 2359 in
1018 2316 1232 2376 baptismo
1249 2325 1398 2360 nostro
1416 2315 1566 2375 culpas
1582 2315 1746 2376 aliquas

351 2388 638 2446 agnovissent.
666 2385 820 2430 Videte
839 2402 957 2445 ergo,
979 2388 1098 2446 quod
1114 2387 1284 2441 damus,
1306 2402 1436 2447 quam
1456 2388 1510 2432 sit
1526 2395 1741 2440 sanctum,

352 2457 471 2517 quod
489 2457 711 2501 destruere
734 2458 888 2501 metuit
912 2456 1368 2516 saerilegusinimicus.
1399 2476 1418 2498 »

411 2530 664 2574 CCXLVII.
692 2531 969 2574 Aucisrmus
994 2530 1216 2590 respondit
1253 2549 1261 2574 2
1300 2531 1462 2575 Contra
1486 2529 1613 2572 istum
1647 2529 1745 2589 qui-

405 2623 410 2634 ¹
438 2625 450 2647 ι
472 2614 551 2647 Tim.
576 2625 606 2650 v,
631 2623 686 2647 Ὦ.
709 2630 747 2637 -
767 2621 776 2631 ²
800 2616 908 2656 1‹l.1v‚
933 2616 1038 2657 ¹4—
1058 2614 1135 2649 ³1d.
1156 2626 1187 2656 v,
1205 2624 1313 2650 22—
1329 2616 1342 2644 4
1360 2617 1451 2648 Rom.
1475 2625 1498 2650 ι,
1521 2615 1572 2648 3¹2.

1804 226 1807 235 ·
1803 0 1823 205 4⁴42ss
1804 22 1813 55 1-
