1825 3264
354 186 408 224 30
794 194 824 218 s.
863 190 1092 218 aueusruu
1127 190 1307 217 nmscom

351 260 503 306 mundi
517 269 656 312 erant,
682 256 757 302 sed
776 272 864 301 non
881 271 1046 309 omncs,
1072 255 1173 315 quia
1196 263 1287 298 erat
1308 253 1396 298 illic
1414 268 1528 298 unus
1548 253 1741 296 immun·
1790 308 1791 314 ἵ

352 332 448 375 dus.
473 333 746 388 Quapropter
771 328 836 371 his
864 326 1004 370 verbis
1030 325 1161 382 magis
1187 324 1395 368 Dominus
1418 323 1670 376 declaravit,
1692 323 1742 367 in
1786 335 1791 386 ,J

353 417 442 445 uno
456 415 573 444 coetu
587 399 813 444 hominum
828 397 978 442 eadem
999 405 1264 441 sacramenta
1276 395 1559 448 sumentium,
1579 394 1741 453 aliquo·
1784 424 1791 457 3

354 487 451 515 rum
466 469 789 514 immunditiam
808 467 980 511 mundis
995 467 1142 510 obesse
1165 481 1253 509 non
1275 480 1412 525 posse.
1429 467 1558 510 Certe
1569 465 1603 509 si
1620 473 1745 524 puta·

356 541 408 585 tis
433 541 550 600 apud
583 555 660 584 nos
681 554 771 583 esse
805 537 962 582 similes
997 539 1021 580 J
1028 536 1139 591 udae,
1165 537 1260 580 haec
1282 535 1414 579 verba
1435 536 1562 579 nobis
1578 534 1710 578 dicite
1731 553 1742 579 ι

356 631 377 654 «
403 611 557 656 Mundi
576 612 691 664 estis,
718 610 792 654 sed
820 625 907 653 non
930 623 1092 653 omnes.
1119 627 1136 648 n
1171 610 1267 651 Non
1292 615 1438 650 autem
1470 607 1553 650 hoc
1574 605 1742 650 dicitis:
1789 634 1791 645 ι

354 681 427 726 sed
443 682 583 726 dicitis
598 690 772 740 propter
784 680 995 739 quosdam
1008 678 1256 721 immundos
1276 696 1282 721 :
1302 675 1526 720 Immundi
1542 676 1642 720 estis
1655 690 1749 720 om-

355 767 443 795 nes.
468 754 560 795 Hoc
578 749 805 809 Discipulis
822 750 1044 801 Dominus,
1065 747 1178 791 Juda
1197 755 1425 805 praesente,
1440 762 1531 790 non
1544 746 1651 790 dixit
1677 753 1749 791 :et

356 822 454 866 ideo
471 823 546 880 qui
564 823 647 866 hoc
666 821 787 876 dicit,
806 837 894 865 non
911 820 1063 863 didicit
1078 836 1100 862 a
1118 820 1233 862 bono
1256 818 1460 876 magistro
1482 816 1602 877 quod
1624 816 1744 861 dicit.

418 896 490 936 LI,
509 896 768 936 PETmAms
785 892 912 935 dixit:
931 889 1089 943 «Quod
1105 890 1229 932 sinos
1246 889 1308 932 bis
1324 888 1590 947 baptismum
1606 887 1750 932 facere

359 961 521 1013 dicitis,
547 963 634 1005 imo
662 978 736 1005 vos
759 961 896 1005 facitis
921 960 997 1019 qui
1022 958 1214 1003 occiditis
1239 959 1478 1017 baptizatos
1502 977 1510 1002 :
1531 973 1622 1002 non
1647 958 1751 1018 quia

358 1032 584 1091 baptizatis
608 1033 689 1076 hoc
711 1032 909 1083 dicimus,
934 1031 1007 1074 sed
1032 1031 1134 1090 quia
1159 1044 1523 1089 unumquemque
1542 1028 1648 1072 dum
1672 1043 1740 1074 oc·

360 1102 517 1156 ciditis,
542 1103 752 1160 sanguine
774 1117 852 1145 suo
876 1100 1014 1144 facitis
1038 1100 1261 1158 baptizari.
1290 1099 1463 1143 Etenim
1485 1099 1750 1158 baptismum

362 1188 486 1231 aquae
507 1173 576 1215 vel
598 1172 787 1231 spirituS,
809 1181 977 1215 extorto
998 1171 1208 1229 sanguine
1224 1170 1426 1227 martyris
1441 1170 1562 1229 quasi
1582 1170 1749 1214 factum

362 1252 424 1286 est
444 1243 681 1301 geminum.
711 1244 778 1287 Sic
801 1253 945 1296 autem
963 1243 1052 1301 ipse
1079 1257 1258 1301 quoque
1290 1240 1486 1286 Salvator
1509 1242 1751 1300 baptizatus

362 1313 561 1371 primitus
587 1329 609 1356 a
637 1316 805 1356 Joanne
827 1316 857 1366 ¹,
898 1313 1208 1371 baptizandum
1238 1327 1328 1355 sese
1356 1312 1575 1371 professus
1593 1312 1753 1357 estite-

364 1398 477 1436 rum‚
501 1399 588 1426 non
607 1384 697 1441 jain
719 1399 846 1442 aqua,
878 1398 957 1426 nec
979 1383 1150 1441 spiritu,
1175 1381 1250 1426 sed
1273 1383 1494 1441 sanguinis
1517 1383 1748 1442 baptismo,

365 1469 492 1498 cruce
511 1453 716 1512 passionis
738 1472 745 1497 ;
771 1454 881 1497 sicut
899 1453 1106 1511 scriptum
1123 1462 1185 1496 est
1204 1474 1215 1509 3
1237 1472 1256 1494 «
1275 1457 1560 1498 Accesserunt
1580 1453 1635 1497 ad
1652 1446 1753 1497 eusn

373 1544 388 1565 »
417 1524 505 1567 duo
528 1523 728 1582 discipuli
752 1523 828 1566 filii
854 1524 1053 1567 Zebedaei
1073 1524 1265 1568 dicentes
1290 1543 1298 1567 ε
1324 1525 1530 1579 Domine,
1550 1540 1650 1568 cum
1675 1540 1754 1568 ve·-

371 1611 391 1634 »
418 1594 527 1636 neris
550 1594 595 1636 in
617 1609 798 1652 regnum
824 1603 975 1647 tuum,
999 1592 1064 1637 fac
1089 1609 1166 1637 nos
1190 1592 1339 1637 sedere
1372 1609 1509 1638 unum
1532 1594 1588 1638 ad
1609 1594 1757 1638 dexte-

373 1682 392 1704 »
419 1678 506 1706 ram
527 1672 664 1716 tuam,
691 1673 734 1706 et
753 1663 935 1706 alterum
956 1663 1010 1706 ad
1033 1664 1262 1707 sinistram.
1281 1663 1523 1722 Respondit
1541 1665 1600 1708 eis
1612 1666 1752 1708 Jesus:

372 1751 392 1773 »
420 1732 645 1778 Difficilem
667 1748 755 1776 rem
778 1734 934 1791 petitis.
957 1733 1180 1793 Numquid
1199 1725 1376 1777 calicem
1396 1750 1527 1794 quem
1549 1749 1629 1792 ego
1645 1734 1758 1778 bibi-

373 1821 392 1844 »
421 1812 542 1847 tu1·us
555 1819 666 1856 sum,
687 1805 861 1861 potestis
882 1804 1045 1857 bibere,
1066 1813 1109 1847 et
1126 1804 1339 1862 baptismo
1359 1820 1448 1864 quo
1466 1820 1547 1863 ego
1561 1804 1756 1863 baptizor

375 1891 394 1912 n
422 1873 653 1932 baptizari?
672 1874 881 1917 Dixerunt
902 1872 964 1916 illi
985 1892 993 1917 :
1014 1877 1259 1917 Possumus.
1288 1877 1345 1918 Et
1366 1875 1424 1918 ait
1442 1874 1549 1918 illis:
1565 1873 1754 1920 Calicem

374 1961 393 1983 »
417 1942 594 2002 quidem
611 1959 739 2002 quem
755 1959 834 2002 ego
855 1943 1072 1986 bibiturus
1084 1959 1196 1997 sum,
1214 1943 1364 1988 bibere
1375 1945 1567 2004 potestis,
1588 1954 1632 1988 et
1650 1944 1757 2004 bap-

374 2030 393 2052 »
421 2013 547 2056 tismo
568 2029 656 2072 quo
679 2030 758 2072 ego
777 2014 972 2071 baptizor
991 2014 1343 2073 baptizabimini,
1375 2025 1417 2059 et
1431 2018 1636 2061 caetera22
1664 2034 1684 2057 »
1712 2015 1757 2060 Si

371 2081 464 2125 haec
482 2082 570 2126 duo
594 2093 694 2126 sunt
715 2084 986 2142 baptismata,
1002 2094 1141 2128 vestra
1162 2100 1240 2128 nos
1253 2084 1440 2129 laudatis
1455 2085 1634 2140 invidia,
1651 2100 1756 2144 pro-

374 2152 560 2195 fitemur.
588 2155 698 2197 Cum
723 2155 837 2196 enini
864 2163 1007 2197 nostra
1037 2170 1218 2213 corpora
1255 2154 1471 2210 occiditis,
1503 2157 1568 2200 bis
1593 2157 1758 2215 baptis-

374 2237 496 2266 mum
519 2221 715 2277 facimus,
741 2223 815 2267 sed
840 2224 1054 2282 baptismo
1077 2235 1224 2269 nostro
1254 2234 1296 2268 et
1319 2226 1529 2284 sanguine
1561 2226 1756 2285 baptiza-

374 2307 472 2335 mur
491 2302 539 2336 ut
561 2294 771 2338 Christus.
801 2296 1072 2348 Erubescite,
1099 2296 1339 2340 erubescite
1362 2308 1672 2356 persecutores,
1695 2301 1757 2344 si-

374 2361 496 2406 miles
533 2365 705 2409 Christo
743 2375 954 2422 martyres
985 2365 1124 2410 facitis
1139 2401 1149 2420 ‚
1189 2383 1298 2426 quos
1330 2378 1426 2427 post
1468 2385 1627 2430 aquam
1668 2370 1758 2414 veri

376 2432 643 2492 baptismatis
665 2435 838 2493 sanguis
855 2436 1040 2496 baptista
1076 2436 1315 2496 perfundit.
1339 2456 1359 2480 »

424 2522 429 2537 ¹
455 2517 568 2548 Matth.
590 2528 635 2559 ιιι,
662 2519 710 2551 ι6.
727 2536 767 2542 -
784 2525 795 2542 ²
813 2521 910 2552 Marc.
931 2530 965 2560 x,
981 2520 1022 2553 35
1036 2525 1067 2553 et
1082 2531 1170 2564 seqq.
