1825 3264
306 271 468 302 CONTRA
499 274 765 302 CRESCONIUM
798 272 1086 313 nonnis-mm,
1122 276 1204 303 Lm.
1238 278 1267 303 1.
1393 265 1475 304 317

98 341 165 397 gie
187 339 459 398 disputabat3
493 354 572 384 nec
594 354 729 397 graece
747 341 876 395 nosti,
897 356 976 385 nec
998 340 1067 385 vel
1092 341 1248 397 latine,
1273 341 1392 402 quod
1415 350 1479 386 est

96 409 368 463 credibilius,
396 419 436 454 et
469 410 512 453 in
545 409 680 454 verbo
707 425 847 468 graeco
881 410 992 454 fallis
1016 426 1088 456 eos
1109 412 1183 470 qui
1214 427 1352 470 graece
1381 427 1481 456 nes-

95 478 238 533 ciunt,
263 488 307 523 et
327 479 372 522 in
396 477 532 523 latino
562 480 638 539 qui
658 495 738 524 nec
759 479 892 523 latine
923 481 1083 524 sciunt.
1107 480 1224 533 Quid
1246 481 1361 525 enim
1390 490 1476 538 est,

95 563 185 592 non
207 549 304 593 dico
324 549 585 609 imperitius,
617 565 758 610 neque
789 550 903 593 enim
935 559 983 593 tu
1006 551 1085 594 ista
1113 565 1202 594 non
1229 551 1370 606 nosti,
1405 550 1480 595 sed

96 619 276 663 omnino
309 619 504 664 fallacius
519 654 529 674 ,
555 635 686 680 quam
716 635 817 664 cum
844 618 993 664 audias
1013 630 1055 664 et
1076 620 1298 679 legas-tam
1321 621 1481 666 multos

97 688 446 749 multiplicesque
483 704 700 733 sermones
738 690 930 748 Apostoli
960 700 1196 734 asserentes
1225 691 1448 734 veritatem
1466 725 1478 745 ,

97 759 402 803 convincentes
434 759 664 804 falsitatem
684 795 694 815 ,
729 776 888 818 negare
917 760 1039 820 quod
1072 760 1206 805 soleat
1235 761 1478 820 disputare,

96 843 193 872 cum
215 830 297 873 hoc
319 830 411 873 fieri
430 830 509 874 nisi
531 830 796 889 disputando
817 847 905 874 non
930 831 1088 889 possit?

156 902 325 944 xvln.
356 901 484 954 Quod
507 902 539 945 si
559 902 640 946 hoc
670 902 724 945 ab
742 900 816 946 illo
839 901 1084 946 factitatum
1107 901 1269 956 lateris,
1294 901 1395 961 quia
1420 899 1482 945 fa-

99 970 177 1013 teri
199 971 290 1029 ejus
307 970 460 1015 litteris
481 972 661 1030 cogeris,
687 987 776 1016 non
802 981 949 1017 tamen
964 973 1040 1016 has
1058 971 1389 1031 disputationes,
1407 969 1484 1015 sed

97 1055 314 1085 sermones
335 1041 404 1085 vel
431 1041 646 1100 Epistolas
668 1041 946 1102 appellandas
980 1058 1068 1086 esse
1099 1040 1326 1087 contendis
1347 1060 1354 1085 :
1376 1040 1485 1100 quid

97 1126 178 1169 ego
201 1120 344 1156 tecum
373 1112 431 1156 sic
460 1111 623 1156 diutius
647 1127 769 1170 agani
789 1147 800 1167 ,
822 1121 870 1156 ut
891 1112 965 1171 qui
991 1113 1083 1156 haec
1106 1112 1323 1170 ignorant,
1351 1125 1484 1170 quem

96 1181 252 1226 volunt
275 1192 469 1227 nostrum
495 1183 767 1241 approbent,
795 1198 927 1242 quem
950 1182 1102 1226 volunt
1124 1182 1398 1241 improbent,
1429 1180 1484 1224 de

97 1251 196 1310 ipsis
214 1252 369 1297 divinis
391 1253 579 1307 Litteris,
605 1253 765 1312 quibus
783 1267 955 1296 neeesse
975 1261 1038 1296 est
1049 1251 1190 1306 cedas,
1215 1252 1297 1296 hoc
1320 1251 1482 1307 doceo,

96 1321 187 1380 ipsa
216 1338 390 1381 prorsus
412 1323 543 1367 verba
559 1357 569 1376 ,
596 1323 687 1381 ipsa
710 1337 852 1366 rerum
876 1321 1089 1366 vocabula
1118 1320 1306 1380 profero.
1341 1321 1485 1364 Habes

95 1391 141 1434 in
163 1392 246 1436 hoc
263 1391 417 1436 eodem
449 1392 716 1446 testimonio,
741 1392 862 1451 quod
894 1391 948 1434 de
970 1391 1152 1435 Actibus
1175 1390 1485 1449 Apostolorum

95 1463 448 1516 commemoravi,
466 1462 520 1506 de
532 1464 624 1521 ipso
640 1462 773 1506 Paulo
790 1464 848 1506 ita
866 1462 1078 1521 positum:
1095 1481 1114 1503 «
1134 1462 1310 1520 Disputa
1319 1461 1391 1504 bat
1406 1460 1488 1518 igi-

98 1551 118 1575 »
140 1543 211 1578 tur
236 1534 399 1579 Judaeis
422 1535 466 1578 in
495 1549 730 1593 synagoga,
767 1543 809 1577 et
840 1534 1040 1591 gentibus
1056 1567 1067 1587 ‚
1106 1541 1149 1575 et
1176 1531 1420 1576 colentibus
1441 1530 1488 1573 in

99 1621 119 1644 »
139 1602 273 1648 foro¹.
297 1623 316 1644 »
339 1603 482 1647 Habes
496 1603 579 1648 alio
597 1603 714 1658 loco,
738 1604 934 1663 quamvis
957 1618 1054 1647 cum
1070 1602 1235 1661 populo
1253 1600 1486 1645 christiano

97 1683 241 1731 ageret
265 1674 534 1732 congregatis
547 1673 592 1716 in
607 1673 783 1717 ecclesia
794 1673 1016 1727 fratribus,
1042 1672 1099 1716 ita
1119 1672 1327 1730 scriptum
1345 1691 1353 1715 :
1374 1690 1389 1709 «
1412 1672 1488 1714 Se-

99 1761 119 1785 »
138 1742 244 1788 dens
262 1759 363 1788 vero
385 1743 563 1803 quidam
582 1743 853 1797 adolescens,
881 1743 1057 1786 nomine
1082 1742 1327 1799 Eutychus,
1353 1742 1396 1784 in
1421 1740 1487 1784 fe-

99 1832 120 1854 »
136 1824 295 1868 nestra,
311 1813 526 1858 deductus
541 1829 708 1858 sommo
723 1813 857 1873 gravi,
870 1813 1122 1871 disputante
1140 1811 1290 1855 Paulo.
1312 1830 1329 1851 »
1348 1811 1488 1854 Habes

96 1884 688 1928 etiaminlibroPsalmorum
707 1903 715 1928 :
736 1903 755 1925 «
775 1883 926 1928 Suavis
938 1882 1444 1941 sitetdisputatiomeass.
1463 1898 1483 1921 »

97 1955 240 1999 Habes
263 1964 305 1998 et
327 1954 444 2013 apud
467 1957 622 1998 Isaiam
650 1954 905 2012 proplietam
924 1973 933 1997 ;
953 1972 972 1993 «
991 1953 1163 2005 Venite,
1189 1952 1483 2010 disputemus,

101 2041 122 2064 »
138 2024 244 2067 dicit
259 2024 510 2068 Dominus⁴.
538 2042 556 2064 υ
574 2022 789 2066 Etmultis
802 2022 893 2066 aliis
906 2021 1151 2065 divinarum
1171 2021 1488 2079 Scripturarum

96 2092 202 2138 locis
234 2093 327 2150 lege
355 2092 433 2136 ubi
456 2092 670 2136 inveneris
702 2093 785 2136 hoc
812 2092 1018 2145 verbum,
1052 2100 1095 2134 et
1123 2090 1286 2149 inspice
1318 2088 1490 2133 codices

100 2177 262 2221 graeeos
284 2163 330 2206 in
347 2162 508 2206 eisdem
535 2162 789 2206 testimoniis
814 2171 1058 2206 sanctarum
1084 2160 1422 2219 Scripturarum,
1448 2167 1492 2202 et

98 2233 265 2277 videbis
282 2231 398 2276 unde
418 2233 471 2277 sit
493 2232 707 2291 appellata
725 2232 948 2276 dialectica
978 2250 986 2275 2
1012 2245 1065 2274 ne
1083 2229 1203 2290 quod
1225 2245 1374 2274 omnes
1386 2228 1492 2288 justi

102 2304 231 2348 etiam
248 2318 348 2347 cum
369 2307 458 2347 Deo
477 2303 659 2358 faciunt,
677 2303 837 2363 quibus
858 2302 1024 2346 dietum
1039 2311 1123 2355 est,
1154 2320 1174 2342 «
1194 2300 1364 2353 Venite,
1391 2299 1491 2342 des-

45 2414 50 2425 ,
104 2390 125 2414 »
147 2382 366 2432 putemus,
387 2373 491 2417 dicit
507 2373 733 2426 Dominus,
755 2391 773 2413 »
793 2388 881 2417 non
901 2371 1098 2415 inniteris
1110 2370 1294 2428 sapienti
1313 2369 1488 2427 pietate,

99 2443 176 2486 sed
195 2443 240 2486 in
261 2442 376 2486 sulsa
399 2442 641 2485 temeritate
658 2442 910 2484 crimineris.

153 2548 162 2563 ¹
195 2544 271 2576 Act.
306 2554 381 2576 xvu.
401 2559 441 2566 -
463 2549 474 2565 ²
499 2543 544 2575 Id.
574 2553 626 2582 xx,
644 2554 676 2584 9.
698 2558 737 2564 —
757 2540 768 2565 3
790 2542 868 2574 Psat.
901 2552 965 2581 cm,
993 2539 1048 2582 34.
1065 2557 1105 2563 -
1122 2538 1138 2564 ί·
1163 2539 1233 2572 lsai.
1262 2549 1291 2581 1,
1329 2538 1379 2577 18,
1397 2539 1493 2580 juxta

16 2624 17 2628 ,
106 2597 202 2630 Lxx.
