1825 3264
354 213 432 250 162
788 219 821 245 s.
858 221 1087 247 Aths'nm
1123 221 1304 246 eviscovi

399 290 561 331 xxm.
603 287 706 330 Haec
735 286 880 330 omnia
924 285 1058 330 verba
1096 284 1331 329 Petilianus
1363 298 1413 328 ex
1440 282 1593 327 litteris
1631 283 1736 328 meis
1802 317 1806 326 .

337 357 574 402 refellenda
609 357 840 416 proposuit
870 375 878 401 ε
910 354 1135 401 videamus
1173 371 1276 414 ergo
1311 364 1461 400 utrum
1497 352 1733 409 refellerit,

340 438 488 472 utrum
511 428 690 472 omnino
729 426 1018 486 responderit.
1053 426 1182 471 Addo
1215 427 1332 470 enim
1365 426 1514 480 verba,
1534 440 1634 486 quae
1666 438 1736 469 me

345 499 606 544 subtraxisse
620 498 927 554 calumniatur,
944 508 988 544 et
1004 498 1156 543 eadem
1175 498 1266 557 ipsa
1282 497 1341 542 sic
1359 505 1523 556 repeto,
1538 505 1589 540 ut
1604 495 1736 540 etiam
1804 487 1807 516 ⁵

347 569 533 616 brevius.
551 570 769 616 Addendo
791 571 907 615 enim
921 571 1015 615 haec
1039 569 1127 614 duo
1149 570 1296 625 verba,
1321 569 1451 612 etiam
1468 565 1523 612 ad
1545 566 1738 611 brevita-

340 649 430 685 tem
456 641 762 701 propositionis
784 642 914 701 hujus
937 656 1008 685 me
1029 639 1268 700 plurimum
1293 638 1473 699 adjuvit.
1502 656 1523 680 «
1550 638 1593 683 Si
1607 651 1738 682 cons-

342 712 499 756 cientia
513 721 656 757 sancte
671 713 813 757 dantis
832 711 1091 767 attenditur,
1114 727 1214 772 quae
1236 711 1390 755 abluat
1406 708 1675 770 accipientis,
1694 717 1739 753 et
1804 715 1807 749 ῐ

341 783 415 841 qui
439 783 570 827 fidem
594 784 731 827 sciens
755 800 778 828 a
796 782 964 842 perfido
990 783 1238 842 sumpserit,
1264 797 1352 826 non
1377 779 1510 824 fidem
1531 779 1734 839 percipit,

339 853 415 897 sed
438 863 604 898 reatum
624 875 636 912 3
655 872 674 895 η
697 853 814 899 unde
837 853 1032 898 abluitur
1053 854 1303 913 accipientis
1326 851 1607 906 conscientia,
1633 865 1736 895 cum
1804 859 1808 877 ⁴

339 923 604 969 maculosam
631 923 779 968 duntis
806 924 973 982 ignorat
995 945 1006 980 3
1037 934 1201 969 etcum
1227 923 1360 967 sidem
1383 922 1578 966 nesciens
1606 920 1739 965 sumit
1812 978 1813 981 Ἴ

338 1009 362 1037 a
379 993 571 1051 perfido,
611 1009 715 1051 rogo
751 992 869 1038 unde
904 993 1100 1038 abluitur
1123 995 1141 1037 Ρ
1164 994 1288 1038 Dicat
1313 992 1462 1044 nobis,
1484 1007 1575 1035 non
1604 999 1674 1034 eat
1693 990 1739 1034 in

334 1064 477 1117 aliud,
511 1079 604 1108 non
627 1063 840 1108 obtendat
858 1064 1040 1108 nebulas
1072 1064 1301 1122 imperitis.
1330 1066 1557 1107 Postremo
1584 1059 1741 1105 saltem
1814 1087 1816 1126 3

335 1132 484 1177 multis
507 1143 550 1178 ct
572 1134 861 1178 anfractuosis
895 1134 1156 1178 circuitibus
1176 1133 1440 1193 interpositis
1465 1141 1510 1176 et
1529 1130 1737 1190 peractis,

334 1202 511 1248 taudem
535 1203 772 1264 aliquando
795 1203 912 1248 dicat
934 1206 1066 1248 nobis
1085 1239 1096 1259 ,
1122 1206 1241 1248 unde
1271 1202 1465 1248 abluitur
1493 1201 1742 1260 accipientis
1812 1229 1815 1264 J

339 1275 620 1328 conscientia,
646 1272 824 1334 quando
847 1273 1068 1318 maculosa
1103 1274 1256 1332 perfidi
1291 1272 1549 1332 baptizantis
1570 1271 1742 1316 occulta
1814 1307 1818 1331 η,

342 1353 430 1398 est,
459 1363 480 1386 «
507 1344 541 1388 si
568 1344 836 1388 conscientia
857 1354 1002 1389 sancte
1035 1345 1178 1388 dantis
1206 1344 1452 1388 attenditur
1469 1358 1569 1402 quae
1591 1341 1743 1386 abluat
1814 1371 1817 1382 2

342 1414 592 1473 accipientis
610 1449 620 1469 ‚
647 1422 690 1458 et
711 1414 787 1474 qui
816 1414 950 1459 fidem
970 1415 1109 1458 sciens
1139 1430 1161 1459 a
1188 1414 1356 1474 perfido
1380 1413 1631 1472 sumpserit,
1651 1427 1741 1457 non
1813 1404 1818 1445 ἶ

341 1485 473 1528 fidem
506 1485 717 1544 percipit,
743 1485 818 1529 sed
841 1495 1008 1530 reatum
1027 1488 1044 1530 P
1063 1487 1264 1531 Nesciens
1299 1486 1416 1530 enim
1438 1485 1572 1530 sumit
1593 1501 1616 1529 a
1641 1499 1741 1544 per·
1814 1494 1819 1511 ’·

341 1556 428 1600 fido
443 1572 531 1600 non
553 1558 744 1601 habente
766 1558 1077 1602 conscientiam
1092 1567 1240 1602 sancte
1260 1557 1420 1612 dantis,
1443 1556 1521 1602 sed
1538 1555 1740 1600 maculo·
1816 1555 1818 1582 ἶ

344 1642 435 1671 sam
453 1638 496 1671 et
519 1627 735 1672 occultam
766 1647 775 1673 z
801 1629 919 1673 unde
941 1644 1043 1686 crgo
1061 1629 1282 1674 abluitur?
1301 1628 1419 1673 unde
1434 1644 1538 1688 ergo
1556 1626 1741 1688 percipit
1812 1621 1813 1625 ¹

346 1698 509 1742 fidem?
525 1699 568 1744 Si
584 1699 701 1742 enim
723 1714 802 1743 nec
822 1708 926 1744 tunc
939 1699 1146 1751 abluitur,
1163 1715 1242 1744 nec
1258 1709 1363 1744 tunc
1382 1700 1567 1760 percipit
1586 1699 1740 1752 fidem,

347 1784 449 1814 cuin
475 1770 716 1829 baptizator
750 1770 940 1829 perfidus
966 1780 1010 1815 et
1040 1771 1283 1816 maculosus
1308 1772 1507 1816 occultus
1539 1780 1603 1816 est
1628 1791 1640 1829 3
1664 1783 1743 1815 cur

350 1855 401 1884 eo
419 1850 567 1900 postea
590 1842 762 1900 prodito
782 1851 914 1902 atque
935 1842 1142 1887 damnato
1157 1877 1168 1895 ,
1192 1858 1281 1887 non
1293 1843 1440 1887 denuo
1462 1842 1711 1901 baptizatur
1727 1874 1740 1895 ‚

348 1920 399 1955 ut
420 1911 627 1956 abluatur
648 1913 871 1973 fidemque
898 1913 1107 1973 percipiat
1128 1916 1145 1955 ἱ)
1170 1913 1213 1958 Si
1233 1922 1378 1958 autem
1401 1912 1476 1957 illo
1503 1913 1672 1972 perfido
1698 1918 1742 1955 et

347 1983 570 2028 maculoso
596 1984 770 2029 occulto
805 1985 884 2029 iste
918 1985 1113 2030 abluitur
1139 1994 1182 2029 et
1210 1985 1393 2045 percipit
1426 1985 1558 2029 fidem
1585 2005 1597 2042 3
1621 1982 1741 2028 unde

350 2054 570 2110 abluitur,
606 2056 725 2100 unde
746 2056 959 2115 percipit,
995 2057 1074 2100 ubi
1096 2071 1186 2100 non
1210 2066 1274 2101 cst
1303 2056 1567 2101 conscientia
1594 2062 1741 2100 sancte

351 2123 508 2179 dantis,
533 2143 632 2185 quae
655 2127 804 2171 abluat
825 2127 1101 2186 accipientis?
1123 2130 1217 2172 Hoc
1237 2127 1366 2182 dicat,
1388 2127 1443 2171 ad
1457 2128 1540 2172 hoc
1562 2141 1744 2186 respon-

353 2193 468 2249 deat,
496 2196 613 2239 unde
634 2197 854 2240 abluitur?
873 2197 990 2241 unde
1002 2198 1201 2257 percipit,
1225 2217 1245 2240 «
1265 2199 1296 2241 si
1311 2197 1576 2241 conscientia
1590 2205 1739 2240 sancte

296 2327 297 2332 1
349 2266 492 2311 dantis
504 2267 757 2322 attenditur,
779 2284 877 2327 quae
900 2268 1052 2312 abluat
1071 2269 1344 2328 accipienti33
1364 2287 1384 2310 »
1402 2277 1444 2312 et
1459 2269 1553 2312 haec
1570 2268 1628 2312 ibi
1649 2282 1738 2312 non

348 2346 427 2391 est,
454 2338 630 2397 quando
648 2339 887 2397 baptizator
910 2339 1154 2384 maculosus
1175 2348 1219 2384 et
1235 2339 1426 2399 perfidus
1441 2338 1597 2383 latuit?
1618 2335 1735 2384 Nihil

353 2409 408 2452 ad
430 2410 511 2454 hoc
537 2425 794 2469 responsum
817 2419 883 2454 est
902 2411 1096 2454 omnino.

410 2481 571 2524 XXIV.
610 2481 694 2526 Sed
722 2496 820 2525 ecce
849 2489 1103 2540 angustatus
1136 2481 1182 2525 in
1209 2495 1359 2536 causa,
1394 2495 1567 2524 rursum
1591 2480 1636 2525 in
1675 2493 1744 2524 me

354 2548 568 2607 impetum
601 2548 703 2595 facit
735 2549 999 2597 nebulosum
1037 2560 1168 2611 atque
1201 2560 1448 2606 ventosum,
1483 2559 1534 2596 ut
1557 2549 1745 2596 veritatis
