1825 3264
307 269 469 299 comma
500 272 765 301 cnnscoumu
798 270 1085 310 DONATISTAM‚
1121 272 1204 298 Lm.
1240 271 1300 299 1v.
1417 261 1495 298 531

106 336 287 395 junctus
317 345 403 392 est,
443 335 734 382 adversarium
767 337 994 396 episeopus
1030 337 1284 397 episcopum
1320 335 1495 381 iecerat.

112 404 237 450 Unde
251 421 351 450 cum
369 422 450 466 ego
465 407 690 467 epistolam
705 407 899 467 primatis
916 408 1068 464 nostri,
1088 406 1143 451 de
1160 422 1246 467 qua
1263 405 1399 452 fecisti
1415 405 1498 451 sub

108 474 260 521 eadem
283 477 447 522 urbana
475 476 734 538 obliquitate
755 479 1044 534 mentionem,
1074 492 1206 538 quam
1239 476 1294 521 de
1323 492 1391 522 me
1421 475 1495 521 ille

106 547 274 607 scripsit
294 548 444 604 iratus,
468 564 570 594 cum
592 550 636 594 in
653 550 953 609 episcoporum
968 549 1152 595 concilio
1170 549 1355 608 probare
1371 546 1493 607 quod

104 617 353 663 intenderat
370 629 615 679 urgeretur,
638 622 731 680 ejus
757 620 889 680 ipsius
911 621 1123 666 sententia
1146 635 1190 665 se
1212 619 1483 678 corrigentis,

105 687 218 734 etde
235 689 314 734 hac
337 705 381 734 re
398 691 569 735 veniam
598 689 877 750 postulantis,
913 691 1054 750 legam
1081 705 1170 735 esse
1202 689 1453 734 damnatam
1481 706 1490 734 :

104 769 153 804 tu
175 776 322 821 quaere
343 770 491 806 utrum
522 763 652 822 possis
682 762 847 822 legere,
874 763 949 807 ubi
972 771 1191 808 correctus
1220 759 1491 805 damnaverit

102 830 377 888 Felicianus‚
414 848 514 892 quae
549 849 638 878 non
674 848 900 889 accusans,
939 831 1015 878 sed
1048 832 1259 877 damnans
1290 831 1400 876 dixit
1444 830 1491 874 in

102 902 394 961 Primianum3
428 902 499 947 vel
520 903 673 948 saltem
702 905 791 963 ipse
815 905 1060 948 Primianus
1081 903 1370 958 evacuaverit,
1395 916 1496 961 quae

102 971 314 1019 damnans
344 972 451 1018 dixit
495 975 540 1018 in
583 973 866 1020 Felicianum.
906 973 1037 1028 Quod
1065 974 1099 1019 si
1131 973 1346 1019 inveneris
1367 1007 1379 1028 ,
1417 987 1498 1017 nec

103 1043 163 1090 sic
192 1060 270 1104 par
305 1045 387 1090 erit
416 1060 544 1091 causa
583 1065 593 1092 2
637 1047 738 1106 quia
768 1044 841 1090 ille
873 1047 1192 1090 accusationem
1224 1045 1495 1100 instituerat,

102 1131 234 1176 quam
255 1116 407 1161 falsam
424 1132 513 1161 esse
527 1116 769 1176 pervidens,
792 1132 891 1161 cum
907 1116 1045 1161 veniae
1063 1114 1354 1175 postulatione
1371 1114 1492 1159 dam·

103 1187 243 1241 navit,
277 1202 367 1232 non
405 1202 639 1247 aspernans
670 1187 983 1232 emendationis
1020 1185 1314 1231 humilitatem
1345 1185 1492 1244 digni-

103 1265 192 1302 tate
206 1259 415 1317 primatus
427 1294 438 1315 ,
455 1259 529 1304 sed
547 1260 690 1319 potius
708 1259 901 1304 recolens
923 1258 1115 1319 prudens
1145 1258 1265 1318 quod
1287 1257 1497 1316 scripturn

104 1339 194 1375 est:
227 1349 246 1373 «
267 1333 444 1384 Quanto
471 1347 654 1391 magnus
677 1348 720 1376 es
739 1367 749 1387 ,
778 1341 899 1377 tanto
928 1330 1108 1376 humilia
1131 1339 1174 1374 te
1205 1330 1251 1374 in
1272 1329 1493 1384 omnibus,

107 1418 127 1442 »
153 1409 196 1445 et
225 1417 369 1446 coram
394 1405 482 1447 Deo
510 1403 702 1448 invenies
726 1403 950 1462 gratiam¹.
976 1421 996 1443 »
1027 1401 1103 1446 Isti
1128 1410 1274 1445 autem
1310 1416 1397 1445 non
1431 1400 1500 1443 in-

103 1471 241 1516 vicem
266 1473 385 1533 apud
417 1473 521 1519 alios
549 1484 870 1528 accusaverant,
898 1473 972 1519 sed
996 1472 1200 1517 adversus
1222 1472 1404 1516 invicem
1423 1471 1498 1530 ju-

49 1600 53 1603 Δ
103 1542 221 1587 d-ices
243 1543 465 1601 sederant,
491 1543 674 1604 proinde
706 1544 891 1588 invicem
919 1543 1259 1596 damnaverunt,
1295 1540 1488 1585 damnati

103 1614 496 1659 concordaverunt.
532 1617 628 1660 Non
655 1615 901 1658 invidemus
936 1615 979 1657 in
1011 1622 1132 1673 parte
1161 1613 1316 1657 Donati
1343 1625 1492 1670 pacem

102 1684 433 1742 damnatorum,
465 1686 499 1730 si
527 1695 570 1730 et
602 1685 762 1732 Christi
788 1700 936 1744 pacem
967 1699 1056 1730 non
1088 1692 1295 1743 respuant
1320 1683 1367 1727 in
1389 1681 1495 1727 orbe

103 1764 333 1802 terrarum.

162 1829 340 1873 LXXX.
365 1828 516 1873 Cernis
537 1828 651 1888 jam,
676 1836 725 1872 ut
741 1827 921 1880 abitror,
948 1840 1080 1885 quam
1100 1823 1287 1868 inaniter
1309 1823 1487 1878 dixeris,

64 1901 71 1909 “
102 1898 223 1959 quod
239 1898 422 1944 videaris
440 1899 515 1942 tibi
533 1897 587 1942 ad
607 1899 751 1942 omnia
774 1896 1059 1956 respondisse,
1079 1910 1180 1955 quae
1201 1908 1296 1938 mea
1312 1891 1492 1952 epistola

100 1970 398 2016 continentur.
431 1969 475 2015 Si
503 1968 618 2012 enim
652 1977 879 2028 propterea
911 1965 1191 2026 respondisti,
1219 1964 1321 2024 quia
1348 1971 1490 2007 tacere

98 2039 300 2096 noluisti3
326 2055 415 2085 non
436 2039 614 2100 quidem
633 2040 688 2082 ad
702 2038 864 2092 omnia,
888 2035 963 2081 sed
985 2045 1129 2080 tamen
1151 2032 1424 2094 respondisti.
1447 2031 1490 2077 Si

98 2120 246 2156 autem
265 2110 319 2154 ad
335 2111 419 2155 hoc
442 2108 722 2170 respondisti,
741 2117 791 2153 ut
812 2123 861 2152 ea
886 2123 986 2167 quae
1007 2122 1031 2151 a
1047 2121 1116 2151 me
1137 2105 1253 2150 dicta
1273 2112 1376 2149 sunt
1392 2118 1490 2148 eva-

98 2195 272 2240 cuares,
295 2181 424 2227 video
449 2190 491 2226 te
513 2179 690 2241 quidem
724 2179 780 2223 ad
803 2178 940 2224 multa
963 2176 1255 2237 respondisse,
1286 2174 1363 2220 sed
1379 2173 1486 2219 nihil

99 2260 140 2297 te
160 2252 289 2297 video
311 2251 530 2297 refellisse.
558 2250 850 2297 Consideratis
870 2258 1016 2294 autem
1037 2247 1239 2294 omnibus
1255 2261 1354 2306 quae
1369 2261 1393 2289 a
1416 2259 1485 2290 me

97 2322 212 2368 dicta
236 2332 354 2379 sunt,
376 2332 485 2383 puto
506 2321 626 2383 quod
650 2320 853 2366 facillime
875 2320 1110 2378 intelligas,
1135 2334 1223 2364 non
1242 2316 1488 2362 devitandae

23 2440 30 2446 ,
98 2394 390 2440 contentionis
411 2409 537 2439 causa
551 2428 562 2448 ,
585 2408 685 2452 quae
709 2392 829 2436 nulla
851 2401 914 2437 est
936 2406 1037 2436 cum
1066 2390 1221 2434 veritas
1240 2387 1305 2432 vel
1323 2387 1486 2449 quaeri-

98 2473 186 2521 tur,
203 2464 273 2511 vel
286 2481 375 2512 non
388 2481 467 2525 pro
489 2480 598 2510 vana
616 2464 751 2523 gloria
772 2462 983 2521 litigatur,
1002 2461 1079 2506 sed
1100 2476 1241 2506 causae
1258 2457 1382 2503 malae
1404 2456 1486 2502 dif-

99 2536 278 2582 fidentia
289 2552 367 2583 vos
388 2537 618 2583 nobiscum
633 2534 752 2580 nolle
768 2534 981 2580 conferre.
1005 2535 1062 2579 Ut
1078 2533 1196 2578 enim
1215 2532 1327 2576 hanc
1346 2528 1482 2576 solam

150 2628 159 2645 ¹
176 2622 275 2655 Eccli.
295 2633 342 2663 in,
362 2631 416 2655 20.

1207 2673 1270 2713 34.
