1825 3264
278 248 441 281 comm
472 248 738 279 cnssscomtm
771 248 1061 291 nom-risun,
1096 252 1178 280 LlB.
1216 254 1247 279 1.
1371 241 1454 282 303

73 328 199 379 putes
223 335 232 364 ε
257 335 278 360 «
301 320 366 363 Ex
387 317 524 362 multa
546 317 794 378 eloquentia
817 332 906 362 non
924 318 1106 377 effugies
1126 327 1353 379 peccatum
1370 321 1383 345 ¹
1401 338 1411 365 :
1431 337 1453 362 n

72 404 175 434 cum
196 389 363 434 dictum
384 388 551 441 nonsit
576 407 585 433 :
620 406 641 431 «
665 403 717 433 ex
740 387 876 433 multa
906 388 1178 450 eloquentia3
1207 408 1226 432 »
1253 389 1329 435 sed
1360 409 1380 433 «
1406 405 1458 435 ex

75 478 96 502 »
112 459 405 521 multiloquio.
425 478 446 502 »
461 459 789 520 Multiloquium
805 469 948 505 autem
964 471 1028 506 est
1038 463 1256 522 superflua
1271 461 1452 517 locutio,

72 533 227 577 vitium
240 532 405 578 scilicet
418 532 627 593 loquendi
643 547 787 577 amore
802 542 1091 577 contractum.
1107 533 1370 594 Plerumque
1379 549 1458 578 au-

72 611 160 648 tem
181 602 304 664 loqui
327 612 489 660 amant,
515 603 641 648 etiam
665 604 740 664 qui
760 603 960 648 nesciunt
981 605 1087 665 quid
1109 603 1363 665 loquantur,
1388 604 1458 649 vel

71 675 296 736 quomodo
310 674 566 736 loquantur,
586 675 673 720 sive
695 674 748 719 ad
771 676 998 720 sanitatem
1015 677 1347 732 sententiarum,
1367 677 1454 720 sive

73 747 128 791 ad
141 747 283 806 ipsum
297 747 373 807 qui
388 755 478 790 arte
490 746 767 805 grammatica
783 746 978 803 discitur,
996 748 1212 806 integrum
1224 763 1379 792 sonum
1393 762 1459 792 or-

72 817 309 879 dinemque
327 818 574 863 verborum.
599 817 861 878 Eloquentia
874 834 978 864 vero
995 817 1176 864 facultas
1188 819 1362 863 dicendi
1375 828 1454 874 est,

72 897 364 948 congruenter
385 889 600 948 explicans
620 903 720 949 quae
741 889 951 934 sentimus
974 908 982 934 :
1002 905 1089 949 qua
1111 899 1218 934 tunc
1240 889 1457 933 utendum

72 967 152 1016 est,
176 975 277 1005 cum
300 969 415 1004 recta
433 961 656 1005 sentimus.
682 963 775 1005 Hoc
794 960 926 1005 modo
947 979 968 1003 «
993 977 1042 1005 ea
1060 976 1149 1005 non
1167 962 1232 1005 usi
1255 961 1462 1005 sunthae-

72 1029 210 1074 retici.
237 1047 257 1070 n
281 1032 391 1075 Nam
412 1031 566 1090 utique
588 1031 622 1075 si
648 1040 764 1075 recta
787 1032 1036 1086 sensissent,
1070 1046 1159 1075 non
1181 1030 1322 1075 solum
1352 1030 1463 1074 nihil

72 1100 196 1156 mali,
222 1115 374 1145 verum
397 1110 440 1145 et
459 1102 561 1146 boni
577 1101 740 1162 aliquid
760 1110 885 1153 esset,
910 1101 1030 1162 quod
1050 1101 1306 1161 eloquenter
1323 1101 1461 1160 expli-

72 1185 169 1215 care
184 1173 441 1230 potuissent.
469 1175 646 1217 Frustra
674 1173 805 1230 igitur
828 1173 1008 1217 istorum
1032 1172 1329 1232 exemplorum
1347 1186 1462 1224 com-

70 1243 385 1287 memoratione
404 1241 613 1287 accusasti
631 1243 942 1302 eloquentiam.
970 1246 1122 1303 Neque
1144 1243 1259 1287 enim
1285 1250 1463 1302 propte-

73 1325 143 1355 rea
161 1320 242 1371 pm
270 1313 409 1372 patria
437 1328 527 1358 non
555 1322 619 1357 est
641 1312 763 1356 miles
793 1313 1050 1367 armandus,
1082 1313 1185 1372 quia
1214 1322 1366 1357 contra
1387 1327 1465 1370 pa-

72 1380 197 1426 triam
217 1382 421 1427 nonnulli
439 1398 556 1427 arma
575 1393 876 1442 sumpserunt:
899 1392 974 1427 aut
990 1382 1088 1427 ideo
1108 1383 1172 1426 uti
1191 1397 1280 1427 non
1299 1382 1466 1426 debent

73 1451 179 1496 boni
210 1462 254 1497 et
284 1453 403 1498 docti
441 1453 597 1498 medici
635 1453 906 1497 ferramentis
943 1451 1278 1497 medicinalibus
1311 1452 1367 1496 ad
1395 1467 1465 1495 sa-

73 1521 209 1568 lutem
231 1559 242 1579 ,
267 1525 368 1585 quia
403 1525 468 1569 his
501 1524 556 1569 ad
585 1525 820 1584 perniciem
860 1524 985 1568 etiarn
1012 1523 1178 1568 indocti
1203 1522 1466 1582 pessimique

74 1594 333 1640 abutuntur.
360 1596 465 1649 Quis
502 1597 618 1640 enim
653 1597 816 1651 nescit,
854 1595 979 1640 sicuti
1006 1604 1071 1639 est
1106 1604 1181 1639 aut
1216 1594 1380 1638 fuerint
1417 1608 1466 1637 ea

73 1680 173 1724 quae
211 1676 494 1726 quaeruntur,
520 1668 577 1711 ita
606 1665 920 1726 eloquentiam,
953 1666 1036 1709 hoc
1063 1674 1149 1720 est,
1175 1665 1375 1724 peritiam
1397 1662 1466 1707 fa-

37 1750 42 1752 ·
73 1734 372 1796 cultatemque
394 1736 570 1782 dicendi
596 1738 654 1782 sie
674 1752 764 1781 esse
786 1735 938 1780 utilem
958 1735 1026 1780 vel
1054 1735 1274 1791 inutilem,
1299 1744 1348 1778 ut
1370 1733 1468 1778 fue-

74 1805 162 1850 rint
174 1807 299 1852 utilia
321 1809 390 1853 vel
411 1808 580 1853 inutilia
599 1823 699 1868 quae
719 1808 955 1852 dicuntur?
976 1806 1098 1867 quod
1116 1822 1198 1851 nec
1218 1816 1259 1851 te
1277 1805 1467 1850 arbitror

73 1890 290 1934 ignorare.

135 1950 217 1992 111.
252 1947 337 1994 Sed
356 1948 487 1993 credo
512 1964 613 1994 cum
643 1964 714 1993 me
731 1949 900 1994 videres
922 1965 944 1993 a
966 1948 1189 1994 nonnullis
1212 1947 1355 2007 putari
1373 1947 1466 1991 elo-

74 2028 310 2077 quentem,
336 2028 385 2062 ut
407 2034 430 2062 a
452 2035 522 2063 me
550 2018 723 2063 lectoris
757 2019 1019 2063 auditorisve
1048 2019 1243 2063 studium
1271 2017 1466 2062 deterre—

76 2102 170 2142 reS‚
195 2088 484 2133 accusandam
513 2090 759 2133 existimasti
791 2089 1088 2148 eloquentiam
1122 2109 1132 2134 ;
1165 2098 1214 2132 ut
1240 2090 1331 2147 jam
1360 2086 1469 2147 quid

76 2159 268 2204 dicerem
289 2175 379 2204 non
401 2159 668 2219 attenderet,
694 2160 891 2219 quisquis
916 2160 992 2204 abs
1015 2169 1058 2204 te
1093 2159 1348 2218 perterritus
1372 2167 1470 2202 tan-

76 2245 210 2290 quam
231 2230 489 2291 eloquenter
509 2246 580 2275 me
595 2230 811 2275 dicentem
833 2246 884 2275 eo
910 2231 1004 2290 ipso
1018 2231 1109 2290 jam
1131 2229 1374 2274 cavendum
1397 2228 1470 2273 fu-

78 2301 374 2362 giendumque
396 2311 605 2346 censeret.
632 2301 742 2346 Vide
764 2317 884 2361 ergo,
911 2317 965 2345 ne
989 2303 1071 2346 hoc
1089 2301 1210 2360 quod
1230 2299 1387 2352 fecisti,
1418 2298 1471 2342 sit

81 2390 101 2415 «
122 2373 223 2417 artis
259 2372 374 2417 illius
396 2372 539 2428 malae,
565 2388 697 2433 quam
715 2408 725 2428 ‚
761 2373 873 2417 sicut
895 2372 950 2416 de
986 2372 1166 2416 Platone
1198 2384 1470 2414 commemo-

32 2484 34 2486 ,
77 2444 195 2499 rasti,
235 2443 437 2488 nonnulli
469 2453 585 2488 recte
611 2444 922 2503 judicaverunt
950 2442 1005 2486 de
1038 2442 1215 2486 civitate
1238 2456 1287 2485 ac
1307 2441 1363 2484 de
1384 2440 1470 2484 bu-

78 2515 196 2560 mani
214 2515 382 2574 generis
402 2514 607 2560 societate
628 2513 893 2574 pellendam.
918 2531 938 2554 »
959 2515 1063 2558 Haec
1078 2528 1168 2558 non
1181 2521 1247 2557 est
1265 2511 1472 2572 eloquen-

131 2605 139 2622 ⁸
166 2601 260 2631 Prov.
279 2610 313 2641 x,
334 2610 384 2642 ¹9·
