1825 3264
259 305 420 333 CONTRA
455 304 720 334 cnnseomum
752 300 1040 343 υοΝΔΤιεΤΑΜ,
1076 306 1158 332 mn.
1194 307 1254 334 1v.
1373 294 1452 335 491

74 368 237 413 fundos
253 368 467 414 insidiosis
485 370 714 415 fraudibus
730 383 896 428 rapere,
916 370 1055 414 usuris
1068 369 1458 430 multiplicantibus

73 438 219 484 foenus
233 455 389 499 augere
405 463 416 499 3
441 441 560 502 quod
575 441 737 486 malum
754 440 879 484 etiam
902 440 1158 485 idololatriae
1167 444 1453 502 comparavit:

72 525 261 571 quorum
290 520 435 557 tamen
461 512 1135 572 corporalem'congregationem
1160 528 1247 557 non
1271 512 1458 572 refugie-

71 580 165 635 bat,
187 579 243 626 ad
261 582 411 626 eadem
431 583 579 628 altaria
597 582 874 637 consistebat,
898 583 1100 627 eumdem
1124 584 1455 629 sacratissimum

69 650 217 695 cibum
235 661 477 713 potumque
494 654 707 698 sumebat.
731 651 799 696 Illi
819 651 934 696 enim
955 667 1044 697 non
1067 653 1172 708 aliis,
1196 653 1270 698 sed
1293 654 1372 698 sibi
1384 656 1458 714 ju-

70 719 234 766 dicium
256 723 580 768 manducabant
598 733 641 768 et
660 722 870 767 bibebant
893 725 905 748 ¹
935 742 944 767 2
968 722 1042 767 ille
1064 732 1209 767 autem
1232 739 1333 768 cum
1356 724 1458 771 tali-

69 790 152 836 bus
167 826 178 844 ‚
203 807 292 836 non
320 808 472 837 eorum
496 802 694 853 peccata,
720 794 795 837 sed
815 793 1020 850 mysteria
1037 793 1199 838 Christi
1216 795 1459 839 communi-

69 861 213 917 cabat,
236 863 612 923 conjunctissimus
633 864 835 918 coetibus,
862 863 1224 923 disjunctissimus
1245 866 1454 910 moribus.

68 931 139 977 Ad
179 933 263 978 hoc
300 934 415 978 enim
449 943 493 978 et
529 934 603 979 ille
632 932 937 978 similitudines
966 934 1009 977 in
1041 935 1289 994 Scripturis‚
1322 945 1365 980 et
1387 936 1460 980 illa

68 1003 262 1062 exempla
291 1005 507 1063 praemissa
530 1014 661 1060 sunt,
692 1014 741 1049 ut
763 1003 1025 1049 disceremus
1047 1004 1320 1050 frumentum
1345 1021 1456 1062 esse,

67 1088 146 1118 nec
170 1089 312 1118 aream
335 1075 606 1120 Dominicam
629 1084 806 1135 propter
834 1074 971 1134 paleae
1002 1077 1355 1121 commixtionem
1379 1076 1458 1121 de-

67 1147 232 1190 serere²
249 1167 260 1204 3
279 1148 413 1205 pisces
434 1148 538 1192 boni
561 1162 665 1198 esse,
691 1162 771 1191 nec
794 1155 971 1206 propter
991 1148 1344 1193 commixtionem
1363 1164 1458 1193 ma·-

66 1215 210 1261 lorum
234 1216 464 1277 discruptis
490 1218 656 1262 retibus
677 1217 791 1263 foras
813 1218 898 1277 ire;
923 1233 1022 1264 vasa
1043 1234 1133 1263 esse
1155 1219 1459 1264 misericordiae

67 1286 113 1330 in
140 1287 306 1332 honore
335 1286 447 1332 facta
472 1298 603 1348 atque
631 1288 870 1343 mundata,
896 1304 976 1333 nec
1000 1298 1178 1349 propter
1196 1304 1296 1334 vasa
1318 1289 1460 1349 perdi·

67 1355 196 1400 tionis
217 1367 259 1401 et
286 1358 565 1402 contumeliae
586 1358 641 1402 de
669 1357 801 1403 domo
823 1373 977 1417 magna
1000 1359 1164 1417 fugere.
1190 1359 1320 1405 Nulla
1341 1359 1458 1403 enim

67 1441 194 1472 causa
215 1428 260 1472 in
278 1438 566 1489 utrorumque
589 1428 817 1488 temporali
836 1431 1177 1489 congregatione
1199 1439 1330 1490 atque
1357 1446 1457 1490 per-

66 1497 273 1544 mixtione
301 1499 579 1545 laudabiliter
601 1501 844 1545 tolerantur
872 1500 989 1555 mali‚
1017 1501 1097 1545 nisi
1119 1516 1174 1545 ne
1196 1501 1459 1546 damnabili-

66 1577 132 1613 ter
168 1570 423 1614 deserantur
460 1571 580 1615 boni.
615 1570 740 1624 Quod
784 1585 884 1615 cum
924 1580 968 1615 et
1004 1586 1078 1615 vos
1115 1572 1161 1615 in
1191 1572 1342 1616 vestris
1370 1581 1459 1616 tam

66 1638 214 1683 multis
240 1649 281 1684 et
304 1649 392 1684 tam
419 1639 654 1685 manifestis
672 1639 796 1684 malis
814 1639 965 1684 eadem
984 1641 1238 1685 necessitate
1254 1641 1421 1686 faciatis
1446 1662 1457 1699 3

66 1718 189 1769 potes
213 1708 342 1754 facile
360 1745 372 1765 ,
392 1711 425 1755 si
447 1710 552 1755 velis
575 1710 815 1765 advertere,
836 1710 957 1770 quod
976 1726 1066 1755 non
1085 1710 1164 1754 nisi
1188 1711 1461 1756 animositate

66 1779 272 1839 sacrilega
307 1795 382 1826 vos
416 1797 440 1825 a
476 1780 731 1826 Christianis
760 1789 826 1825 tot
858 1796 906 1825 ac
930 1782 1058 1825 tantis
1095 1781 1298 1839 gentibus
1333 1796 1459 1840 sepa-

67 1850 185 1895 ratis.

125 1922 332 1966 XXXIV.
366 1924 519 1982 Itaque
541 1937 630 1966 non
655 1921 797 1966 solum
822 1922 1008 1980 Optatus
1035 1921 1081 1964 in
1102 1920 1176 1965 illa
1201 1920 1460 1968 Gildoniana

67 1990 271 2035 societate
299 1991 545 2036 notissimus
562 2026 573 2046 ‚
608 1990 684 2036 sed
721 1991 908 2052 quilibet
938 1992 1146 2035 obscurus
1176 1992 1293 2051 apud
1319 2007 1392 2036 vos
1418 2001 1460 2037 te

0 2083 1 2091 ¹
67 2061 230 2106 sciente
266 2062 368 2106 mali
407 2062 573 2122 aliquid
607 2062 758 2107 fecerit
778 2098 788 2117 ‚
819 2078 921 2107 cum
953 2078 1051 2106 eum
1092 2078 1180 2106 non
1213 2064 1404 2122 potueris
1436 2079 1460 2108 a

66 2142 209 2179 vestra
238 2135 548 2182 communione
577 2149 789 2192 separare,
820 2134 923 2193 quia
953 2133 1021 2178 vel
1047 2149 1135 2178 non
1169 2134 1248 2178 tibi
1267 2134 1461 2179 creditur

68 2206 302 2261 accusanti,
333 2205 403 2250 vel
434 2221 633 2251 accusare
664 2222 752 2251 non
784 2205 945 2261 audes,
972 2221 1026 2249 ne
1059 2221 1149 2250 non
1172 2206 1314 2250 valeas
1337 2221 1459 2250 com-

68 2274 280 2335 probare3
305 2284 379 2320 aut
404 2275 639 2320 deserenda
666 2277 744 2321 tibi
768 2286 831 2321 est
854 2291 950 2336 pars
969 2276 1140 2330 Donati,
1162 2285 1238 2320 aut
1260 2276 1355 2320 talis
1378 2276 1460 2320 eris

68 2343 208 2405 qualis
228 2345 302 2389 ille
322 2380 333 2400 ‚
354 2347 476 2406 cujus
492 2355 718 2406 peccatum
739 2362 827 2390 non
847 2346 1018 2403 ignoras
1035 2379 1046 2400 ,
1067 2346 1264 2405 quamvis
1282 2345 1460 2390 dissimi-

69 2413 168 2460 liter
202 2415 336 2460 vivas.
386 2418 476 2460 Hoc
511 2431 599 2460 non
632 2415 874 2460 secundum
909 2430 1078 2470 veram,
1110 2414 1183 2460 sed
1216 2415 1459 2460 secundum

68 2493 254 2529 vestram
295 2486 554 2530 sententiam
583 2485 708 2530 vobis
736 2485 969 2530 rectissime
998 2484 1173 2530 dicitur.
1209 2486 1314 2538 Quis
1342 2486 1458 2530 enim

69 2555 205 2600 nescit
228 2564 270 2600 te
290 2554 478 2602 alienum
502 2571 590 2600 esse
618 2556 671 2600 ab
699 2554 813 2599 illius
835 2554 977 2611 malo,
1002 2556 1035 2600 si
1058 2556 1340 2601 consensione
1361 2571 1459 2616 pec-

120 2645 128 2661 ¹
156 2650 168 2671 t
190 2640 263 2672 Cor.
281 2650 327 2680 η,
346 2647 400 2681 29.
417 2656 455 2663 —
471 2647 482 2663 ²
502 2639 620 2672 Matth.
639 2650 688 2681 m,
712 2648 762 2681 ια,
783 2644 814 2672 ct
834 2650 903 2681 xm,
918 2639 982 2681 47;
1008 2648 1028 2672 2
1045 2639 1128 2673 Tim.
1149 2651 1182 2680 n,
1201 2648 1254 2673 20.
