1825 3264
357 291 435 329 -152
783 299 815 326 s.
853 300 962 328 Διαι,
972 302 1082 329 snm
1118 301 1298 329 EPlscom

349 364 469 409 nulla
492 365 581 424 ejus
601 380 700 408 vera
719 363 979 410 documenta
1006 367 1278 424 cognoverit,
1308 366 1376 410 vel
1400 381 1500 410 eum
1529 365 1728 411 simulata

348 434 596 478 innocentia
631 433 747 478 falsis
771 434 1042 480 documentis
1064 435 1248 496 quisque
1279 435 1494 481 fefellerit.
1531 437 1573 481 Si
1599 450 1726 494 ergo,

351 515 397 550 ut
419 505 562 550 dicere
583 521 800 567 coeperam
817 542 828 562 ,
852 507 898 551 in
919 507 1003 552 hoc
1025 507 1144 567 quod
1169 507 1245 552 tibi
1267 523 1343 567 pro
1371 523 1529 567 magno
1546 506 1726 566 elegisti,

348 587 396 621 ut
417 594 516 638 quae
537 593 612 622 vos
630 577 685 622 de
706 577 987 623 traditoribus
1002 578 1247 623 testimonia
1267 578 1482 638 profertis,
1507 594 1608 623 vera
1625 579 1725 633 sint,

346 664 445 708 quae
462 658 608 692 autem
631 647 914 707 proferuntur
935 658 1084 694 contra
1112 665 1203 702 VOS,
1233 649 1339 694 falsa
1356 650 1457 704 sint,
1483 650 1591 693 nihil
1607 649 1730 693 -vale-

347 720 398 763 tis
415 718 620 764 adversus
643 719 875 764 Ecclesiam
897 719 1151 764 catholicam
1175 729 1268 764 toto
1290 729 1501 764 terrarum
1521 719 1627 764 orbe
1643 719 1730 762 dif-

345 787 503 844 fusam,
529 800 572 834 et
595 790 799 835 adversus
831 790 1146 849 providentiam
1167 791 1270 844 Dei,
1296 807 1380 851 qua
1411 811 1430 832 «
1460 792 1501 834 in
1525 790 1729 835 Christia-

343 875 451 903 num
472 876 630 904 nomen
648 896 658 915 ,
682 871 730 904 ut
752 861 838 904 tuis
866 861 1008 905 verbis
1032 871 1151 916 utar,
1188 871 1304 906 totus
1329 861 1525 921 quotidie
1547 860 1729 904 vertitur

343 930 533 975 mundus
569 951 576 975 :
605 941 771 991 quanto
802 933 936 990 magis
972 931 1154 976 deficitis
1182 933 1225 975 in
1257 932 1602 976 accusationibus
1632 946 1729 974 ves-

345 1002 417 1044 tris
437 1036 448 1054 ,
489 1017 589 1045 cum
625 1002 735 1045 hanc
768 1002 903 1059 ipsam
936 1001 1236 1056 traditionem,
1271 1003 1393 1061 cujus
1422 1016 1580 1045 nomen
1607 999 1728 1045 velut

342 1071 567 1115 horrentes
589 1073 664 1131 qui
686 1072 769 1116 hoc
791 1072 974 1115 schisma
994 1071 1207 1127 fecerunt,
1233 1088 1255 1116 a
1278 1072 1438 1117 Christi
1455 1087 1636 1131 corpore
1658 1087 1725 1115 se-

342 1150 511 1199 paratos
535 1156 578 1184 se
599 1142 712 1200 ipsos
739 1141 916 1186 diabolo
948 1142 1246 1196 tradiderunt,
1278 1141 1416 1186 multo
1439 1141 1723 1200 probabilius,

339 1211 451 1255 sicut
473 1211 618 1255 inillis
647 1211 800 1256 litteris
822 1212 908 1256 dixi
929 1214 959 1266 ¹,
985 1221 1027 1255 ct
1065 1228 1183 1257 nunc
1204 1211 1323 1266 dico,
1368 1228 1445 1257 nos
1470 1212 1590 1256 vobis
1611 1212 1724 1272 obji-
1791 1192 1798 1234 ,'

340 1282 493 1335 cimus,
517 1301 536 1323 »
558 1299 579 1325 a
599 1282 756 1342 quibus
776 1283 953 1327 nomina
978 1292 1019 1327 et
1043 1284 1221 1328 erimina
1245 1282 1503 1328 traditorum
1526 1283 1612 1327 dici
1630 1292 1725 1327 tan-

340 1351 568 1397 tummodo
586 1353 803 1406 audimus,
821 1369 898 1396 nos
918 1362 1060 1397 autem
1083 1363 1126 1397 et
1141 1363 1259 1412 gesta
1273 1356 1306 1407 ²,
1327 1352 1612 1397 ecclesiastica
1633 1354 1726 1412 qui-

338 1423 420 1466 bus
445 1424 499 1467 de
521 1439 564 1468 se
586 1425 665 1483 ipsi
688 1423 871 1468 confessi
893 1434 994 1468 sunt
1017 1434 1059 1469 et
1086 1433 1202 1483 gesta
1219 1426 1234 1451 ³
1259 1423 1533 1484 municipalia
1563 1424 1725 1485 quibus

338 1493 423 1537 hoc
442 1493 590 1538 fecisse
612 1494 834 1552 leguntur,
862 1495 1145 1539 ostendimus.

397 1566 616 1608 LXXXV.
666 1567 729 1608 Tu
772 1580 875 1609 vero
907 1563 1090 1609 callidus
1120 1565 1388 1610 examinator
1423 1579 1723 1624 appensorque

338 1634 588 1688 verborum,
615 1635 742 1678 doces
765 1650 841 1677 nos
864 1634 968 1694 quid
987 1634 1127 1678 valeat
1148 1636 1465 1694 comparativus
1489 1634 1660 1692 gradus,
1681 1643 1725 1678 et

340 1713 546 1764 tanquam
568 1703 703 1747 victor
725 1704 888 1747 exultas
909 1739 919 1757 ,
941 1705 1060 1762 quod
1082 1721 1169 1748 non
1194 1721 1358 1763 possem
1384 1706 1527 1750 dicere
1547 1741 1558 1760 ,
1585 1725 1605 1747 «
1637 1715 1725 1749 tra-

338 1774 544 1819 ditionem
573 1774 841 1834 probabilius
862 1790 940 1818 nos
961 1775 1082 1818 vobis
1106 1776 1333 1834 objicimus
1354 1811 1363 1829 ,
1391 1795 1409 1815 »
1438 1775 1516 1819 nisi
1537 1791 1613 1820 vos
1641 1791 1723 1820 no-

338 1844 403 1888 bis
437 1860 530 1888 eam
566 1844 847 1903 probabiliter
883 1845 1068 1903 objicere
1103 1846 1345 1888 confiterer.
1377 1865 1393 1883 «
1424 1846 1465 1890 Si
1494 1846 1609 1888 enim
1629 1861 1719 1899 vos,

337 1915 496 1973 inquis,
522 1914 808 1973 probabilius,
834 1930 912 1958 nos
938 1930 1041 1973 ergo
1061 1914 1357 1974 probabiliter.
1391 1917 1445 1958 Et
1471 1916 1552 1959 hoc
1574 1915 1719 1970 doces,

337 1986 438 2044 quia
467 1985 526 2028 sic
557 1994 621 2028 est
648 1984 933 2044 probabiliter
966 1994 1008 2028 et
1030 1984 1313 2044 probabilius,
1341 1994 1388 2028 ut
1410 1985 1441 2028 si
1465 1983 1597 2040 dieas,
1623 2001 1723 2029 vere.

338 2064 380 2098 et
408 2056 550 2099 verius
570 2076 581 2112 3
600 2064 643 2098 et
660 2055 761 2114 quia
785 2053 940 2112 gradus
965 2055 1043 2098 iste
1071 2055 1191 2114 quod
1215 2064 1314 2098 ante
1341 2056 1527 2114 positum
1559 2064 1621 2099 est
1643 2072 1722 2099 au-

338 2134 425 2183 get,
451 2140 539 2169 non
562 2124 681 2184 quod
700 2134 800 2168 ante
823 2125 988 2168 dietum
1012 2134 1074 2168 est
1098 2125 1329 2183 improbat.
1359 2143 1378 2165 »
1405 2125 1617 2185 Adjungis
1640 2125 1722 2169 alia

337 2195 468 2238 verba
488 2229 498 2249 ,
532 2195 691 2254 quibus
724 2195 808 2238 hoc
848 2194 1090 2237 evidentius
1127 2193 1448 2251 intelligamus,
1490 2210 1537 2238 ac
1580 2193 1717 2238 dicis:

341 2282 361 2305 «
394 2265 461 2308 Sic
487 2274 550 2308 est
579 2265 689 2307 bene
716 2273 759 2307 et
787 2263 940 2306 melius
959 2298 969 2316 ,
999 2263 1110 2306 male
1139 2272 1181 2306 et
1205 2264 1326 2322 pejus
1349 2298 1359 2316 ,
1387 2262 1652 2306 horribiliter
1678 2272 1721 2307 et

336 2333 584 2378 horribilius
622 2335 679 2378 sic
719 2350 806 2377 esse
845 2332 1074 2378 ostendens
1110 2333 1392 2391 probabiliter
1424 2343 1466 2377 et
1510 2333 1718 2391 probabi·-

336 2404 435 2449 lius.
465 2424 484 2446 »
518 2405 642 2449 Unde
669 2404 813 2463 colligi
843 2414 984 2464 putas,
1011 2405 1112 2463 quia
1143 2405 1176 2448 si
1200 2420 1279 2462 ego
1304 2404 1571 2462 probabilius
1599 2405 1719 2463 quod

338 2474 493 2519 falsum
526 2486 588 2519 est
622 2477 778 2535 objicio
802 2510 812 2528 ,
852 2484 1046 2534 superest
1079 2483 1127 2517 ut
1162 2490 1237 2518 vos
1282 2474 1564 2533 probabiliter
1598 2474 1718 2534 quod

389 2585 394 2597 ¹
421 2577 495 2607 Vide
511 2577 564 2607 lili.
583 2587 589 2605 ι
605 2582 713 2608 contra
736 2578 876 2607 l‘etiliau.
898 2589 966 2617 cap.
984 2587 1036 2608 ·)1.
1053 2594 1092 2598 —
1108 2585 1116 2595 Ἰ
1138 2580 1228 2607 Gesta
1243 2588 1335 2608 conc.
1355 2577 1431 2608 Cirt.
1452 2589 1558 2618 supin,
1571 2588 1643 2617 cap·
1662 2587 1714 2616 22·-

343 2648 381 2653 —
405 2640 409 2646 “
433 2635 527 2663 Gula
545 2634 626 2667 {wutl
642 2632 790 2673 Zvnsspliil
828 2644 887 2672 cap
921 2640 973 2671 20.

1792 437 1799 623 ¹

1788 802 1794 1049 J
