1825 3264
393 288 471 325 148
822 291 855 319 s,
891 293 1120 320 Aucusnm
1155 292 1334 320 EPISCOP1

385 375 554 419 sagenae
576 358 812 404 Dominicae
841 373 892 402 ex
913 359 1031 403 omni
1058 357 1241 417 piscium
1265 371 1422 416 genere
1444 356 1772 414 congregantis,
1818 387 1821 391 .

383 433 490 478 dum
512 432 567 476 ad
586 431 706 476 littus
722 465 733 485 ,
765 430 811 474 id
829 439 894 476 est
911 465 921 485 ,
955 430 1011 474 ad
1033 430 1165 474 finem
1186 428 1332 474 saeculi
1355 429 1533 472 ducitur
1549 463 1560 483 ,
1590 427 1776 487 superbe
1818 441 1821 449 ·

384 502 549 547 nefaria
584 500 864 545 contentione
886 501 1156 560 disrumpere
1184 519 1192 545 ;
1217 514 1318 544 cum
1354 513 1398 542 se
1430 508 1556 557 putat
1593 498 1778 558 quisque
1818 518 1821 529 2

384 571 551 633 aliquid
572 587 676 625 esse,
703 586 804 615 cum
827 571 935 615 nihil
952 572 1027 626 sit,
1055 580 1186 630 atque
1207 570 1262 614 ita
1288 584 1331 613 se
1348 569 1490 628 ipsum
1513 568 1684 613 seducit
1703 588 1715 626 3
1738 576 1782 612 et

382 644 582 688 sufficere
603 641 698 686 vult
715 643 772 687 ad
788 642 1055 702 populorum
1073 642 1421 688 Christianorum
1438 642 1777 700 separationem,
1816 642 1819 686 Ξ

384 730 513 760 suum
535 714 606 759 vel
626 729 804 758 suorum
821 713 1060 774 judicium,
1087 714 1163 773 qui
1186 712 1320 756 malos
1343 711 1554 771 quosdam
1585 725 1783 755 commu··
1824 723 1825 734 ³

386 787 518 831 nione
561 795 930 830 sacramentorum
961 785 1206 830 christianae
1240 782 1457 841 religionis
1488 781 1695 841 indignus
1739 795 1782 826 se
1816 819 1818 832 ἦ

384 857 647 916 apertissime
661 871 785 901 nosse
800 856 955 900 dicunt
976 875 984 900 ε
1006 855 1060 899 de
1075 855 1237 915 quibus
1255 864 1401 898 tamen
1421 852 1640 913 quidquid
1658 866 1782 896 nosse
1815 839 1825 893 i

385 942 429 971 se
451 927 620 980 dicunt,
645 927 858 970 universae
881 926 1087 971 Ecclesiae
1109 941 1209 985 quse
1232 940 1309 984 per
1333 939 1483 969 omnes
1503 934 1650 982 gentes
1675 924 1784 967 sicut
1813 938 1816 983 f

386 1006 450 1042 est
473 996 680 1055 praedicta
706 996 987 1051 diffunditur,
1014 995 1274 1055 persuadere
1292 1011 1381 1039 non
1396 1003 1592 1054 possunt.
1614 997 1669 1038 Et
1683 1007 1784 1038 cum
1800 1006 1815 1043 i}

384 1068 589 1122 istorum,
617 1067 739 1126 quasi
763 1082 872 1126 quos
891 1075 1130 1121 noverunt,
1157 1065 1381 1123 refugiunt
1400 1065 1781 1120 communionem,
1802 1076 1816 1123 j

385 1137 502 1181 illius
526 1137 735 1180 deserunt
757 1137 973 1180 unitatem
1000 1155 1008 1181 :
1034 1150 1135 1180 cum
1158 1137 1302 1195 potius
1333 1135 1545 1179 deberent
1565 1169 1576 1189 ,
1620 1135 1655 1178 si
1678 1125 1817 1179 essettl

384 1206 431 1250 in
453 1207 511 1250 eis
539 1207 724 1251 charitas
742 1207 888 1250 omnia
911 1206 1146 1258 sufferens,
1174 1221 1229 1250 ne
1251 1221 1294 1249 se
1318 1221 1340 1249 a
1362 1205 1488 1250 bonis
1516 1204 1782 1260 dividerent,

385 1293 494 1338 quos
515 1278 562 1321 in
583 1277 785 1322 omnibus
810 1278 1014 1336 gentibus
1043 1276 1182 1320 aliena
1211 1276 1324 1320 mala
1361 1276 1517 1321 docere
1544 1291 1632 1320 non
1661 1285 1805 1335 pote--

386 1357 510 1402 rant,
546 1348 626 1406 ipsi
659 1348 705 1390 in
736 1362 824 1391 una
858 1356 987 1405 gente
1022 1347 1207 1391 tolerare
1237 1346 1358 1406 quod
1393 1355 1621 1391 noverant.
1664 1345 1806 1391 Unde*

387 1418 517 1461 etiam
541 1432 631 1461 non
649 1417 840 1461 discussa
863 1432 990 1461 causa
1009 1453 1020 1473 ,
1053 1418 1098 1461 in
1120 1433 1206 1477 qua
1230 1417 1505 1461 documentis
1531 1417 1806 1476 gravissimis,

387 1489 713 1534 convincuntur
735 1488 987 1533 calumniati
1020 1489 1330 1533 innocentibus
1347 1524 1358 1544 ,
1384 1488 1655 1548 probabilius
1692 1503 1805 1533 cre--

390 1559 558 1604 duntur
571 1560 816 1605 traditionis
834 1561 1015 1605 crimina
1032 1559 1138 1605 salsa
1154 1561 1341 1615 finxisse,
1358 1560 1434 1621 qui
1457 1576 1546 1605 non
1564 1560 1788 1605 dubitave-

387 1641 492 1676 runt
505 1631 636 1690 longe
653 1631 902 1676 sceleratius
915 1632 1080 1676 crimen
1094 1632 1272 1676 nefariae
1298 1632 1519 1676 divisionis
1540 1631 1804 1676 admittere..

388 1704 501 1756 Quia
535 1702 613 1745 etsi
645 1717 798 1746 verum
820 1712 930 1746 esset
957 1703 1177 1762 quidquid
1207 1703 1262 1747 de
1284 1703 1516 1748 traditione
1534 1705 1785 1763 jactarunt3

389 1783 538 1818 tamen
563 1774 830 1818 consortium
853 1775 1198 1819 Christianorum
1222 1790 1332 1834 quos
1359 1790 1497 1835 usque
1524 1773 1578 1819 ad
1601 1784 1797 1819 extrema

391 1853 518 1888 terrae
553 1843 699 1888 divina
735 1845 958 1904 Scriptura
991 1845 1298 1901 commendat,
1340 1855 1518 1905 propter
1549 1847 1633 1890 hoc
1670 1843 1795 1905 quodi

392 1915 473 1974 ipsi
487 1914 694 1970 scierunt,
712 1914 778 1958 illi
798 1925 944 1959 autem
966 1916 1231 1971 nescierunt,
1251 1915 1499 1976 relinquere
1520 1914 1643 1960 nullo
1659 1915 1799 1961 modo<

393 1985 660 2030 debuerunt.

454 2059 508 2102 V.
538 2059 688 2116 Neque
710 2057 794 2101 hoc
823 2057 922 2102 ideo
951 2056 1134 2102 dixerim
1164 2067 1213 2103 ut
1236 2058 1483 2117 negligatur
1507 2057 1798 2103 ecclesiastica*

398 2126 626 2185 disciplina
640 2161 651 2182 ,
684 2136 727 2171 et
749 2128 1028 2186 permittatur
1049 2129 1235 2188 quisque
1255 2128 1398 2173 facere
1419 2128 1539 2188 quod
1556 2129 1682 2183 velit,
1701 2128 1790 2173 sine

397 2196 488 2240 ulla
506 2197 796 2256 correptione,
823 2207 866 2242 et
888 2200 1078 2258 quadam
1100 2199 1348 2244 medicinali
1371 2200 1578 2254 vindicta,
1605 2209 1648 2244 et
1666 2199 1798 2244 terri·

400 2268 478 2313 bili
500 2268 711 2323 lenitate,
742 2278 785 2312 et
817 2270 1037 2314 charitatis
1066 2271 1305 2315 severitate.
1345 2273 1451 2316 Nam
1475 2271 1552 2315 ubi
1582 2271 1663 2315 erit
1683 2269 1802 2336 illud«,

401 2337 597 2398 Apostoli
619 2359 628 2384 z
656 2358 676 2380 «
696 2340 911 2398 Corripite
931 2341 1161 2399 inquietos,
1183 2341 1465 2386 consolamini
1480 2337 1802 2401 pusillanimesss

403 2427 424 2450 »
451 2410 654 2468 suscipite
676 2410 891 2464 infirmos,
917 2411 1128 2469 patientes
1147 2421 1283 2456 estote
1302 2413 1355 2456 ad
1375 2428 1524 2457 omnes
1549 2432 1557 2457 :
1579 2413 1723 2458 videte
1739 2424 1789 2456 ne

405 2496 425 2519 »
451 2479 547 2538 quis
566 2480 728 2524 malum
744 2495 820 2540 pro
838 2479 954 2525 malo
977 2482 1106 2526 alicui
1126 2481 1279 2526 reddat
1296 2484 1340 2524 ¹⁴?
1365 2501 1384 2523 »
1410 2485 1522 2528 Cum
1540 2484 1622 2527 hoc
1640 2483 1807 2542 utique„

402 2548 585 2607 subjecit
606 2568 614 2593 :
639 2569 659 2592 «
678 2551 833 2595 Videte
849 2567 903 2596 ne
918 2553 1014 2611 quis
1029 2552 1192 2597 malum
1212 2568 1289 2612 pro
1308 2553 1422 2598 malo
1436 2553 1564 2598 alicui
1581 2554 1755 2610 reddat,
1767 2569 1785 2594 ι»
1804 2551 1806 2555 ’

454 2640 459 2655 ¹
486 2633 593 2665 Thess.
615 2644 646 2675 v,
677 2635 726 2675 14.

1823 1065 1825 1084 A

1767 2671 1797 2716 -ι

1789 2909 1793 2991 ³

1787 2998 1792 3137 ἕ
