1825 3264
287 253 448 283 comum
483 253 684 282 LiT'rnnAs
719 252 950 291 emmam,
985 254 1068 280 Lm.
1107 253 1171 279 111.
1355 242 1432 278 161

0 304 12 327 ζ’
50 334 142 365 sam
157 318 497 377 dantisignorat.
523 320 580 362 At
596 332 678 376 ego
699 317 813 360 inter
833 317 1061 375 strepitum
1084 315 1152 360 vel
1167 323 1265 374 post
1285 315 1432 374 strepi-

8 408 11 414 ’
52 399 145 435 tum
166 390 258 448 ejus
276 387 499 447 grandem,
517 396 560 431 et
574 387 702 431 nimis
715 396 764 431 ut
776 394 899 445 putat
916 386 1007 444 ipse
1023 385 1279 443 terribilem,
1298 385 1430 440 lente,

33 467 102 504 ‚ut
117 457 292 513 dicitur,
317 467 360 502 et
381 458 493 502 bene
515 458 597 502 hoc
619 458 760 516 ipsum
781 465 946 515 repeto,
972 465 1015 500 et
1037 465 1085 499 ut
1108 455 1400 515 respondeatis
1418 456 1431 480 ¹

51 543 249 588 exposco.
288 547 308 569 (ι
335 528 378 573 Si
406 528 666 572 conscientia
689 535 835 571 sancte
867 525 1010 569 dantir
1045 526 1305 580 attenditur,
1335 540 1435 584 quae

5 603 15 646 ς’
51 599 203 645 abluat
233 599 479 659 accipientis
498 634 509 655 ,
532 618 552 641 n
579 597 697 643 unde
718 606 780 642 est
795 596 1055 651 abluendus,
1073 597 1148 657 qui
1171 597 1435 640 maculosam

7 679 10 682 ’
49 671 356 716 conscientiam
377 670 518 714 dantis
539 670 742 729 ignorat?
760 671 813 713 Et
840 683 913 728 per
936 676 1072 712 totam
1096 669 1186 727 ejus
1208 667 1432 727 epistolam

52 739 108 786 ad
129 741 212 785 hoe
234 756 324 786 non
343 741 518 785 invenio
541 739 706 800 aliquid
733 740 914 784 dictum.

106 813 253 857 XXII.
288 814 398 858 Nam
420 811 600 857 fortasse
630 811 744 856 dicet
775 811 880 854 mihi
900 810 1055 870 aliquis
1075 819 1266 854 vestrum
1295 829 1302 854 :
1331 812 1434 853 Haec

52 883 198 929 omnia
220 898 319 944 quae
336 883 509 938 dixitin
526 891 585 938 te,
611 883 667 926 ad
685 883 769 927 hoc
790 881 934 927 valere
960 881 1125 937 voluit,
1151 890 1201 925 ut
1228 890 1269 924 te
1292 880 1438 924 defor-

52 963 204 1010 maret,
221 969 269 999 ac
288 969 366 1014 per
383 963 425 999 te
446 953 544 999 illos
565 954 723 1014 quibus
745 953 1056 1008 communicas,
1083 968 1138 996 ne
1156 952 1338 997 ulterius
1363 951 1441 995 ali-

51 1026 176 1085 cujus
198 1025 409 1070 momenti
436 1040 525 1070 esse
550 1034 592 1069 te
615 1025 876 1080 existiment,
900 1024 969 1069 vel
989 1024 1092 1084 ipsi,
1114 1023 1185 1068 vel
1207 1025 1236 1068 ii
1258 1039 1367 1084 quos
1386 1021 1442 1067 ad

53 1104 239 1140 vestram
255 1096 607 1140 communionem
621 1095 846 1140 traducere
858 1096 1021 1140 niteris.
1038 1098 1256 1141 Caeterum
1280 1111 1330 1139 ex
1352 1109 1442 1155 quo

52 1168 280 1227 proposuit
299 1167 432 1211 verba
454 1166 659 1226 Epistolae
673 1176 777 1222 tuae,
796 1182 847 1211 ex
870 1166 946 1211 illo
968 1167 1334 1212 considerandum
1357 1176 1437 1220 est,

54 1246 202 1281 utrum
221 1236 330 1281 nihil
349 1236 404 1281 ad
425 1236 498 1281 illa
519 1238 792 1296 responderit
810 1241 892 1282 .Ita
914 1253 1016 1297 ergo
1032 1236 1262 1282 faciamus:
1285 1253 1336 1281 ex
1351 1237 1444 1297 ipso

55 1323 228 1368 prorsus
241 1307 339 1352 loco
351 1308 507 1366 scripta
520 1310 612 1367 ejus
629 1308 967 1352 consideremus.
981 1311 1173 1368 Excepto
1189 1323 1290 1366 ergo
1304 1324 1446 1367 prooe-

54 1377 141 1423 mio
169 1393 258 1438 quo
284 1377 403 1422 volui
428 1377 623 1421 animum
647 1393 891 1438 praeparare
908 1377 1103 1433 lectoris,
1130 1387 1173 1421 et
1193 1394 1331 1437 pauca
1355 1380 1447 1437 ejus

55 1449 184 1494 verba
207 1449 344 1508 prima
365 1447 679 1492 contumeliosa
700 1448 836 1507 magis
855 1463 986 1508 quam
1006 1448 1061 1492 ad
1075 1463 1165 1492 rem
1184 1447 1448 1507 pertinentia

56 1519 278 1579 praeterire
300 1538 309 1563 :
337 1538 358 1561 «
383 1518 456 1563 Ait
477 1522 494 1544 ‘²
510 1553 520 1573 ,
547 1518 725 1578 inquam
744 1554 754 1573 ,
781 1518 1057 1563 Conscientia
1082 1533 1272 1578 namque
1301 1518 1446 1562 dantis

57 1589 312 1642 attenditur,
336 1604 435 1649 quae
464 1587 614 1633 abluat
636 1589 900 1648 accipientis.
929 1588 1045 1641 Quid
1069 1589 1102 1632 si
1136 1587 1269 1632 lateat
1306 1588 1451 1632 dantis

58 1659 338 1712 conscientia,
364 1667 407 1702 et
429 1656 607 1703 fortasse
626 1658 843 1702 maculosa
868 1658 937 1712 sit,
958 1658 1182 1718 quomodo
1199 1658 1361 1718 poterit
1384 1674 1452 1702 ac·

38 1720 256 1789 'cipientis
280 1728 458 1774 abluere
480 1730 807 1784 conscientiam,
838 1730 887 1784 si,
926 1728 1299 1789 quemadmodum
1330 1729 1451 1784 dicit,

59 1800 322 1846 conscientia
343 1800 485 1845 dantis
516 1800 773 1856 attenditur,
793 1816 893 1861 quae
922 1800 1071 1845 abluat
1099 1800 1348 1860 accipientis
1370 1802 1388 1842 ⁶?
1411 1800 1455 1845 Si

60 1871 178 1916 enim
196 1871 353 1916 dixerit
373 1871 429 1915 ad
457 1872 738 1931 accipientem
757 1886 846 1916 non
868 1871 1084 1931 pertinere
1108 1872 1328 1932 quidquid
1352 1871 1455 1915 mali

61 1939 237 1986 latuerit
266 1942 311 1985 in
339 1941 602 1986 conscientia
627 1942 786 1996 dantis,
811 1940 865 1985 ad
884 1942 967 1986 hoc
989 1940 1151 1986 valebit
1173 1942 1354 1986 fortasse
1383 1941 1458 1985 illa

61 2011 329 2070 ignorantia,
356 2020 406 2055 ut
426 2011 482 2055 de
508 2011 771 2056 conscientia
799 2011 1078 2069 baptizatoris
1106 2011 1172 2054 sui
1200 2026 1289 2055 non
1323 2010 1457 2069 possit

63 2082 259 2126 nesciens
294 2081 519 2125 maculari.
546 2080 741 2126 Sufficiat
770 2095 887 2138 ergo,
923 2089 972 2124 ut
1012 2079 1186 2124 alterius
1214 2080 1450 2135 maculosa,

64 2167 164 2196 cum
201 2154 425 2211 ignoratur
447 2187 457 2204 ‚
503 2166 592 2196 non
626 2150 816 2195 maculet
842 2171 853 2195 :
897 2150 1116 2210 numquid
1147 2159 1296 2195 autem
1326 2152 1458 2195 etiam

64 2221 242 2266 abluere
261 2224 426 2281 potest?
442 2220 566 2266 Unde
584 2222 715 2280 igitur
733 2219 979 2264 abluendus
1001 2229 1064 2264 est
1087 2221 1162 2280 qui
1181 2221 1339 2280 accipit
1352 2222 1457 2279 bap-

65 2292 257 2347 tismum,
277 2307 379 2336 cum
396 2291 538 2336 dantis
555 2290 721 2351 polluta
739 2290 1004 2334 conscientia
1027 2299 1107 2345 est,
1125 2299 1167 2333 et
1180 2291 1265 2334 hoc
1286 2289 1358 2334 ille
1380 2291 1456 2349 qui

66 2372 130 2407 est
151 2371 407 2421 accepturus
431 2362 603 2420 ignorat
631 2363 648 2402 ’.Ρ
678 2360 915 2419 praesertim
946 2375 1046 2404 cum
1070 2359 1203 2404 addat
1225 2370 1267 2404 et
1300 2359 1416 2404 dicat
1444 2379 1453 2405 :

66 2434 174 2477 Nam
198 2432 273 2492 qui
306 2431 436 2475 tidem
458 2447 482 2476 a
504 2431 670 2491 perfido
691 2431 945 2491 sumpserit,
979 2447 1069 2476 non
1091 2430 1222 2474 fidem
1243 2432 1451 2490 percipit,

67 2502 144 2548 sed
166 2503 364 2547 reatum?
384 2520 403 2542 »

118 2595 125 2612 ¹
152 2589 255 2622 Forte
271 2587 475 2630 respondere.
496 2604 536 2611 —-
551 2593 562 2609 ²
583 2587 661 2620 Vide
677 2597 783 2629 supra,
803 2585 855 2618 lib.
879 2597 900 2626 i,
924 2596 994 2628 cap·
1021 2597 1047 2618 ι-

260 2651 445 2683 CXXXIX.
1197 2643 1239 2680 11
