1825 3264
340 237 423 277 454
769 247 804 274 s.
840 244 1072 273 Acaunum
1102 245 1282 273 tracon

342 315 401 359 sic
429 312 517 356 dixi
538 331 549 369 3
578 329 599 352 «
618 309 811 370 Objicitis
832 308 1110 354 traditionem
1127 343 1139 363 ‚
1162 309 1274 354 hanc
1298 309 1436 369 ipsam
1457 309 1597 356 multo
1616 326 1720 371 pro·

342 383 532 427 ,habilius
552 396 631 426 nos
652 380 772 425 vobis
794 380 1035 441 objicimus.
1064 397 1086 421 ν)
1110 389 1320 440 tanquam
1346 380 1550 436 dicerem,
1574 402 1595 424 u
1618 397 1722 442 pro-

338 452 564 509 habiliter,
592 469 613 493 »
637 453 980 510 comparativum
1003 465 1082 509 pro
1102 450 1288 510 positivo
1304 465 1484 510 ponens,
1508 466 1597 496 non
1617 453 1722 512 quia

339 538 414 568 vos
451 520 752 582 probabiliter,
788 520 865 565 sed
906 521 1042 579 magis
1075 520 1178 580 quia
1208 520 1585 580 improbabiliter:
1609 522 1722 568 sicut

337 593 411 637 ille
426 591 620 646 meliora,
636 606 725 635 non
739 591 840 650 quia
854 590 926 635 illa
945 600 1066 634 erant
1081 590 1214 643 bona,
1230 590 1305 634 sed
1321 590 1456 650 magis
1469 591 1570 651 quia
1585 591 1719 637 mala:

336 672 386 707 tu
411 677 546 722 quare
581 670 670 705 tam
707 670 870 704 temere
897 659 1121 704 concludis
1148 675 1199 704 ex
1222 660 1305 705 hoc
1333 661 1610 706 confirmasse
1631 676 1722 718 me,

339 749 413 779 vos
429 731 728 792 probabiliter,
749 733 850 791 quia
865 731 953 776 dixi
976 746 1053 776 nos
1076 730 1371 790 probabilius?

394 805 660 847 LXXXVII.
697 805 958 862 Quanquam
979 816 1059 845 nec
1086 801 1327 846 secundum
1351 801 1651 860 grammaticos
1678 802 1725 846 in

338 875 472 919 verbo
491 889 561 917 me
584 888 744 917 errasse
761 872 1113 931 reprehenderes,
1139 873 1173 916 si
1195 871 1347 916 saltem
1361 873 1595 916 verborum
1613 872 1725 932 ipso-

339 959 437 988 rum
466 953 662 987 auctores
695 943 765 987 vel
791 951 954 986 attente
985 942 1142 999 legere,
1176 942 1246 986 vel
1268 941 1516 986 memoriter
1537 941 1726 986 recolere

338 1015 558 1059 voluisses
589 1013 779 1056 Pueriles
806 1013 921 1056 enim
947 1012 1114 1056 habent
1135 1010 1307 1067 litterae,
1333 1011 1409 1056 sed
1430 1027 1519 1056 non
1543 1028 1567 1057 a
1589 1027 1726 1105 puero

334 1085 536 1143 imperito
559 1082 761 1127 dictum:

561 1212 599 1244 Di
616 1210 747 1243 meliora
769 1210 841 1253 piis,
862 1220 1070 1253 erroremque
1087 1209 1231 1242 hostibus
1247 1209 1336 1242 illum
1350 1222 1356 1241 :

562 1267 711 1299 Discissos
730 1266 821 1298 nudis
837 1265 1000 1299 laniabant
1017 1265 1167 1298 dentibus
1185 1269 1271 1297 artus
1288 1272 1312 1295 ¹.

371 1369 373 1371 ’
400 1371 631 1426 Quomodo
650 1387 752 1430 ergo
768 1370 967 1415 meliora
981 1371 1092 1430 piis,
1110 1371 1230 1430 quasi
1253 1371 1367 1414 bona
1389 1378 1530 1414 essent
1550 1369 1657 1425 istis,
1678 1385 1726 1415 ac

342 1460 433 1489 non
459 1445 602 1502 potius
625 1458 781 1501 magna
801 1443 931 1497 mala,
957 1443 1033 1502 qui
1055 1440 1276 1486 discissos
1307 1439 1445 1485 nudis
1473 1439 1731 1485 laniabant

344 1513 564 1558 dentibus
606 1510 775 1557 artus?
817 1515 912 1557 Jam
953 1512 1072 1557 vides
1104 1522 1248 1566 certe,
1279 1512 1379 1572 quia
1408 1511 1518 1555 sicut
1544 1512 1623 1555 iste
1650 1512 1731 1571 piis

345 1586 489 1644 potuit
515 1593 665 1643 optare
685 1583 864 1627 meliora
879 1618 889 1638 ,
915 1583 1111 1642 quamvis
1134 1582 1205 1626 illa
1227 1583 1271 1625 in
1293 1596 1481 1642 quorum
1503 1596 1732 1640 compara-

346 1655 465 1699 tione
496 1654 691 1712 optabat,
723 1669 813 1697 non
842 1662 984 1709 essent
1005 1655 1120 1697 bona
1148 1671 1156 1697 ε
1180 1653 1239 1697 sic
1261 1661 1304 1696 et
1325 1667 1405 1711 ego
1426 1653 1548 1711 potui
1570 1652 1730 1708 dicere,

291 1723 295 1727 ’
351 1743 369 1764 «
388 1723 682 1767 Traditionem
699 1722 969 1781 probabilius
986 1722 1108 1767 vobis
1125 1722 1370 1781 objicimus,
1391 1740 1411 1763 η
1429 1723 1625 1782 quamvis
1639 1737 1735 1766 eam

349 1808 422 1838 vos
449 1794 575 1837 nobis
607 1807 696 1836 non
724 1792 1008 1851 probabiliter
1036 1791 1294 1852 objiceretis.
1321 1794 1378 1835 Ut
1408 1792 1606 1836 omittam
1631 1792 1735 1852 quia

349 1873 393 1908 et
404 1861 629 1922 probabile
644 1862 821 1922 quando
834 1861 1010 1918 dicitur,
1029 1877 1119 1907 non
1136 1870 1453 1922 consequenter
1472 1870 1536 1907 est
1555 1877 1733 1919 verum,

349 1948 451 1979 cum
476 1948 525 1977 ea
547 1934 755 1977 dicuntur
771 1947 871 1993 quae
893 1933 985 1977 fieri
1006 1941 1187 1992 possunt
1208 1946 1257 1976 ac
1277 1931 1433 1986 solent,
1455 1939 1500 1976 et
1522 1931 1621 1977 ideo
1641 1943 1738 1992 pro-

354 2004 530 2058 bantur,
554 2004 638 2048 hoc
658 2012 737 2058 est,
758 2003 1054 2062 approbantur
1075 2012 1118 2047 et
1139 2001 1394 2056 creduntur,
1420 2002 1548 2046 etiam
1570 2002 1604 2046 si
1625 2000 1740 2046 facta

353 2089 441 2118 non
463 2075 547 2117 sint
567 2091 575 2117 :
601 2072 720 2132 quod
739 2082 885 2117 autem
902 2087 1054 2117 verum
1072 2082 1135 2117 est
1155 2107 1168 2127 ,
1191 2087 1292 2117 cum
1312 2071 1571 2127 ostenditur,
1596 2086 1742 2116 neces-

353 2144 464 2188 sario
485 2142 712 2202 probabile
741 2151 827 2197 est,
863 2151 906 2189 et
927 2143 1003 2188 illo
1024 2144 1176 2203 utique
1197 2141 1480 2202 probabilius.
1506 2142 1666 2187 Recole
1687 2142 1742 2186 li-

354 2214 456 2257 bros
480 2213 557 2256 ubi
578 2213 710 2256 verba
739 2211 926 2257 didicisti
952 2232 960 2257 z
986 2228 1118 2273 quam
1146 2221 1189 2256 te
1222 2227 1313 2256 non
1340 2211 1503 2266 fallam,
1544 2211 1742 2272 profecto

355 2282 556 2342 reperies.
583 2281 709 2327 Unde
731 2283 898 2327 etiamsi
924 2292 1087 2327 vestros
1107 2280 1394 2342 probabiliter
1420 2282 1577 2326 nostris
1604 2280 1742 2327 tradi-

355 2354 519 2398 tionem
538 2353 744 2412 objecisse
764 2351 1074 2411 concederem3
1097 2368 1188 2397 non
1209 2352 1310 2398 ideo
1330 2366 1482 2397 verum
1503 2352 1709 2412 objecisse
1727 2386 1739 2408 ‚

357 2423 665 2468 contenderem
686 2459 696 2479 ,
737 2433 780 2469 et
817 2433 934 2469 recte
972 2439 1051 2469 nos
1089 2424 1279 2469 dicerem
1320 2423 1589 2483 probabilius
1627 2423 1742 2467 hanc

359 2494 548 2552 objicere
574 2512 582 2539 ε
607 2493 965 2555 quandoquidem
987 2510 1010 2539 a
1033 2494 1154 2541 vohis
1177 2494 1391 2541 nominari
1413 2502 1585 2540 tantum
1605 2492 1741 2539 tradi-

411 2595 415 2609 1
440 2588 545 2627 Vir-gil.
567 2589 712 2630 Georgic.
734 2589 789 2622 lib.
811 2600 859 2629 ιιι,
881 2600 952 2622 vers
971 2588 1048 2630 513,
1069 2589 1145 2630 514·
