1825 3264
246 338 408 369 com-M
441 341 704 370 cnssscommr
738 337 1025 382 nom'ursrmt,
1064 344 1142 371 Lm.
1181 346 1238 371 iv.
1354 331 1437 372 469

59 407 189 453 vultis
204 406 472 467 judicemuS,
498 407 579 451 nisi
599 416 748 452 contra
769 406 858 452 duo
879 409 1060 453 concilia
1081 409 1240 469 quibus
1257 409 1438 455 damna-

57 486 127 522 tus
148 486 211 522 est
235 478 499 532 Primianus,
523 493 660 522 unum
675 478 908 537 Bagaiense
928 479 1139 538 posterius
1161 495 1240 539 pro
1262 480 1336 526 illo
1361 496 1438 526 va-

56 547 146 592 lere
172 547 331 592 debere
359 563 448 608 quo
473 547 701 593 damnatus
729 558 792 593 est
825 550 1124 606 Maximianus,
1151 566 1202 596 eo
1235 551 1440 598 videlicet

57 617 221 661 firmius
237 618 282 662 id
300 633 388 662 esse
407 618 684 673 arbitrantes,
706 634 795 678 quo
813 620 1023 678 posterius
1043 621 1186 679 potuit
1208 621 1263 664 de
1281 622 1438 679 priori-

56 688 137 731 bus
153 686 350 747 judicare
368 689 386 730 ‘3
407 691 519 732 Ecce
550 688 595 732 in
617 689 699 733 hoc
722 689 917 733 favemus
939 690 1062 734 vobis
1089 710 1098 735 :
1123 690 1203 734 alia
1229 691 1353 735 nobis
1375 700 1440 736 est

55 771 155 800 cum
181 758 591 802 Maximianensibus
619 774 745 803 causa
762 794 773 813 ,
806 759 840 802 si
863 760 954 803 ausi
982 760 1146 804 fuerint
1168 775 1435 804 succensere.

53 828 266 870 Favemus
283 861 294 881 ,
321 827 498 886 inquam
515 861 526 882 ,
545 827 711 886 judicio
739 829 867 873 tertio
890 829 1111 886 Bagaiensi
1132 830 1252 888 quod
1271 829 1437 873 lactum

54 905 117 940 est
144 911 223 955 pro
254 897 471 941 Primiano
505 907 656 942 contra
688 898 999 943 Maximianum
1029 900 1208 958 ejusque
1235 898 1436 956 collegas,

54 982 143 1026 quo
167 968 401 1026 posteriore
418 977 658 1027 potuerunt
675 969 828 1013 merito
847 969 989 1027 priora
1007 967 1154 1012 deleri.
1176 971 1439 1028 Quanquam

51 1053 75 1081 a
93 1036 266 1081 duobus
301 1038 517 1096 prioribus
537 1037 711 1098 judiciis
736 1038 791 1082 ad
824 1039 1003 1082 tertium
1032 1037 1198 1082 nullam
1232 1039 1438 1082 Primiani

51 1122 201 1152 vocem
225 1109 540 1167 provocationis
560 1109 626 1152 vel
646 1108 856 1168 legimus,
879 1109 949 1153 vel
971 1107 1188 1162 audimus,
1213 1109 1293 1152 nisi
1317 1107 1438 1169 quod

51 1177 204 1222 absens
231 1178 371 1236 primo
401 1178 723 1237 praedamnatus
741 1215 751 1234 ,
784 1179 1062 1239 secundoque
1091 1178 1321 1223 damnatus
1354 1188 1431 1223 est.

53 1248 135 1293 Sed
159 1249 287 1292 etiam
310 1249 354 1292 in
378 1250 688 1293 Maximianum
712 1259 756 1293 et
778 1251 914 1294 socios
933 1251 1024 1309 ejus
1046 1250 1244 1293 absentes
1269 1250 1436 1308 prolata

50 1327 112 1362 est
139 1318 414 1363 disertissima
443 1319 514 1362 illa
536 1322 776 1379 Baga'i'tana
798 1321 1026 1364 sententia.
1053 1323 1108 1364 Et
1134 1320 1216 1364 hoc
1239 1319 1301 1363 illi
1323 1335 1434 1378 qua-

49 1388 247 1448 draginta
267 1399 309 1434 et
327 1399 411 1434 tres
431 1390 547 1449 apud
566 1392 875 1450 Carthaginem
894 1390 1146 1445 modestius,
1166 1391 1350 1444 cautius,
1367 1390 1436 1434 di-

48 1459 338 1520 ligentiusque
370 1476 415 1505 se
448 1462 621 1520 gessisse
655 1462 798 1505 testati
833 1470 933 1505 sunt
955 1496 965 1515 ,
999 1461 1120 1520 quod
1146 1459 1200 1504 ad
1228 1460 1434 1504 eumdem

51 1529 314 1573 Primianum
344 1545 434 1574 non
456 1531 604 1584 semel,
629 1530 704 1574 sed
730 1532 885 1574 iterum
908 1546 957 1574 ac
980 1531 1106 1574 tertio
1126 1530 1287 1586 legatos
1311 1529 1433 1572 mise-

49 1607 151 1642 runt
171 1633 181 1653 ,
210 1609 260 1643 ut
286 1599 321 1643 si
355 1600 410 1643 ad
436 1615 508 1644 eos
536 1600 625 1658 ipse
651 1600 797 1644 venire
823 1599 982 1655 nollet,
1008 1600 1122 1658 ipsos
1144 1597 1198 1642 ad
1220 1613 1263 1642 se
1285 1599 1432 1642 venire

47 1669 317 1728 permitteret
342 1689 349 1714 ;
375 1685 464 1730 quo
486 1679 723 1729 utrumque
740 1679 966 1715 recusante
981 1704 992 1724 ,
1020 1670 1130 1714 sicut
1146 1669 1365 1722 scribunt,
1388 1678 1432 1712 et

47 1754 118 1784 eos
133 1740 208 1799 qui
223 1740 336 1784 missi
349 1749 464 1795 sunt,
484 1741 687 1799 injuriosa
704 1739 950 1799 repulsione
963 1747 1191 1792 tractante,
1206 1737 1433 1782 necessita-

47 1817 133 1852 tem
152 1809 232 1853 sibi
249 1809 498 1853 incubuisse
511 1818 726 1863 asserunt,
741 1810 887 1868 utjam
905 1807 1109 1852 Ecclesiae
1126 1806 1401 1864 providerent
1419 1823 1428 1850 ε

47 1887 90 1922 et
115 1879 174 1922 sic
202 1878 400 1922 nondum
432 1879 640 1922 audentes
664 1877 869 1921 ultimum
900 1877 1166 1935 praecipitare
1194 1875 1422 1934 judicium¹

47 1947 121 1992 sed
144 1949 336 2006 quodam
359 1947 611 2007 praejudicio
639 1946 912 1991 consulentes
930 1980 941 2000 ,
969 1954 1019 1989 ut
1045 1946 1099 1999 ei,
1124 1946 1158 1988 si
1180 1959 1320 1988 causae
1342 1957 1432 1986 suae

47 2017 215 2071 fideret,
247 2018 444 2076 sequenti
474 2016 699 2061 celebriori
721 2016 906 2061 concilio
938 2013 1228 2074 respondendi
1252 2027 1432 2072 seseque

46 2087 263 2147 purgandi
290 2086 607 2147 relinqueretur
631 2090 749 2131 locus
773 2106 780 2130 :
801 2101 890 2146 quo
911 2100 1012 2129 cum
1036 2085 1182 2128 venire
1205 2083 1428 2137 noluisset,

42 2158 132 2216 jam
156 2158 393 2201 necessario
415 2165 675 2215 putaverunt
692 2171 779 2200 esse
801 2154 1097 2199 damnandum
1121 2154 1211 2196 sine
1228 2152 1314 2196 ulla
1339 2166 1433 2196 sus-

48 2226 252 2285 pensione
269 2226 508 2270 sententiae.
531 2229 587 2270 At
605 2240 707 2269 vero
725 2227 769 2268 in
784 2225 958 2268 decreto
979 2223 1220 2281 Bagaiensis
1242 2220 1430 2274 concilii,

0 2309 1 2339 ἦ
50 2311 137 2339 non
158 2295 298 2340 solum
322 2295 484 2354 legatos
507 2294 618 2338 ullos
640 2310 662 2338 a
687 2293 947 2338 Maximiano
980 2292 1090 2336 male
1116 2300 1316 2335 tractatos
1346 2304 1435 2333 non

48 2364 233 2423 legimus
248 2399 259 2419 ,
282 2364 357 2408 sed
382 2379 461 2408 nec
484 2365 632 2408 missos
652 2364 834 2421 legimus
860 2372 908 2406 ut
930 2362 1097 2405 veniret
1120 2380 1127 2404 :
1153 2360 1351 2403 videmus
1372 2368 1435 2402 ta-

50 2449 150 2478 men
167 2434 357 2477 levatum
375 2433 507 2477 altare
519 2434 670 2476 eontra
685 2433 835 2485 altare,
857 2441 899 2474 ct
916 2429 1165 2475 ordinatum
1184 2429 1435 2487 episcopum

51 2513 202 2548 contra
220 2518 321 2546 eum
341 2503 591 2562 episcopum
614 2502 688 2560 qui
712 2502 756 2544 in
777 2499 983 2545 cathedra
1007 2498 1080 2542 ubi
1100 2498 1242 2541 luerat
1262 2497 1438 2541 ordina-

51 2582 136 2628 tuS,
163 2573 221 2617 ita
243 2572 437 2626 sedebat,
459 2580 506 2615 ut
529 2579 750 2615 conventu
771 2569 835 2613 sui
863 2567 1012 2628 populi
1038 2582 1126 2611 non
1149 2566 1434 2620 desereretur,

54 2657 133 2687 nec
155 2658 178 2687 a
197 2643 360 2687 caeteris
378 2641 577 2699 pluribus
599 2639 807 2698 episcopis
829 2637 1080 2684 communio
1107 2637 1197 2694 ejus
1216 2635 1437 2680 dirimere-
