1825 3264
484 271 537 297 nn
572 270 757 298 υΝιΤΛΤΕ
791 271 1003 300 zchEsiAE.
1352 263 1432 301 257

0 351 2 398 [
57 337 292 396 periantur.
312 334 437 378 Unde
455 334 568 378 enim
589 335 730 394 ipsum
753 349 899 379 semen
918 336 1106 380 Abrahae
1124 339 1155 390 ¹,
1176 338 1286 381 sicut
1304 336 1440 382 stellae

55 406 156 452 coeli
178 415 221 450 et
240 406 351 450 sicut
367 420 496 450 arena
514 406 640 449 maris
663 406 930 465 promittitur
953 408 984 461 ²,
1011 408 1089 451 nisi
1115 416 1291 467 propter
1311 408 1440 453 innu-

54 491 217 521 meram
243 475 571 521 multitudinem
595 477 740 521 PCum
761 476 876 521 dicat
898 477 1130 536 Apostolus
1151 477 1249 522 ideo
1274 479 1440 523 dictum

1 601 3 607 Ι
55 562 144 592 esse
163 565 172 591 ι
191 566 210 587 «
238 549 288 590 In
308 549 426 591 Isaac
437 546 666 591 vocabitur
679 546 756 590 tibi
772 562 935 601 semen,
954 549 1055 606 quia
1079 564 1167 592 non
1185 548 1261 592 filii
1279 551 1435 604 carnis,

1 613 3 618 ’
60 638 78 661 »
112 617 188 663 sed
210 617 287 662 filii
310 618 601 677 promissionis
633 617 902 678 deputantur
925 619 967 662 in
985 634 1130 664 semen
1147 621 1198 664 ³?
1222 639 1241 662 »
1275 622 1398 665 [inde
1428 642 1436 666 :

1 704 7 751 [¹
59 708 79 731 «
113 688 242 734 Multi
258 688 334 732 filii
348 688 528 733 desertae
543 690 689 747 magis,
706 705 837 749 quam
851 692 943 750 ejus
956 706 1056 750 quae
1072 691 1204 735 habet
1222 693 1359 737 virum
1379 695 1439 737 4P»

5 757 7 766 '
57 758 181 804 Unde
199 778 208 803 :
229 777 249 801 «
271 759 399 803 Multi
418 759 472 803 ab
490 760 666 804 Oriente
683 769 726 804 et
740 761 976 805 Occidente
997 761 1188 814 venient,
1205 772 1248 806 et
1272 779 1444 808 recum·-

3 823 9 858 '.
60 848 80 872 »
114 830 220 875 bent
236 845 335 874 cum
358 830 574 874 Abraham
591 840 633 874 et
653 833 770 875 Isaac
787 840 829 875 et
843 833 979 876 Jacob
1001 833 1046 876 in
1065 849 1199 892 regno
1212 834 1442 893 coelorum,

60 919 80 943 n
114 901 188 945 filii
213 911 358 946 autem
382 902 502 960 regni
519 901 647 945 ibunt
663 903 705 945 in
725 904 922 947 tenebras
941 905 1170 949 exteriores
1193 907 1206 931 ⁵
1230 925 1238 950 :
1266 908 1348 951 hoc
1361 917 1440 963 est,

7 983 13 1026 j
57 972 178 1032 impii
199 973 341 1017 Judaei
361 975 378 1015 '?
402 973 526 1018 Unde
558 973 664 1017 dicit
684 974 914 1033 Apostolus
941 995 949 1020 :
985 994 1004 1017 «
1029 978 1084 1020 Ut
1106 977 1338 1023 mundaret
1370 995 1448 1024 nos

61 1060 82 1085 »
113 1043 195 1086 sibi
212 1043 426 1102 populum
449 1043 763 1097 abundantem,
791 1045 1088 1090 aemulatorem
1109 1046 1325 1092 bonorum
1344 1064 1449 1108 ope-

63 1134 81 1156 »
118 1129 213 1157 rum
251 1115 266 1139 ὓ
296 1116 313 1157 Ξ)
342 1114 464 1158 Unde
500 1115 782 1173 Apocalypsis
827 1115 959 1160 millia
993 1117 1178 1161 millium
1217 1119 1324 1163 dicit
1358 1135 1449 1164 esse

15 1216 17 1222 -
59 1193 308 1230 sanctorum
331 1184 534 1229 Ecclesiae
555 1185 745 1229 filiorum
770 1188 783 1210 ⁷
809 1187 951 1230 ?Ecce
973 1187 1053 1246 ipsi
1077 1188 1285 1233 dicuntur
1303 1189 1446 1246 multi,

10 1264 17 1276 ’
59 1256 134 1315 qui
153 1255 361 1299 dicuntur
383 1264 425 1299 et
446 1256 589 1314 pauci.
612 1258 769 1310 Quare,
796 1256 874 1299 nisi
899 1255 1022 1300 multi
1046 1273 1122 1316 per
1139 1273 1182 1302 se
1203 1259 1316 1318 ipsos
1340 1276 1449 1306 con-

13 1379 14 1383 ¹
59 1325 247 1380 siderati,
264 1327 391 1385 pauci
414 1336 557 1370 autem
575 1327 620 1369 in
635 1328 959 1385 comparatione
982 1328 1232 1388 iniquorum
1254 1332 1272 1373 P

13 1394 17 1402 ”
120 1399 350 1441 XXXVII.
363 1415 381 1437 (ι
405 1399 463 1440 De
477 1396 618 1450 nobis,
633 1395 864 1455 inquiunt,
879 1396 1047 1441 dictum
1063 1407 1125 1442 est
1142 1401 1307 1442 :Erunt
1324 1401 1452 1459 primi

20 1499 22 1506 i
61 1466 136 1526 qui
149 1476 272 1511 erant
287 1466 524 1512 novissimi.
537 1466 605 1510 Ad
619 1466 809 1510 Africam
825 1466 937 1510 enim
954 1467 1238 1525 Evangelium
1254 1479 1446 1527 postmo-

62 1535 169 1581 dum
193 1552 405 1597 nusquam
432 1538 551 1580 venit
580 1553 588 1576 :
623 1545 665 1580 et
683 1536 781 1580 ideo
802 1538 1019 1595 'nusquam
1043 1537 1305 1582 Litterarum
1329 1556 1455 1599 apos—

61 1607 290 1651 tolicarum
311 1607 518 1666 scriptum
534 1605 793 1650 estAsricam
812 1606 1058 1650 credidisse.
1082 1610 1144 1651 De
1158 1609 1455 1655 Orientalibus

22 1683 31 1691 '¹
60 1686 206 1722 autem
235 1687 278 1721 et
301 1678 466 1722 caeteris
490 1677 689 1736 gentibus
705 1712 715 1731 ,
740 1677 899 1736 quaein
922 1678 1078 1722 sanctis
1101 1679 1241 1724 Libris
1258 1695 1454 1725 comme-

29 1772 32 1783 =
61 1747 428 1792 moranturfidem
440 1748 648 1805 recepisse
670 1747 962 1801 christianam,
977 1748 1142 1792 dictum
1167 1758 1252 1806 est,
1275 1769 1294 1792 «
1314 1754 1456 1797 Erunt

0 1806 2 1812 ’
28 1795 35 1895 l
64 1835 85 1861 i>
101 1819 320 1863 novissimi
343 1819 418 1878 qui
442 1827 565 1862 erant
586 1817 729 1876 primi,
752 1818 852 1876 quia
878 1819 1084 1862 recessuri
1106 1829 1230 1863 erant
1251 1835 1273 1863 a
1292 1821 1450 1866 fideS.»

0 1867 4 1894 i
30 1898 38 1973 i
61 1889 216 1934 Nonne
235 1889 314 1932 ista
332 1897 395 1932 est
418 1887 722 1932 haereticorum
744 1887 937 1931 cavenda
960 1887 1186 1943 calliditas,
1213 1890 1452 1936 volentium

0 1938 8 2035 i
33 1977 39 2024 3
62 1969 314 2004 convertere
331 1959 463 2003 verba
489 1959 565 2002 Dei
598 1974 620 2002 a
643 1958 822 2002 veritate
845 1968 1021 2017 propter
1038 1975 1172 2018 quam
1191 1961 1307 2004 dicta
1333 1972 1450 2017 sunt,

0 2032 8 2085 ζ
35 2025 39 2048 ³
63 2029 116 2074 ad
140 2029 464 2088 perversitatem
486 2029 630 2087 inqua
652 2028 731 2087 ipsi
753 2031 889 2072 sunt?
912 2031 1001 2073 Cur
1023 2029 1140 2073 enim
1164 2030 1245 2074 hoc
1270 2047 1357 2075 non
1373 2048 1453 2091 po—

2 2086 9 2106 i
39 2134 43 2140 .
62 2100 147 2145 tius
179 2099 234 2143 de
261 2098 424 2143 Judaeis
445 2097 743 2155 intelligimuS,
764 2098 838 2156 qui
864 2098 1085 2142 novissimi
1106 2098 1209 2144 facti
1232 2111 1334 2145 sunt
1355 2117 1455 2147 cum

0 2168 10 2187 ⁴
64 2167 244 2214 fuissent
261 2169 411 2229 primi3
429 2177 471 2212 et
485 2171 540 2212 de
555 2167 797 2211 christianis
813 2184 863 2211 ex
876 2169 1080 2227 gentibus
1092 2204 1102 2223 ,
1116 2170 1190 2229 qui
1208 2172 1336 2229 primi
1351 2172 1453 2217 facti

0 2229 12 2250 Γ
65 2248 165 2285 sunt
187 2255 287 2285 cum
311 2239 491 2283 fuissent
510 2238 729 2283 novissimi
750 2240 767 2281 Ρ
787 2240 927 2291 Quem
962 2238 1233 2284 intellectum
1257 2243 1289 2285 si
1309 2242 1458 2302 aliquo

66 2312 245 2356 certiore
266 2310 531 2355 documento
550 2309 732 2368 probare
756 2324 844 2353 non
863 2324 1053 2369 possem,
1081 2312 1280 2355 sufficere
1300 2314 1454 2358 debuit

67 2378 177 2426 hene
204 2379 416 2440 judicanti
451 2380 663 2433 auditori,
700 2379 819 2438 quod
850 2380 1086 2423 invenerim
1117 2382 1279 2424 exitum
1313 2383 1358 2425 in
1390 2383 1454 2428 his

67 2452 225 2506 verbis,
248 2451 365 2495 unde
387 2451 488 2494 istos
502 2459 707 2509 appareat
733 2448 842 2492 nihil
861 2465 939 2508 pro
961 2465 1005 2493 se
1027 2449 1220 2494 attulisse
1245 2460 1450 2512 tanquam

0 2349 49 2407 il

2 2436 9 2458 ἱ

119 2560 127 2577 ¹
154 2556 233 2588 Gen.
263 2565 319 2594 xv,
352 2552 382 2585 5.
400 2569 441 2575 -
457 2559 469 2575 ²
489 2552 534 2584 Id.
562 2562 622 2584 xxii
640 2577 648 2593 ‚
676 2561 725 2592 ¹7-
742 2567 783 2573 —
802 2549 816 2573 3
847 2553 936 2583 Rom.
958 2561 1004 2592 ix,
1032 2562 1062 2592 7.
1085 2569 1124 2575 —
1144 2552 1158 2581 4
1185 2555 1259 2585 Isai.
1280 2565 1343 2596 mv,
1365 2567 1393 2588 1.
1414 2573 1456 2579 -—

71 2605 88 2633 ⁸
107 2610 227 2644 Matth.
245 2621 315 2649 vin,
334 2621 383 2641 11.
405 2606 473 2632 -G
491 2609 553 2642 Tit.
572 2619 612 2646 u,
635 2606 687 2650 14.
701 2615 767 2641 —7
786 2609 889 2650 Apoc.
915 2618 946 2650 ν,
975 2618 1080 2641 11.—
1095 2607 1110 2631 ⁸
1129 2609 1243 2643 Matth.
1264 2621 1317 2653 xx,
1339 2612 1454 2646 16-18.

258 2675 447 2708 cxxxix.
1219 2666 1267 2706 17
