1825 3264
345 256 430 297 384
780 268 814 297 s.
849 269 1080 299 aueus'rrm
1112 271 1292 299 Emscom

344 334 560 377 diversum
587 333 798 388 sensisset,
822 334 1043 396 quomodo
1064 344 1206 395 posset
1233 337 1288 379 ab
1309 336 1402 396 ejus
1427 351 1501 379 ore
1529 337 1726 380 damnari

344 404 413 448 vel
435 406 820 461 excommunicari,
847 422 945 451 cum
972 407 1164 467 ejusdem
1189 405 1359 451 concilii
1382 422 1461 466 pro
1487 423 1532 451 se
1561 407 1726 466 princi-

341 475 462 534 pium
482 475 706 519 recitaret?
723 477 829 529 Quis
851 492 953 536 ergo
975 478 1029 521 de
1051 477 1272 536 Cypriano
1302 476 1570 522 tolerabilius
1597 477 1727 521 sentit

342 555 490 590 utrum
534 563 634 600 nos,
669 548 743 607 qui
777 564 875 592 eum
910 548 1092 593 dicimus
1122 549 1167 593 in
1202 549 1387 593 obscura
1421 549 1476 593 de
1510 549 1726 607 baptismo

342 618 581 678 quaestione
605 618 822 663 hominem
847 619 938 663 falli
970 621 1178 678 potuisse3
1205 637 1256 665 an
1280 636 1378 675 vos,
1400 621 1475 681 qui
1499 635 1598 664 eum
1616 619 1726 664 dici-

343 689 396 732 tis
413 689 457 731 in
478 689 767 747 promittenda
787 691 1017 734 christiana
1035 692 1346 736 communione
1373 692 1623 751 episcopum
1645 689 1727 734 sal-

341 757 429 802 lere
451 759 649 811 voluisse,
676 775 764 804 non
786 777 921 804 unum
946 761 1133 821 aliquem
1155 763 1336 806 fratrum
1354 798 1365 815 ,
1383 763 1456 807 sed
1482 762 1726 806 universam

342 829 627 889 episcopalem
650 833 895 875 societatem
925 852 934 877 :
960 833 1079 892 quod
1101 834 1132 876 si
1156 843 1199 877 ct
1217 834 1340 878 vobis
1363 834 1417 877 de
1450 833 1524 877 illo
1552 829 1728 877 credere

342 899 464 944 nefas
487 911 549 945 est
567 922 578 959 3
595 902 724 945 vestri
743 904 923 962 majores
946 913 1095 947 contra
1119 905 1208 963 ejus
1230 903 1488 947 sententiam
1509 902 1723 955 fecerunt,

342 970 417 1029 qui
434 986 478 1014 se
495 972 550 1014 ab
574 972 859 1015 Orientalium
893 974 1226 1028 communione,
1260 973 1380 1032 quod
1402 973 1456 1015 de
1476 972 1557 1016 hac
1589 986 1634 1015 re
1661 971 1729 1015 di-

342 1055 461 1084 versa
479 1042 705 1096 senserint,
731 1042 986 1086 diviserunt.

400 1113 481 1155 111.
510 1112 696 1156 Proinde
725 1113 758 1156 si
787 1115 967 1158 omnino
990 1115 1079 1174 jam
1114 1114 1383 1158 eredendum
1412 1114 1479 1169 sit,
1509 1115 1730 1175 quinqua-

342 1181 459 1240 ginta
479 1183 687 1242 episcopis
714 1184 1000 1229 Orientalium
1024 1186 1067 1228 id
1095 1201 1184 1229 esse
1209 1185 1347 1229 visum
1364 1220 1375 1240 ,
1407 1185 1526 1245 quod
1554 1194 1731 1244 septua-

342 1253 460 1311 ginta
489 1253 601 1297 Afris
624 1253 693 1298 vel
720 1254 946 1314 aliquanto
969 1256 1099 1299 etiam
1127 1255 1343 1315 pluribus,
1367 1265 1517 1300 contra
1541 1265 1606 1299 tot
1627 1255 1730 1298 mil-

340 1321 398 1367 lia
415 1325 733 1384 episcoporum,
757 1327 920 1386 quibus
942 1327 1012 1371 hic
1030 1342 1149 1371 error
1171 1328 1216 1370 in
1239 1335 1332 1371 toto
1354 1327 1461 1371 orbe
1484 1325 1727 1385 displicuit,

341 1408 419 1437 cur
437 1409 524 1438 non
543 1396 687 1454 potius
712 1396 840 1440 etiam
870 1397 984 1455 ipsos
1010 1412 1171 1456 paucos
1188 1396 1432 1440 Orientales
1456 1411 1581 1440 suum
1607 1394 1728 1456 judi-

341 1464 455 1508 cium
486 1467 719 1511 correxisse
747 1467 942 1512 dicamus
960 1503 970 1522 ,
1002 1483 1092 1512 non
1113 1476 1161 1511 ut
1184 1477 1232 1511 tu
1261 1467 1451 1528 loqueris
1478 1465 1729 1511 rescidisse?

343 1535 461 1580 Sicut
480 1537 595 1581 enim
617 1537 841 1582 laudabile
863 1547 927 1583 est
949 1554 970 1582 a
989 1554 1089 1582 vera
1107 1539 1320 1582 sententia
1340 1553 1427 1582 non
1456 1537 1637 1591 moveri,
1670 1536 1729 1580 ita

341 1605 558 1665 culpabile
592 1608 818 1667 persistere
858 1609 903 1652 in
943 1608 1048 1653 falsa
1088 1629 1096 1653 2
1132 1624 1263 1669 quam
1317 1624 1544 1669 nunquam
1581 1617 1730 1652 tenere

342 1676 479 1734 prima
497 1677 589 1721 laus
611 1691 690 1733 est,
716 1678 906 1722 secunda
925 1688 1118 1736 mutare;
1141 1688 1191 1722 ut
1208 1688 1283 1722 aut
1303 1694 1355 1723 ex
1375 1679 1498 1723 initio
1517 1693 1615 1722 vera
1637 1692 1729 1737 per·

340 1757 530 1803 maneat,
557 1758 631 1792 aut
653 1758 820 1793 mutata
841 1747 947 1793 falsa
966 1765 1066 1793 vera
1097 1748 1314 1793 succedat.
1350 1752 1502 1808 Neque
1524 1764 1641 1793 nunc
1671 1747 1728 1792 ad
1784 1751 1789 1791 ε’

341 1827 532 1862 nostram
560 1819 750 1877 pertinet
772 1820 1073 1879 quaestionem,
1095 1819 1225 1880 quale
1249 1819 1302 1864 sit
1322 1819 1442 1879 quod
1471 1835 1568 1878 pars
1590 1819 1726 1863 chris-
1784 1808 1787 1863 f

341 1887 447 1930 tiani
469 1888 584 1932 orbis
608 1890 791 1933 maxime
808 1905 908 1933 cum
938 1889 1234 1933 Orientalibus
1258 1890 1403 1934 sensit.
1441 1891 1483 1934 Si
1506 1890 1621 1933 enim
1644 1890 1728 1933 hoc
1783 1895 1787 1922 ἕ

341 1972 509 2013 verum,
533 1960 566 2002 si
589 1960 672 2004 hoc
695 1960 935 2004 tenendum
960 1970 1091 2020 atque
1121 1959 1382 2005 servandum
1411 1970 1496 2017 est,
1534 1960 1653 2020 quod
1677 1959 1731 2003 de

341 2029 559 2087 baptismo
592 2040 790 2075 tenemus
819 2041 950 2091 atque
976 2047 1218 2089 servamus,
1245 2031 1334 2075 duo
1353 2031 1466 2075 mala
1487 2040 1627 2075 vestra
1650 2046 1730 2074 vo-

343 2099 407 2142 bis
430 2099 684 2158 objicimus:
703 2116 840 2145 uuum
866 2102 985 2160 quod
1013 2102 1162 2146 erratis
1180 2103 1224 2145 in
1249 2101 1454 2161 baptismi
1471 2101 1728 2161 quaestione,

342 2169 526 2213 alterum
550 2171 670 2230 quod
682 2187 757 2216 vos
779 2173 833 2215 ab
855 2174 913 2216 eis
936 2172 1082 2232 quide
1100 2173 1180 2217 hac
1201 2188 1246 2216 re
1274 2187 1424 2216 verum
1442 2173 1636 2216 sentiunt
1663 2186 1731 2214 se·

342 2240 514 2299 paratis.
553 2242 593 2285 Si
625 2252 792 2296 autem,
818 2252 868 2286 ut
895 2242 1133 2286 secundum
1163 2258 1239 2286 vos
1262 2243 1442 2302 loquar,
1477 2244 1558 2286 hoc
1593 2250 1656 2285 est
1684 2242 1730 2284 in
1780 2287 1782 2291 ‚
1823 2297 1825 2300 Α

343 2325 391 2354 ea
423 2312 662 2370 quaestione
685 2327 851 2365 verum,
878 2313 997 2372 quod
1013 2313 1090 2371 ipsi
1109 2314 1274 2357 sentitis
1295 2333 1305 2369 3
1328 2313 1404 2357 illo
1422 2322 1538 2357 certe
1552 2312 1732 2356 crimine
1778 2312 1780 2318 '

342 2371 638 2436 maculamini,
675 2383 797 2442 quod
821 2383 875 2426 ab
912 2382 1102 2426 Ecclesia
1132 2383 1381 2438 recessistis,
1404 2391 1581 2442 propter
1609 2382 1732 2441 cujus

345 2467 495 2509 pacem
523 2453 634 2497 sicut
659 2454 903 2513 Cyprianus
937 2462 980 2498 et
1003 2453 1106 2498 fecit
1124 2463 1167 2498 et
1184 2454 1375 2508 monuit,
1403 2454 1532 2499 etiam
1565 2452 1731 2497 diversa

346 2523 577 2568 sentientes
601 2523 712 2568 ferre
730 2525 954 2569 debuistis.

408 2594 480 2634 lV.
515 2596 638 2637 Nunc
661 2594 848 2639 exclama
884 2594 1004 2653 quod
1028 2611 1109 2654 ego
1135 2595 1337 2649 dixerim,
1362 2612 1382 2636 «
1403 2593 1517 2639 Nihil
1540 2594 1652 2637 inter
1673 2591 1726 2634 fi-
