1825 3264
523 278 578 306 m:
610 276 800 307 omna-z
832 278 1047 308 zcctnsm.
1393 268 1478 308 267

91 353 271 407 propter
302 343 506 390 Afrorum
542 343 624 388 sibi
661 343 879 402 incognita
920 345 1100 389 crimina
1132 344 1307 404 periisse
1336 360 1360 389 a
1395 344 1482 390 fide

92 414 269 469 Christi,
294 423 338 459 et
359 415 505 458 denuo
531 412 810 473 baptizandas
835 429 924 458 esse
947 430 970 459 a
992 424 1114 474 parte
1137 417 1314 469 Donati,
1348 424 1480 476 atque

91 485 194 532 inde
206 486 372 531 caeteris
387 484 606 544 gentibus,
622 500 722 546 quae
744 483 942 529 nondum
967 484 1215 541 audierunt,
1236 484 1481 545 praedican-

90 556 197 601 dum
225 555 529 615 Evangelium.
568 557 661 600 Hoc
696 555 820 600 nobis
850 554 996 612 legant
1028 573 1037 599 ι
1074 555 1183 615 quid
1214 558 1482 601 morantur?

89 627 197 688 quid
232 628 572 686 tergiversantur
592 628 610 669 ⁴?
642 626 749 686 quid
771 624 1018 686 impediunt
1038 626 1223 670 salutem
1246 628 1440 685 gentium
1465 628 1484 670 P

30 699 34 702 ’
90 701 257 757 Legant
278 698 378 753 hoc,
403 706 446 742 et
466 713 568 742 cum
590 697 679 757 ipsa
704 696 889 741 lectione
903 711 1038 741 novos
1058 697 1288 755 Apostolos
1306 698 1483 741 mittan-t

89 768 145 814 ad
166 777 231 813 tot
251 777 400 828 gentes
424 767 755 828 rebaptizandas
773 776 815 812 et
840 768 894 812 ad
916 766 1107 812 residuas
1133 768 1428 827 baptizandas.

68 856 72 859 ’
125 855 128 858 ’
147 842 280 885 XLV.
310 839 394 885 Sed
415 840 545 899 plane
565 838 759 894 videant,
779 856 880 884 cum
903 839 959 884 ad
979 839 1253 885 Colossenses
1265 840 1481 894 venerint,

89 911 312 973 quomodo
335 912 395 956 ibi
416 912 485 957 vel
502 912 650 970 legant
672 911 740 956 vel
764 912 947 956 audiant
975 911 1029 956 ad
1049 927 1122 956 eos
1140 910 1379 971 Epistolam
1406 911 1485 956 da-

91 992 179 1028 tam
194 1017 206 1038 ,
227 983 305 1027 ubi
321 982 381 1028 eis
404 983 508 1028 dicit
530 982 762 1042 Apostolus
788 1001 798 1028 ε
827 1001 848 1024 «
872 983 1040 1027 Gratias
1063 983 1231 1042 agimus
1254 985 1344 1027 Deo
1369 983 1485 1026 Patri

92 1072 114 1096 »
136 1054 311 1099 Domini
332 1055 468 1099 nostri
489 1057 592 1099 Jesu
610 1055 788 1108 Christi,
815 1069 986 1113 semper
1006 1069 1085 1113 pro
1109 1055 1234 1098 vobis
1252 1054 1484 1113 deprecan-

94 1143 116 1167 s»
135 1135 215 1180 tes,
233 1124 459 1170 audientes
477 1125 609 1169 fidem
626 1135 811 1170 vestram
833 1126 876 1169 in
900 1125 1072 1170 Christo
1095 1127 1213 1180 Jesu,
1228 1134 1271 1169 et
1288 1124 1487 1169 dilectio-

94 1214 114 1238 »
136 1211 236 1240 nem
253 1211 384 1256 quam
400 1196 569 1240 habetis
593 1197 638 1240 in
661 1212 810 1241 omnes
833 1206 1019 1251 sanctos,
1045 1206 1223 1256 propter
1244 1211 1362 1255 spem
1385 1211 1484 1257 quae

93 1284 113 1308 η
134 1265 318 1325 reposita
340 1275 404 1310 est
425 1266 549 1310 vobis
566 1267 611 1310 in
628 1266 776 1320 coelis,
801 1282 932 1327 quam
958 1275 1058 1310 ante
1081 1267 1259 1310 audistis
1282 1266 1326 1310 in
1349 1267 1484 1312 verbo

91 1336 322 1381 »veritatis
341 1336 579 1394 Evangelii,
605 1337 724 1396 quod
748 1338 943 1396 pervenit
963 1338 1007 1381 in
1029 1352 1127 1392 vos,
1149 1338 1260 1381 sicut
1295 1338 1340 1380 in
1363 1337 1484 1381 omni

91 1425 112 1449 »
132 1406 300 1451 mundo
317 1416 381 1451 est
404 1405 687 1468 fructificans,
713 1417 756 1451 et
772 1422 983 1462 crescens,
1008 1408 1119 1452 sicut
1142 1417 1185 1452 et
1209 1408 1255 1451 in
1278 1407 1404 1452 vobis
1433 1422 1484 1451 ex

90 1495 111 1519 »
130 1494 215 1537 qua
233 1477 303 1522 die
316 1477 494 1521 audistis
512 1486 554 1521 ct
571 1477 832 1536 cognovistis
847 1479 1027 1537 gratiam
1045 1479 1120 1522 Dei
1143 1479 1189 1521 in
1215 1479 1394 1522 veritate
1418 1480 1478 1521 ¹.»

87 1551 192 1594 Haec
215 1549 331 1593 enim
359 1548 491 1592 verba
514 1549 781 1593 conveniunt
802 1565 901 1593 cum
925 1549 1180 1607 Evangelio,
1214 1549 1292 1593 ubi
1315 1548 1483 1593 dictum

88 1629 152 1664 est
172 1639 180 1664 ε
211 1639 229 1662 «
254 1620 401 1665 Simile
425 1629 487 1664 est
510 1635 692 1678 regnum
715 1620 927 1666 coelorum
958 1621 1126 1665 homini
1149 1621 1379 1665 seminanti
1403 1620 1484 1665 bo-

95 1710 113 1732 »
151 1707 256 1735 num
282 1707 428 1735 semen
454 1692 498 1735 in
526 1706 626 1750 agro
648 1707 726 1737 suo
745 1694 776 1736 ².
805 1711 825 1733 »
851 1696 909 1737 Et
930 1701 1078 1752 postea
1117 1693 1347 1752 exponitur
1384 1707 1483 1750 ager

86 1776 177 1806 esse
204 1761 274 1805 hic
296 1761 501 1806 mundus.
527 1763 646 1808 Sicut
668 1764 783 1807 enim
807 1764 906 1819 hoc,
928 1779 978 1807 ex
1003 1779 1093 1824 quo
1117 1764 1376 1822 seminatum
1397 1772 1478 1818 est,

86 1847 277 1877 crescere
298 1832 558 1893 praedictum
581 1843 645 1879 est
667 1850 805 1895 usque
832 1835 886 1878 ad
905 1850 1088 1880 messem
1116 1855 1125 1880 2
1150 1837 1210 1879 ita
1233 1844 1276 1879 et
1294 1838 1482 1895 Aposto-

85 1903 154 1949 lus
169 1903 274 1948 dicit
299 1919 308 1945 :
334 1922 354 1946 «
376 1907 426 1948 In
444 1906 563 1949 omni
580 1905 748 1950 mundo
776 1906 1046 1950 fructificans
1069 1915 1112 1950 et
1134 1921 1345 1961 crescens,
1371 1906 1483 1951 sicut

87 1991 108 2016 »
129 1982 173 2018 et
192 1974 238 2018 in
255 1974 380 2019 vobis
402 1990 452 2018 ex
470 1991 557 2034 qua
577 1974 648 2019 die
668 1975 861 2020 audistis.
883 1995 902 2017 υ
930 1977 1092 2021 Crescit
1111 1986 1257 2020 autem
1280 1976 1481 2035 usquein

83 2045 236 2100 finem,
259 2046 362 2107 quia
380 2061 519 2106 usque
541 2046 597 2090 ad
619 2061 816 2091 messem.
852 2066 871 2089 «
897 2047 1045 2091 Messis
1065 2047 1180 2091 enim
1204 2062 1266 2093 e51
1289 2047 1386 2091 finis
1408 2062 1481 2091 sae-

87 2133 109 2158 »
129 2115 233 2160 culi.
255 2135 275 2157 n
302 2118 456 2161 Dicent
478 2132 580 2176 ergo
595 2134 685 2163 non
704 2117 844 2163 solum
866 2119 1156 2173 Colossenses,
1177 2117 1230 2162 ad
1252 2135 1361 2178 quos
1380 2117 1480 2162 data

84 2196 163 2242 est,
190 2186 265 2232 sed
287 2189 416 2232 etiam
436 2189 579 2233 caeteri
602 2203 769 2244 omnes,
796 2189 914 2248 apud
936 2204 1045 2250 quos
1068 2188 1334 2248 legiturhaec
1357 2189 1481 2249 Epis-

21 2277 27 2295 =<
81 2258 187 2312 tola,
217 2258 294 2302 ubi
316 2273 394 2318 per
428 2259 685 2319 apostolicas
715 2261 900 2305 Litteras
934 2270 1104 2306 constat
1136 2262 1303 2306 bonum
1333 2276 1480 2305 semen

83 2342 175 2373 esse
197 2329 486 2386 seminatum,
511 2340 555 2375 et
578 2332 669 2391 jam
700 2340 807 2376 tunc
836 2347 1027 2376 crescere
1049 2341 1092 2376 ct
1117 2330 1376 2376 fructificare
1396 2345 1483 2374 coe-

25 2423 31 2463 5
81 2400 222 2460 pisse,
265 2401 373 2461 quid
405 2401 531 2446 nobis
554 2402 716 2447 affertis
743 2404 844 2448 novi
866 2405 884 2447 P
904 2403 1127 2464 Numquid
1160 2404 1317 2447 iterum
1351 2402 1480 2447 semi-

82 2469 278 2514 nandum
303 2479 366 2515 est
381 2470 547 2515 bonum
565 2487 729 2526 semen,
746 2472 925 2532 quando
939 2489 991 2517 ex
1008 2489 1096 2534 quo
1114 2473 1373 2517 semin‘atum
1397 2481 1475 2527 est,

29 2591 33 2599 Δ
81 2539 240 2585 brescit
276 2556 417 2601 usque
441 2541 496 2585 ad
518 2557 699 2586 messem
722 2544 741 2586 P
765 2544 808 2588 Si
830 2541 973 2589 dicitis
995 2543 1171 2602 periisse
1193 2544 1238 2588 in
1266 2542 1351 2588 illis
1373 2542 1478 2589 locis

131 2631 140 2647 ¹
159 2623 280 2658 coloss.
300 2636 323 2665 ι,
345 2625 416 2659 3·5,
435 2642 475 2650 -
491 2633 503 2650 ²
524 2625 644 2659 Matth.
666 2638 732 2668 xm,
751 2627 805 2669 94.
