1825 3264
363 252 444 287 228
797 255 829 283 S.
866 255 1095 284 Aucusrlm
1130 257 1309 283 misem-1

361 323 551 373 credere,
576 321 664 363 imo
686 320 762 378 qui
785 319 1042 379 noluutjam
1066 318 1211 363 videre
1228 317 1569 377 compleriquod
1596 318 1743 376 sequi-

360 401 432 435 tur
444 410 452 435 :
463 389 705 433 «Viderunt
715 399 879 446 gentes,
891 399 933 433 et
947 389 1187 433 timuerunt
1200 389 1306 431 fines
1320 397 1459 431 terrae.
1469 405 1488 427 »
1498 389 1606 430 Item
1616 385 1744 445 paulo
1785 413 1792 421 ι

361 470 460 520 post
485 479 494 504 ι
521 478 541 501 «
561 460 697 503 Jacob
718 474 826 518 puer
839 475 975 514 meus,
996 459 1225 518 suscipiam
1245 457 1394 513 illum,
1416 455 1546 501 Isra'e'l
1565 454 1742 511 electus,

362 549 381 572 »
407 530 595 588 suscepit
615 544 716 573 eum
732 530 870 572 anima
889 545 998 573 mea.
1012 528 1119 574 Dedi
1137 528 1343 587 Spiritum
1367 541 1513 570 meum
1533 527 1578 569 in
1595 525 1742 570 illum:
1772 527 1804 601 ζ

363 619 382 641 »
404 599 619 660 judicium
639 598 842 657 gentibus
863 598 1070 659 proferet.
1089 601 1186 644 Non
1200 597 1422 651 clamabit,
1441 611 1584 656 neque
1607 611 1746 640 cessa-
1775 607 1794 661 ‘7-

363 692 380 713 »
407 671 496 726 bit,
523 686 666 730 neque
687 671 892 714 audietur
911 669 1014 715 foris
1042 686 1123 714 vox
1144 671 1249 730 ejus.
1277 668 1548 712 Arundinem
1567 683 1744 728 quassa·
1770 653 1803 713 ,jsy

361 759 381 782 »
403 750 492 785 tam
513 757 600 785 non
615 738 883 799 confringet,
913 749 955 784 et
976 740 1115 784 linum
1140 739 1356 798 fumigans
1383 754 1472 782 non
1505 739 1743 796 extinguet,
1759 750 1801 800 ⁴:5

360 830 380 852 »
404 811 478 855 sed
492 826 592 855 cum
611 811 791 854 veritate
817 810 1008 868 proferet
1027 809 1258 870 judicium.
1285 807 1539 867 Refulgebit
1561 843 1572 863 ,
1593 817 1636 852 et
1657 823 1753 852 non.
1779 806 1799 864 {t

360 899 380 921 »
400 879 724 939 confringetur,
748 881 886 925 donec
903 889 1037 940 ponat
1065 881 1109 923 in
1143 889 1253 923 terra
1265 877 1479 938 judicium
1502 897 1510 922 ;
1537 886 1581 921 et
1602 878 1649 921 in
1667 892 1748 922 no·
1782 897 1799 922 s

359 968 379 991 »
402 951 517 993 mine
552 952 642 1009 ejus
677 959 825 1009 gentes
861 950 1103 1008 sperabunt
1139 953 1148 974 ¹
1179 968 1198 990 »
1235 951 1327 993 Hoc
1359 949 1657 992 testimonium
1691 947 1746 992 dc
1786 943 1798 986 31

356 1021 529 1065 Christo
548 1019 897 1078 intelligendum,
924 1029 968 1064 et
995 1020 1041 1062 in
1065 1018 1302 1077 Evangelio
1338 1020 1527 1078 positum
1557 1027 1636 1063 est.
1663 1017 1749 1071 Qui
1772 999 1797 1099 {-

356 1090 514 1144 audet,
539 1090 811 1134 contradicat
839 1109 847 1134 ;
874 1089 951 1148 qui
973 1098 1120 1132 autem
1142 1104 1232 1132 non
1250 1087 1397 1143 audet,
1418 1097 1560 1147 speret
1580 1088 1626 1131 in
1646 1093 1794 1157 eumsg‘

355 1175 456 1204 cum
481 1160 682 1218 gentibus
698 1194 709 1215 ,
734 1169 777 1203 et
801 1159 856 1203 ab
877 1159 1044 1203 unitate
1066 1159 1261 1218 gentium
1283 1159 1330 1202 in
1351 1173 1450 1202 eum
1478 1157 1793 1218 sperantiumffls

356 1245 446 1274 non
463 1230 661 1286 recedat,
687 1238 762 1274 aut
780 1229 813 1274 si
829 1239 1075 1284 recesserat,
1096 1229 1260 1285 redeat,
1287 1245 1341 1273 ne
1360 1238 1521 1289 pereat.

415 1303 534 1344 XVI.
563 1304 674 1344 Item
707 1300 812 1343 dicit
833 1303 964 1344 Isaias
985 1320 993 1344 ε
1016 1320 1034 1342 «
1054 1303 1110 1344 Et
1130 1315 1250 1344 nunc
1271 1301 1331 1344 sic
1367 1300 1472 1344 dicit
1498 1299 1708 1344 Dominus
1734 1317 1744 1344 ε

360 1389 380 1410 »
403 1371 484 1421 Qui
502 1371 626 1414 finxit
645 1385 714 1413 me
730 1370 777 1413 in
794 1379 919 1414 utero
941 1386 1114 1414 servum
1137 1371 1238 1414 sibi:
1263 1379 1313 1414 ut
1329 1384 1590 1429 congregem
1611 1369 1789 1426 Jacobs⁴

360 1458 380 1481 »
404 1449 445 1483 et
458 1441 588 1484 Israel
603 1440 658 1484 ad
672 1457 787 1496 eum,
805 1442 1167 1501 appropinquabo
1189 1440 1313 1485 illum
1326 1476 1337 1495 ,
1356 1450 1399 1485 et
1415 1441 1664 1485 honorabor
1677 1455 1759 1490 co-,
1772 1466 1787 1485 -,

363 1530 383 1552 »
406 1526 496 1554 ram
513 1512 715 1567 Domino,
728 1521 771 1556 et
784 1515 898 1556 Deus
909 1527 1030 1556 meus
1049 1512 1247 1556 eritmihi
1262 1512 1419 1557 virtus:
1437 1510 1599 1555 etdixit
1616 1511 1722 1555 mihi
1734 1529 1760 1558 :p

363 1583 645 1626 »Maximum
683 1583 760 1627 tibi
783 1584 863 1628 erit
896 1585 1006 1639 hoe,
1041 1584 1186 1628 vocari
1215 1593 1254 1627 te
1284 1598 1471 1642 puerum
1500 1598 1669 1638 meum,
1699 1591 1762 1629 ιώ

363 1671 381 1692 »
403 1654 639 1697 constituas
661 1655 800 1698 tribus
831 1656 985 1710 Jacob,
1007 1664 1050 1698 et
1073 1654 1238 1714 prolem
1263 1654 1394 1698 Israe'l
1427 1663 1666 1698 convertas.
1692 1655 1759 1699 Εἰ)
1774 1651 1787 1711 'j

364 1724 528 1782 ›rposui
547 1734 586 1768 te
602 1725 648 1768 in
667 1734 976 1769 testamentum
995 1727 1162 1784 generis
1179 1726 1224 1769 in
1237 1725 1382 1770 lucem
1400 1726 1614 1784 gentium,
1632 1733 1682 1769 ut
1693 1724 1774 1768 sisi.

363 1811 383 1833 »
409 1794 522 1837 salus
545 1809 683 1854 usque
706 1796 759 1839 ad
784 1796 888 1839 fines
912 1805 1052 1839 terrae.
1074 1815 1093 1836 u
1120 1799 1176 1840 Et
1198 1796 1329 1855 paulo
1353 1805 1464 1855 post,
1491 1815 1510 1838 «
1535 1796 1603 1841 Sic
1624 1795 1781 1853 dicit„

363 1881 384 1903 »
410 1864 569 1923 inquit,
598 1865 805 1909 Dominus
825 1866 954 1909 Israel
974 1886 981 1910 :
1002 1869 1213 1924 Tempore
1236 1866 1457 1924 aptissimo
1474 1865 1784 1920 exaudivitest„=

364 1952 383 1973 »
405 1934 507 1977 etin
524 1933 594 1977 die
615 1935 763 1979 salutis
786 1936 930 1995 adjuvi
944 1938 1190 1981 te².»Certe
1208 1937 1285 1980 ista
1307 1936 1439 1980 verba
1461 1952 1561 1980 eum
1578 1951 1757 1980 memo-‹

361 2013 495 2047 rasset
529 2005 748 2064 apostolus
778 2005 962 2059 Paulus,
987 2022 1076 2050 non
1098 2007 1179 2050 nisi
1208 2007 1250 2050 in
1276 2007 1530 2051 Christianis
1558 2005 1756 2050 ostendit‹

361 2073 545 2131 impleri.
585 2077 833 2119 Connexuit
866 2076 980 2119 enim
1015 2076 1162 2120 dicens
1190 2096 1197 2120 :
1227 2096 1246 2118 «
1282 2080 1396 2121 Ecce
1429 2092 1547 2120 nunc
1578 2085 1761 2136 tempusg.

365 2160 384 2182 »
426 2144 706 2201 acceptabile,
731 2159 829 2188 ecce
848 2160 967 2188 nunc
989 2145 1079 2189 dies
1102 2146 1249 2190 salutis
1272 2147 1303 2190 ³.
1334 2165 1353 2187 »
1383 2146 1623 2190 Audiamus
1645 2158 1770 2203 ergog·

361 2213 469 2272 quid
490 2217 621 2258 Isaias
643 2215 851 2274 adjungat
878 2234 886 2259 :
918 2235 936 2257 «
958 2216 1066 2260 Dedi
1088 2226 1130 2259 te
1148 2251 1158 2270 ,
1191 2217 1349 2276 inquit,
1373 2218 1418 2260 in
1443 2215 1764 2267 testamentum

367 2303 384 2324 »
408 2284 620 2341 gentium,
642 2293 691 2328 ut
705 2284 866 2329 incolas
883 2295 1056 2339 terram,
1073 2295 1115 2330 et
1129 2286 1344 2344 possideas
1356 2286 1657 2331 haereditatem
1674 2278 1769 2337 deff

365 2370 384 2393 »
407 2355 548 2398 serti⁴.
570 2373 588 2395 »
605 2357 661 2398 Et
678 2355 941 2414 interpositis
963 2355 1121 2399 deinde
1139 2358 1373 2409 connectit,
1390 2366 1434 2400 et
1449 2357 1575 2401 dicit:
1602 2376 1621 2398 «
1635 2359 1758 2408 Eccee
1812 2398 1819 2419 a

364 2440 384 2461 »
407 2424 476 2466 isti
497 2440 520 2466 a
542 2424 781 2484 longinquo
796 2425 993 2481 venient3
1020 2425 1063 2468 hi
1082 2435 1227 2470 autem
1245 2427 1299 2470 ab
1319 2426 1535 2485 Aquilone
1547 2435 1589 2470 et
1612 2426 1754 2484 mariq
1811 2470 1819 2490 η

365 2511 383 2531 »
411 2493 482 2535 alii
499 2504 644 2538 autem
667 2512 717 2538 ex
742 2505 853 2540 terra
883 2499 1124 2540 Persarum.
1153 2496 1309 2541 Exulta
1333 2497 1512 2552 coelum,
1539 2498 1648 2540 etin
1667 2496 1743 2541 lae-

412 2584 420 2598 ¹
445 2579 515 2610 Isai-
536 2591 609 2615 χιιι,
633 2591 660 2612 ¹.
678 2598 716 2604 -—
739 2588 749 2604 ²
770 2582 815 2614 Id.
835 2581 919 2622 uix,
936 2583 967 2614 5.
983 2600 1021 2605 —
1037 2581 1051 2605 3
1073 2592 1091 2614 2
1108 2586 1181 2615 (lor.
1210 2594 1255 2623 vi,
1280 2591 1312 2615 2.
1329 2581 1397 2612 -4
1412 2585 1482 2616 Isai-
1505 2593 1588 2621 uix,
1604 2583 1637 2614 6.
1740 2591 1751 2617 1
