1825 3264
321 199 403 238 214
741 206 774 233 s.
811 206 1041 235 Acci-snm
1074 205 1255 235 Emscom

314 291 391 320 nos
413 276 530 319 hunc
552 281 749 317 tenemus
770 270 968 326 modum,
983 281 1034 316 ut
1049 271 1117 315 vel
1131 280 1317 331 utraque
1332 284 1435 316 vera
1456 284 1548 315 esse
1565 269 1703 329 depu-

313 354 475 398 tentur,
501 343 589 386 sive
610 357 709 402 quae
731 357 755 386 a
777 341 920 397 nobis,
949 342 1039 387 sive
1060 357 1160 402 quae
1181 341 1237 386 ab
1257 341 1358 401 ipsis
1379 340 1604 396 dicuntur,
1631 340 1706 386 vel

314 423 499 473 utraque
512 410 634 466 falsa,
651 411 720 456 vel
735 420 879 456 nostra
893 426 993 457 vera
1008 420 1051 456 et
1065 426 1142 456 sua
1157 409 1281 466 falsa,
1297 410 1367 456 vel
1379 419 1528 456 nostra
1544 409 1651 457 {alsa
1661 418 1706 454 et

314 500 390 528 sua
405 499 522 529 vera.
541 485 598 528 Et
613 483 658 526 in
670 483 737 526 his
748 482 951 528 omnibus
965 481 1138 526 nullum
1154 482 1318 525 crimen
1334 495 1424 526 esse
1441 480 1560 526 orbis
1573 478 1707 525 chris·

314 555 448 609 tiam,
473 554 543 598 cui
564 568 643 598 nos
659 554 1032 598 communicamus
1048 588 1059 608 ‚
1084 551 1370 598 ostendimus.
1395 553 1439 596 Si
1466 550 1582 596 enim
1603 564 1708 596 vera

313 633 417 670 sunt
439 623 620 669 crimina
642 633 687 669 et
707 639 806 684 quae
827 640 850 668 a
867 623 993 668 nobis
1008 623 1052 668 in
1075 622 1170 667 illos
1189 631 1232 667 et
1249 637 1349 682 quae
1366 621 1422 667 ab
1438 621 1538 680 ipsis
1559 619 1606 665 in
1627 634 1708 665 nos

315 693 525 738 dicuntur
540 728 552 748 ‚
576 691 785 738 faciamus
808 693 930 753 quod
951 693 1010 737 ait
1031 691 1264 752 Apostolus
1290 711 1299 737 :
1329 710 1349 734 «
1379 694 1600 736 Donantes
1620 705 1707 735 no·

318 782 339 806 »
374 764 632 824 bismetipsis
647 799 657 819 ,
680 764 790 808 sicut
811 773 854 808 et
877 767 990 808 Deus
1004 764 1050 808 in
1072 763 1247 809 Christo
1269 761 1450 807 donavit
1470 761 1597 806 nobis
1612 762 1624 786 ¹
1645 779 1653 806 :
1682 778 1703 802 »

317 843 368 879 ut
384 832 563 892 maligni
579 835 793 889 homines,
810 850 890 879 nec
905 833 966 878 illi
980 834 1056 894 qui
1073 832 1184 878 forte
1201 832 1380 877 fuerunt
1394 831 1465 878 vel
1477 839 1579 876 sunt
1592 829 1711 889 apud

315 919 394 948 nos
416 938 427 959 ,
453 919 535 948 nec
557 905 633 964 qui
653 903 723 948 vel
753 903 934 949 suerunt
955 903 1024 948 vel
1052 913 1153 948 sunt
1175 903 1294 963 apud
1321 901 1417 947 illos
1436 937 1446 957 ,
1466 901 1711 960 impediant

315 973 594 1019 concordiam
620 980 812 1018 nostram
835 973 1111 1018 etvinculum
1127 973 1259 1032 pacis,
1275 987 1364 1017 uno
1382 987 1534 1017 eorum
1552 970 1712 1016 scelere

316 1051 513 1089 correcto
533 1078 544 1097 ,
571 1043 692 1102 quod
721 1058 766 1086 se
792 1041 951 1086 frnstra
986 1050 1298 1102 separaverunt
1320 1042 1375 1086 ab
1398 1042 1565 1086 unitate
1597 1039 1712 1085 orbis

317 1121 549 1167 terrarum,
564 1128 665 1156 cum
679 1111 784 1156 tales
798 1112 1025 1157 haberent.
1049 1113 1091 1156 Si
1103 1121 1249 1156 autem
1261 1120 1447 1171 utraque
1462 1110 1571 1155 falsa
1589 1117 1709 1164 sunt,

321 1182 409 1227 sive
432 1197 531 1241 quae
551 1198 629 1226 nos
651 1182 751 1237 illis,
772 1183 860 1227 sive
878 1198 977 1243 quae
995 1182 1058 1227 illi
1075 1183 1199 1227 nobis
1219 1182 1434 1242 objiciunt
1454 1180 1523 1225 vel
1544 1180 1599 1224 de
1622 1189 1712 1224 tra-

320 1251 500 1306 ditione,
530 1250 600 1295 vel
623 1253 678 1295 de
700 1253 1002 1311 persecutione
1029 1252 1331 1298 innocentium
1357 1273 1368 1309 ·,
1398 1250 1565 1296 nullam
1586 1250 1713 1295 video

319 1321 406 1366 litis
428 1337 601 1366 causam
615 1356 625 1376 ,
652 1322 733 1365 nisi
755 1323 857 1382 quia
878 1332 941 1367 est
959 1338 1085 1368 causa
1108 1332 1157 1367 ut
1178 1322 1242 1367 illi
1259 1337 1303 1367 se
1319 1322 1550 1379 corrigant,
1574 1320 1649 1381 qui
1667 1336 1711 1364 se

321 1391 412 1435 sine
436 1406 561 1435 causa
578 1401 903 1450 separaverunt.
929 1392 1059 1445 Quod
1081 1393 1113 1436 si
1140 1408 1218 1436 nos
1240 1407 1339 1436 vera
1360 1390 1545 1435 dicimus
1562 1425 1573 1445 ,
1599 1405 1713 1450 quo-

326 1461 442 1504 niam
467 1462 594 1505 Gesta
617 1477 716 1521 quae
744 1461 1034 1520 proferimus,
1071 1471 1113 1506 et
1146 1463 1318 1507 Litteris
1352 1460 1629 1521 Imperatoris
1661 1459 1716 1505 ad

324 1547 456 1592 quem
478 1542 584 1576 tunc
606 1541 649 1576 et
671 1533 813 1591 primo
828 1535 1092 1593 scripserunt
1109 1543 1152 1578 et
1167 1534 1448 1593 postmodum
1469 1531 1716 1592 appellave-

323 1601 427 1644 rudt
446 1635 456 1654 ,
483 1611 526 1644 et
548 1602 679 1646 totius
703 1602 818 1646 orbis
838 1604 1146 1648 communione
1172 1605 1394 1648 firmamus
1421 1624 1432 1661 3
1452 1618 1552 1663 quae
1571 1610 1717 1646 autem

324 1669 389 1714 illi
412 1669 580 1724 dicunt,
595 1670 692 1715 ideo
714 1671 820 1715 falsa
841 1688 930 1717 esse
945 1675 1284 1729 convincuntur,
1302 1675 1403 1734 quia
1427 1673 1527 1733 ipsis
1544 1681 1718 1731 tempo·-

324 1740 443 1784 ribus
462 1775 472 1795 ,
497 1756 598 1784 cum
634 1742 785 1786 eadem
815 1745 998 1802 quaestio
1019 1754 1264 1789 versaretur
1281 1780 1292 1799 ,
1313 1745 1513 1789 obtinere
1543 1758 1718 1788 causam

324 1825 445 1854 suam
472 1811 650 1854 minime
673 1821 912 1869 potuerunt
939 1833 947 1858 :
973 1816 1108 1874 major
1136 1816 1182 1858 in
1204 1815 1263 1859 eis
1288 1823 1467 1874 apparet
1498 1813 1718 1872 sacrilegae

327 1880 609 1924 animositatis
632 1881 754 1925 furor
778 1892 820 1927 et
852 1884 1093 1928 animarum
1117 1886 1416 1930 innocentium
1449 1883 1716 1943 persecutio,

326 1966 457 2010 quam
481 1952 514 1994 si
528 1951 619 1995 solo
633 1953 871 1997 schismatis
889 1955 1070 1999 crimine
1086 1964 1352 1999 tenerentur.
1375 1957 1431 1998 Et
1449 1953 1522 1998 illa
1541 1952 1721 2014 quidem

328 2019 524 2064 tribuant
541 2056 552 2075 ,
578 2036 667 2065 non
700 2023 904 2067 omnibus
921 2059 931 2078 ,
959 2024 1037 2068 sed
1068 2025 1228 2085 quibus
1261 2024 1481 2069 voluerint
1510 2038 1688 2068 suorum
1705 2058 1716 2078 ,

328 2090 511 2133 schisma
535 2099 678 2134 tamen
703 2093 870 2136 crimen
892 2103 954 2138 est
972 2094 1184 2138 omnium.
1211 2098 1346 2140 Porro
1370 2094 1404 2139 si
1434 2094 1615 2140 crimina
1631 2103 1720 2139 tra-

330 2158 505 2202 ditionis
533 2168 574 2202 et
596 2162 908 2218 persecutionis
934 2179 1035 2208 vera
1058 2165 1213 2209 volunt
1236 2179 1325 2210 esse
1358 2181 1457 2224 quae
1480 2164 1718 2223 objiciunt,

332 2237 374 2271 et
404 2226 507 2270 falsa
530 2245 627 2287 quae
649 2231 915 2288 objiciuntur
931 2248 953 2276 a
970 2235 1096 2277 nobis
1111 2269 1121 2288 ,
1148 2250 1228 2278 nec
1251 2236 1309 2278 sic
1331 2243 1575 2292 purgantur
1597 2250 1620 2278 a
1638 2235 1722 2278 cri-

330 2297 446 2340 mine
459 2297 712 2342 schismatis.
727 2300 794 2343 Ad
809 2301 1019 2360 quosdam
1033 2303 1195 2362 quippe
1210 2303 1281 2347 illa
1295 2305 1510 2364 pertinere
1523 2313 1719 2363 possunt,

330 2382 421 2411 non
438 2367 492 2412 ad
509 2369 761 2414 universum
777 2371 928 2416 orbem
941 2373 1240 2419 christianum.
1261 2378 1402 2428 Quem
1416 2375 1448 2420 si
1464 2375 1723 2434 contagione

334 2437 491 2494 perisse
527 2440 793 2486 arbitrantur
819 2463 830 2499 3
865 2443 1019 2490 omitto
1052 2444 1220 2502 dicere,
1257 2460 1389 2505 quam
1418 2445 1557 2490 multa
1587 2445 1723 2491 sancti

384 2526 390 2540 ¹
417 2520 530 2560 liphcs.
552 2533 596 2560 iv,
618 2524 671 2555 39..
