1825 3264
304 270 466 302 comum
497 270 700 300 urruns
733 272 968 313 enimam,
1004 276 1086 303 mn.
1120 277 1166 302 11.
1379 264 1433 303 55

55 342 124 396 tis,
149 354 239 385 non
262 337 635 398 reprehendimus.
662 337 783 382 Fecit
803 337 886 382 hoc
908 339 1082 395 Paulus,
1107 355 1210 385 cum
1231 341 1436 386 adversus

53 411 283 472 injuriosos
299 409 439 454 civem
457 412 702 453 Romanum
718 423 762 452 se
772 423 863 453 esse
873 417 1052 454 testatus
1066 413 1169 455 est¹.
1188 411 1272 456 Sed
1285 427 1436 472 quaero

55 481 214 542 quibus
246 479 426 524 terrenis
456 478 626 538 legibus
658 479 712 523 sit
743 487 982 533 statutum,
1022 488 1072 523 ut
1106 482 1436 526 Maximianistae

50 552 157 598 locis
191 550 408 611 pellantur
438 552 456 592 ἵ
482 548 632 595 Nullas
659 549 839 594 omnino
870 550 1056 610 reperies
1081 569 1088 593 :
1125 550 1199 594 sed
1234 551 1437 597 videlicet

51 622 222 682 legibus
255 637 356 682 quae
382 621 586 666 adversus
612 620 854 675 haereticos,
888 629 1021 680 atque
1052 620 1165 664 inter
1199 636 1271 665 eos
1305 623 1433 666 ctiam

52 694 254 738 adversus
269 707 343 736 vos
364 692 477 751 ipsos
499 690 598 735 latae
620 699 738 745 sunt,
754 690 849 734 illos
871 689 1084 750 expellere
1106 690 1302 736 voluistis
1324 710 1332 736 :
1359 693 1435 735 ad-

50 777 196 808 versus
218 762 412 807 infirmos
443 771 651 821 tanquam
684 761 949 820 potentiores
982 760 1282 820 praevaluistis.
1310 760 1437 806 Unde

48 831 112 879 illi
138 833 239 894 quia
261 833 369 877 nihil
398 842 652 892 potuerunt,
677 833 930 876 innocentes
959 847 1003 876 se
1032 831 1201 887 dicunt,
1226 841 1436 891 tanquam

48 904 129 950 sub
145 903 270 950 leone
283 903 428 963 lupus.
449 907 611 948 Tamen
627 903 794 962 legibus
811 902 1016 947 adversus
1032 918 1108 948 vos
1125 903 1224 948 latis
1237 902 1437 962 profecto

49 975 252 1021 adversus
272 975 377 1020 alios
395 976 477 1020 nisi
494 991 569 1035 per
587 974 744 1020 falsum
763 974 1059 1019 testimonium
1078 990 1168 1019 non
1184 975 1433 1019 uteremini.

51 1049 94 1093 Si
115 1048 230 1092 enim
254 1062 426 1092 veraces
447 1056 548 1091 sunt
563 1046 649 1090 illae
664 1046 796 1106 leges,
819 1046 960 1091 cedite
975 1047 1104 1090 etiam
1122 1062 1198 1091 vos
1209 1046 1316 1090 locis
1330 1062 1437 1106 quos

49 1118 204 1163 tenetis
227 1137 235 1163 :
261 1118 295 1162 si
320 1126 462 1162 autem
486 1116 658 1161 fallaces
681 1126 783 1160 sunt
801 1151 812 1171 ‚
842 1132 920 1161 cur
955 1132 1031 1176 per
1059 1132 1130 1160 eas
1158 1115 1263 1162 alios
1284 1116 1435 1161 exclu-

50 1189 160 1232 sistis
182 1190 200 1230 ’ἶ
233 1188 349 1241 Quid
374 1186 493 1248 quod
516 1197 560 1231 et
581 1202 754 1231 veraces
777 1196 903 1240 sunt,
929 1196 972 1230 et
996 1202 1070 1231 vos
1092 1202 1171 1246 per
1204 1186 1296 1230 illas
1332 1186 1436 1231 alios

51 1260 131 1303 nisi
152 1258 364 1316 fallaciter
386 1274 474 1303 non
496 1259 676 1317 possetis
707 1258 924 1317 expellere
948 1260 966 1302 Ρ
990 1260 1045 1302 Ut
1077 1258 1194 1301 enim
1223 1258 1282 1302 eis
1305 1258 1438 1302 servi-

49 1338 147 1373 rent
170 1327 340 1389 judices
360 1363 370 1383 ,
396 1328 620 1372 haereticos
658 1327 872 1387 expellere
904 1326 1140 1372 voluerunt
1166 1348 1177 1384 3
1211 1329 1331 1371 unde
1361 1343 1437 1372 vos

48 1402 210 1461 priores
242 1398 458 1459 expellere
500 1399 751 1444 debuerunt
792 1419 800 1444 :
837 1398 912 1442 sed
952 1413 1028 1442 vos
1068 1396 1306 1442 catholicos
1349 1413 1438 1441 esse

49 1471 227 1525 dixistis,
248 1480 297 1515 ut
313 1470 438 1515 vobis
456 1480 683 1529 parcerent
700 1469 831 1528 leges,
853 1485 929 1529 per
951 1484 1058 1529 quas
1080 1467 1184 1512 alios
1206 1468 1437 1530 premeba-

50 1541 292 1586 tis.Videris
323 1541 434 1600 quid
469 1541 592 1586 vobis
629 1540 747 1600 apud
774 1555 852 1585 vos
882 1541 995 1599 ipsos
1028 1539 1265 1584 videamini
1304 1558 1313 1584 :
1354 1537 1438 1582 illis

50 1621 197 1657 tamen
212 1610 379 1670 legibus
400 1626 489 1656 non
507 1612 606 1655 estis
622 1609 839 1656 catholici.
857 1612 947 1655 Cur
959 1625 1063 1669 ergo
1080 1618 1155 1654 aut
1176 1624 1246 1654 eas
1263 1623 1436 1653 veraces

52 1682 162 1728 falso
179 1683 425 1728 testimonio
438 1682 667 1738 fefellistis,
683 1692 758 1728 aut
772 1697 842 1727 eas
857 1681 1032 1727 fallaces
1054 1681 1110 1726 ad
1126 1679 1437 1740 opprimendos

52 1754 157 1800 alios
177 1755 412 1813 usurpastis
430 1755 448 1795 ‘3

109 1826 359 1870 CXXXIII.
395 1827 656 1869 PEnLIANus
690 1824 799 1868 dixit
838 1843 846 1869 ε
888 1843 908 1867 «
953 1824 1125 1868 Dictum
1153 1831 1222 1868 est
1247 1841 1256 1867 ε
1297 1841 1318 1865 «
1341 1823 1439 1867 Non

54 1913 77 1938 n
110 1896 386 1955 concupisces
415 1911 505 1940 rem
540 1895 723 1955 proximi
745 1895 810 1940 tui
828 1898 860 1938 2.
890 1913 911 1936 »
945 1897 1032 1939 Vos
1055 1903 1201 1938 nostra
1223 1891 1407 1952 diripitis
1426 1927 1437 1946 ,

51 1975 103 2011 ut
119 1981 199 2026 pro
219 1967 369 2011 vestris
391 1966 598 2011 habeatis.
628 1985 648 2008 »

110 2039 351 2083 CXXXIV.
387 2040 664 2082 Aucusrmus
682 2035 926 2094 respondit:
948 2037 1003 2079 Et
1024 2047 1316 2094 quaecumque
1338 2033 1439 2076 uni-

52 2117 116 2153 tas
138 2107 385 2168 possidebat
400 2143 412 2162 ,
433 2123 522 2152 non
546 2107 626 2152 nisi
647 2115 793 2152 nostra
824 2114 950 2160 sunt,
981 2105 1058 2165 qui
1080 2120 1170 2149 non
1193 2103 1436 2148 secundum

49 2179 289 2224 calumnias
305 2178 547 2233 hominum,
572 2178 647 2222 sed
669 2176 911 2222 seeundum
927 2177 1059 2220 verba
1081 2174 1258 2228 Christi,
1278 2174 1323 2217 in
1345 2188 1435 2234 quo

51 2249 374 2294 benedicuntur
399 2263 549 2294 omnes
583 2257 734 2308 gentes
766 2247 978 2292 universae
1012 2255 1139 2290 terrae
1158 2280 1169 2299 ,
1202 2245 1249 2288 in
1271 2244 1439 2288 unitate

52 2320 351 2374 consistimus,
377 2334 457 2364 nec
479 2327 657 2378 propter
690 2318 826 2362 malos
853 2333 963 2377 quos
986 2333 1009 2362 a
1032 2315 1261 2361 frumentis
1287 2314 1438 2359 Domi-

51 2390 157 2437 nicis
179 2399 279 2435 ante
307 2388 462 2451 judicii
490 2389 817 2434 ventilationem
847 2403 1045 2448 separare
1067 2402 1156 2431 non
1179 2397 1405 2444 possumus
1420 2418 1431 2437 ‚

51 2476 131 2506 nos
156 2476 180 2505 a
200 2460 404 2505 societate
435 2459 565 2504 tritici
597 2473 845 2518 separamus
872 2478 880 2502 :
914 2467 957 2502 et
978 2458 1010 2502 si
1043 2472 1130 2517 qua
1158 2457 1248 2515 jam
1279 2453 1439 2498 concisi

50 2531 267 2591 possidere
279 2530 485 2590 coepistis,
507 2530 611 2589 quia
628 2529 749 2574 vobis
765 2528 909 2574 ablata
931 2527 1056 2572 nobis
1073 2526 1283 2572 Dominus
1292 2523 1430 2577 dedit,

102 2623 110 2637 ¹
140 2618 212 2648 Act.
233 2625 314 2656 xxu,
339 2615 392 2648 25.
411 2632 452 2638 -
468 2621 480 2637 ²
497 2611 596 2647 Exod.
625 2624 679 2651 xx,
702 2624 750 2654 ¹7·
