1825 3264
496 254 548 280 οε
583 253 767 280 υΜΤΑΤΕ
800 255 1014 283 Εςεωεευε.
1363 245 1441 282 221

126 321 202 363 lX.
231 318 298 362 Sic
317 326 359 360 et
381 317 454 361 illa
471 317 643 361 interim
662 317 911 376 seponenda
930 327 1052 372 sunt,
1069 333 1166 376 quae
1179 318 1361 362 obscure
1373 334 1449 378 po-

64 389 143 434 sita
156 397 199 432 et
211 387 449 445 figurarum
464 386 753 431 velaminibus
770 387 982 441 involuta,
1000 398 1039 430 et
1052 388 1293 431 secundum
1311 403 1389 432 nos
1406 397 1450 432 et

20 484 23 485 ν
65 455 304 502 secundum
319 455 413 500 illos
428 466 608 515 possunt
623 457 909 516 interpretari.
932 460 1008 501 Est
1024 456 1201 517 quidem
1219 467 1447 502 acutorum

64 528 290 573 hominum
314 527 371 586 dij
380 526 552 571 udicare
567 537 698 587 atque
714 527 978 582 discernere,
999 528 1096 587 quis
1112 543 1159 571 ea
1179 528 1449 586 probabilius

64 598 374 658 interpretetur
395 617 404 642 :
431 598 506 642 sed
531 598 736 642 nolumus
752 598 797 641 in
816 598 890 642 has
907 598 1183 656 ingeniorum
1203 599 1450 642 contentio-

63 684 155 724 nes,
173 670 219 712 in
231 684 280 712 ea
295 683 439 724 causa,
457 684 556 728 quoe
569 668 752 728 populos
761 677 895 724 tenet,
907 677 1097 713 nostram
1113 667 1451 727 disputationem

64 740 348 785 committere.
363 742 401 784 N
404 739 685 784 ullinostrum
696 739 881 783 dubium
890 748 968 795 est,
980 755 1055 798 per
1064 754 1207 783 arcam
1216 741 1323 793 Noe,
1335 738 1452 784 salva

63 825 208 855 rerum
232 819 449 869 gestarum
472 809 574 866 fide,
600 819 650 854 ut
667 809 820 854 deletis
842 810 1141 869 peccatoribus
1160 810 1316 853 domus
1340 809 1452 853 Justi

63 897 88 926 a
114 880 279 926 diluvio
305 881 561 925 liberaretur
578 916 589 936 ,
614 882 741 924 etiam
763 880 997 925 Ecclesiam
1017 880 1147 924 fuisse
1164 881 1393 939 figuratam
1419 881 1449 922 ¹.

63 955 167 1005 Quae
191 950 302 996 forte
331 952 511 996 humani
539 952 703 1010 ingenii
729 953 980 1012 conjectura
1004 951 1241 1006 videretur,
1268 951 1348 994 nisi
1370 951 1454 994 hoc

63 1026 216 1067 Petrus
239 1024 472 1083 Apostolus
495 1024 540 1067 in
564 1023 755 1082 Epistola
784 1039 859 1067 sua
891 1023 1053 1067 diceret
1070 1027 1102 1066 Ἰ.
1127 1023 1211 1068 Sed
1238 1020 1358 1081 quod
1381 1020 1454 1064 ille

61 1093 122 1136 ibi
143 1109 231 1138 non
254 1094 376 1149 dixit,
402 1095 436 1138 si
457 1094 552 1154 quis
570 1104 766 1138 nostrum
787 1095 918 1149 dicat,
939 1104 1168 1153 propterea
1184 1101 1339 1136 cuncta
1357 1091 1453 1135 ani-

59 1165 238 1208 malium
260 1180 416 1224 genera
435 1166 493 1209 ibi
510 1165 657 1220 fuisse,
681 1166 780 1225 quia
799 1165 843 1209 in
861 1166 1064 1209 omnibus
1083 1164 1285 1223 gentibus
1304 1163 1452 1206 futura

60 1237 438 1296 praenuntiabatur
460 1236 672 1291 Ecclesia,
699 1236 877 1280 fortasse
905 1237 1134 1280 Donatistis
1163 1235 1282 1278 aliud
1311 1233 1452 1278 videa-

61 1314 148 1361 tur,
178 1317 221 1351 et
248 1306 370 1350 aliter
393 1308 474 1351 hoc
498 1307 771 1366 interpretari
802 1306 951 1350 velint.
981 1306 1184 1350 Similiter
1209 1314 1252 1348 et
1273 1305 1353 1363 ipsi
1376 1304 1455 1348 ali-

61 1372 168 1438 quid
194 1378 376 1422 obscure
412 1387 454 1422 et
487 1378 690 1435 ambigue
716 1377 920 1436 positum,
954 1377 988 1420 si
1023 1391 1101 1434 pro
1138 1391 1215 1419 sua
1242 1374 1455 1418 sententia

61 1448 415 1509 interpretentur,
453 1448 487 1492 si
521 1448 646 1492 nobis
681 1457 826 1507 pateat
849 1448 863 1473 ³
892 1446 1007 1490 aliud
1038 1445 1141 1490 inde
1164 1445 1308 1490 dicere
1333 1443 1455 1504 quod

61 1533 140 1580 pro
157 1520 280 1564 nobis
302 1528 441 1573 sonat,
468 1519 564 1578 quis
587 1519 668 1562 erit
690 1519 819 1562 finis?
842 1520 951 1563 Nam
975 1517 1154 1576 quidam
1177 1530 1326 1560 eorum
1347 1515 1456 1575 epis-

61 1605 196 1651 copus
215 1626 225 1646 ,
256 1606 356 1635 cum
382 1590 451 1634 hic
481 1588 598 1649 apud
629 1589 892 1649 Hipponem,
925 1589 1035 1632 sicut
1070 1586 1330 1641 audivimus,
1366 1601 1456 1629 ser-

61 1676 237 1706 monem
256 1662 301 1705 in
323 1660 486 1720 populo
503 1660 689 1715 faceret,
711 1661 839 1714 dixit,
859 1658 1057 1703 eamdem
1083 1673 1223 1701 arcam
1249 1660 1340 1701 Noe
1356 1656 1455 1701 ideo

62 1732 368 1778 bituminatam
391 1732 665 1786 intrinsecus,
691 1747 745 1775 ne
765 1746 920 1790 aquam
946 1732 1164 1774 emitteret
1184 1743 1333 1785 suam,
1357 1727 1456 1771 ideo

63 1817 207 1848 autem
227 1805 356 1849 etiam
380 1803 644 1848 extrinsecus
661 1836 671 1856 ,
696 1816 751 1845 ne
774 1800 1024 1845 admitteret
1048 1800 1248 1843 alienam.
1283 1797 1348 1842 Ad
1373 1799 1455 1841 hoc

64 1876 216 1935 utique
233 1875 376 1920 valere
394 1875 533 1920 voluit
553 1875 667 1918 hanc
690 1871 1110 1932 interpretationem,
1137 1885 1192 1914 ne
1214 1869 1455 1929 baptismus

63 1946 131 1991 vel
173 1956 291 1992 extra
329 1947 566 1992 Ecclesiam
598 1960 721 2004 posse
753 1945 866 1987 exire
897 1943 1115 1996 credatur,
1145 1941 1214 1985 vel
1237 1941 1313 2000 qui
1338 1949 1456 1983 extra

64 2017 190 2060 datus
209 2017 366 2071 fuerit,
388 2025 652 2075 acceptetur.
674 2015 801 2057 Visus
817 2022 881 2056 est
896 2010 1063 2071 aliquid
1081 2011 1240 2065 dicere,
1262 2019 1304 2054 ct
1318 2008 1457 2053 accla-

64 2096 231 2131 matum
261 2097 324 2131 est
354 2087 408 2130 ab
440 2087 499 2130 eis
522 2086 598 2145 qui
622 2085 809 2128 libenter
835 2081 1088 2136 audiebant,
1120 2096 1200 2124 nec
1225 2079 1457 2139 diligenter

65 2158 120 2203 de
138 2159 203 2202 his
223 2174 322 2218 quae
346 2158 573 2202 audierant
594 2156 860 2214 cogitabant,
886 2162 934 2197 ut
957 2152 1079 2212 quod
1097 2161 1187 2196 erat
1207 2150 1354 2206 facile,
1375 2149 1455 2194 ad-

65 2238 282 2276 verterent
304 2230 396 2273 fieri
422 2244 509 2273 non
533 2243 654 2287 posse
674 2261 685 2281 ,
717 2235 766 2270 ut
786 2225 1048 2270 extrinsecus
1075 2223 1277 2267 admittat
1299 2237 1456 2282 aquam

67 2314 277 2359 compago
305 2299 540 2357 lignorum,
572 2299 606 2342 si
632 2313 721 2342 non
746 2296 904 2341 emittit
932 2295 1191 2339 intrinsecus
1218 2313 1226 2338 :
1253 2293 1287 2337 si
1310 2301 1456 2336 autem

67 2370 121 2414 ab
149 2385 196 2414 ea
222 2379 343 2429 parte
366 2386 465 2430 quae
492 2370 608 2413 intus
631 2379 694 2412 est
720 2367 895 2421 emittit,
919 2381 1189 2425 consequens
1213 2379 1302 2407 esse
1325 2372 1374 2405 ut
1402 2361 1456 2405 ab

67 2454 116 2484 ea
137 2442 265 2484 etiam
291 2457 390 2500 quae
408 2450 471 2484 est
489 2439 592 2483 foris
611 2438 828 2482 admittat.
851 2438 934 2482 Sed
948 2437 1039 2480 etsi
1058 2437 1140 2480 hoc
1154 2435 1208 2478 de
1228 2442 1457 2493 compacto

0 2528 2 2551 1
66 2508 187 2570 ligno
199 2526 352 2555 verum
367 2519 474 2554 esset
485 2508 604 2569 quod
615 2509 685 2552 illc
698 2507 823 2562 dixit,
840 2508 935 2567 quis
951 2521 1020 2550 me
1034 2505 1348 2565 prohiberetde
1359 2518 1457 2548 arca

117 2602 127 2618 ¹
145 2597 224 2629 Gen.
244 2605 310 2637 vni,
326 2604 357 2628 2.
375 2611 416 2617 —
434 2601 446 2618 ²
471 2605 482 2627 1
504 2596 593 2627 Petr.
615 2604 663 2634 ιιι,
683 2600 714 2625 2.
733 2608 773 2615 —-
795 2589 808 2615 ³
829 2591 934 2623 Forte
952 2590 1088 2633 placeat.
