1825 3264
369 214 383 248 1
396 209 421 249 4
797 225 831 250 s.
866 223 1097 252 Ancus-rim
1129 224 1311 252 :nacon

364 305 384 328 n
420 286 557 332 medit
573 290 682 332 me¹.
713 307 730 329 »
753 290 868 334 Ecce
895 289 1141 335 invenimus
1176 284 1436 349 Apostolum
1469 290 1738 346 traditorem,

361 357 583 402 Christum
611 368 944 418 persecutorem.
975 363 1149 406 Possem
1170 360 1250 405 ista
1276 359 1436 416 dicere,
1461 369 1506 406 et
1525 369 1568 405 te
1592 360 1638 405 in
1656 376 1748 406 non

359 443 513 487 parvos
535 438 666 475 aestus
682 430 878 487 mittere,
905 439 954 475 ut
980 446 1070 476 non
1091 430 1289 492 querelas
1303 446 1456 476 eorum
1472 432 1548 491 qui
1565 432 1747 491 patiun-

359 508 448 554 tur,
476 500 553 545 sed
577 502 773 547 animum
805 518 957 548 eorum
979 503 1056 564 qui
1084 501 1270 559 faciunt,
1294 518 1492 564 quaerere
1512 503 1744 563 cogereris.

361 570 447 615 Sed
464 572 564 618 hinc
585 572 676 618 noli
706 573 905 620 laborare
919 611 930 631 ‚
945 582 1045 620 ‘non
1062 591 1112 620 ea
1129 574 1231 620 dico
1251 595 1263 632 3
1285 573 1363 619 sed
1389 574 1488 620 dico
1517 574 1574 620 ad
1593 590 1746 619 semen

341 642 561 700 ·Abrahae,
588 644 709 705 quod
727 655 791 691 est
811 646 858 691 in
874 646 1078 692 omnibus
1100 646 1323 706 gentibus,
1343 662 1433 691 non
1452 646 1687 706 pertinere,
1711 646 1747 690 si

358 713 467 773 quid
483 731 573 760 non
587 725 703 761 recte
713 717 839 762 vobis
853 716 1018 762 facturn
1034 727 1116 774 est,
1134 717 1313 762 fortasse
1331 732 1355 761 a
1371 716 1495 777 palea
1508 717 1748 763 Dominicae

357 787 528 846 segetis,
544 804 643 848 quae
654 788 935 835 nihilominus
952 799 1017 835 est
1035 791 1081 835 in
1093 790 1298 836 omnibus
1312 790 1526 848 gentibus.
1545 792 1634 835 Vos
1642 803 1748 850 ergo

358 856 525 903 reddite
547 860 759 905 rationem
783 862 1061 921 separationis
1081 871 1252 907 vestrae.
1282 862 1367 908 Sed
1388 861 1508 922 prius
1534 860 1749 907 attendite

356 929 505 988 quales
524 930 744 987 habeatis,
783 948 893 993 quos
926 933 1049 978 vobis
1082 933 1212 993 objici
1235 949 1325 980 non
1351 932 1511 990 vultis3
1538 941 1582 977 et
1602 931 1750 978 videte

356 1016 489 1060 quam
510 1001 662 1063 inique
673 1001 856 1060 faciatis,
881 1020 984 1049 cum
1000 1004 1141 1050 aliena
1164 1004 1278 1050 facta
1298 1005 1425 1050 nobis
1445 1003 1649 1064 objicitis,
1667 1003 1749 1047 etsi

356 1086 406 1116 ea
424 1089 525 1132 quae
541 1073 681 1120 dicitis
711 1075 965 1135 probaretis.
993 1078 1060 1122 Ita
1084 1075 1207 1121 nulla
1227 1076 1310 1121 erit
1331 1076 1442 1122 ratio
1463 1074 1750 1135 separationis

355 1153 523 1189 vestrae.

414 1216 555 1260 XXV.
581 1219 842 1263 Paruimus
857 1217 968 1262 dixit
992 1237 1002 1263 :
1030 1236 1051 1261 «
1071 1221 1129 1263 At
1156 1218 1275 1263 enim
1293 1217 1428 1277 aliqui
1447 1215 1622 1271 dicent,
1647 1214 1750 1261 Filii

355 1300 446 1330 non
465 1302 614 1332 sumus
635 1288 870 1333 traditoris.
904 1289 1008 1348 Ejus
1041 1298 1106 1333 est
1125 1288 1282 1350 aliquis
1312 1287 1453 1343 filius,
1479 1288 1603 1347 cujus
1631 1284 1748 1332 facta

355 1365 558 1402 sectatur.
585 1358 642 1403 Hi
658 1359 774 1404 enim
790 1359 1010 1405 certissimi
1028 1359 1106 1404 filii
1123 1369 1241 1416 sunt,
1266 1359 1472 1420 idemque
1488 1358 1748 1419 parentibus

354 1426 529 1483 similes,
544 1445 653 1490 quos
664 1430 841 1475 nonista
857 1446 973 1486 caro,
996 1446 1078 1475 nec
1096 1431 1285 1491 sanguis,
1305 1429 1382 1477 sed
1396 1444 1543 1475 mores
1564 1438 1608 1475 et
1628 1428 1745 1475 facta

354 1499 606 1556 parentibus
623 1500 866 1546 consimiles
884 1511 1146 1561 genuerunt.
1175 1520 1197 1544 »

413 1571 576 1614 XXVI.
601 1574 879 1618 Avensa-mus
907 1571 1132 1633 respondit
1158 1592 1166 1618 :
1202 1572 1343 1618 Paulo
1365 1581 1466 1618 ante
1495 1570 1607 1616 nihil
1636 1584 1745 1615 con-

353 1648 419 1684 tra
437 1656 514 1686 nos
536 1641 722 1699 dicebas,
753 1660 871 1689 nune
893 1645 1022 1689 etiam
1044 1645 1216 1704 coepisti
1238 1643 1384 1689 dicere
1407 1641 1580 1704 aliquid
1601 1650 1645 1686 et
1666 1656 1747 1701 pro

353 1712 495 1756 nobis.
522 1716 626 1759 Haec
646 1715 761 1760 enim
789 1716 1028 1776 propositio
1055 1725 1131 1760 tua
1153 1716 1199 1760 in
1224 1730 1276 1761 eo
1304 1725 1347 1760 te
1369 1723 1510 1770 tenet,
1535 1722 1586 1758 ut
1606 1713 1639 1758 si
1666 1727 1746 1758 nos

354 1781 499 1838 hodie,
514 1800 615 1829 cum
632 1786 793 1846 quibus
811 1787 916 1847 agis,
936 1803 1025 1832 non
1043 1786 1282 1832 conviceris
1300 1785 1532 1831 traditores
1549 1793 1594 1831 et
1606 1782 1747 1829 homi-

353 1853 468 1899 cidas
483 1890 495 1911 ,
516 1866 560 1901 et
581 1857 615 1901 si
636 1857 745 1918 quid
761 1858 880 1903 aliud
902 1859 1138 1904 criminaris
1155 1892 1167 1914 ‚
1187 1857 1406 1919 quidquid
1428 1856 1514 1902 tale
1539 1853 1746 1902 ostende-

352 1925 408 1968 ris
429 1925 475 1969 in
497 1927 571 1982 eis,
597 1929 674 1987 qui
709 1945 787 1974 nos
814 1939 1011 1991 tempore
1039 1938 1383 1990 praecesserunt,
1408 1928 1590 1973 omnino
1618 1925 1745 1971 nobis

353 1996 503 2042 obesse
521 2015 611 2044 non
623 2003 771 2060 possit.
789 2004 988 2055 Quorum
1005 2003 1123 2046 enim
1139 2000 1363 2046 dissimilia
1379 1999 1493 2044 lacta
1507 1999 1740 2051 habemus,

353 2082 503 2112 eorum
528 2070 605 2114 filii
626 2087 716 2116 esse
738 2088 828 2116 non
853 2088 1098 2132 possumus.
1123 2075 1181 2117 Et
1200 2070 1302 2116 vide
1327 2086 1418 2131 quo
1438 2079 1482 2114 te
1509 2067 1742 2114 commise-

351 2137 406 2181 ris
431 2157 440 2182 :
466 2139 500 2183 si
522 2139 712 2200 aliquem
730 2142 843 2186 forte
858 2144 989 2188 etiam
1006 2153 1166 2188 nostrae
1184 2142 1322 2187 aetatis
1343 2140 1587 2193 hominem,
1607 2147 1652 2183 et
1665 2153 1743 2183 no-

351 2208 518 2254 biscum
549 2212 766 2257 viventem
783 2249 794 2269 ,
828 2213 883 2257 de
920 2214 1068 2274 aliquo
1095 2212 1170 2258 tali
1202 2221 1325 2257 reatu
1346 2209 1458 2256 forte
1480 2209 1737 2261 conviceris,

350 2279 473 2325 nullo
491 2284 623 2327 modo
644 2283 900 2344 praejudicat
920 2286 1123 2330 omnibus
1144 2284 1363 2343 gentibus,
1384 2297 1484 2342 quae
1505 2280 1553 2325 in
1573 2280 1741 2324 semine

350 2353 537 2398 Abrahae
570 2355 908 2414 benedicuntur,
939 2374 963 2402 a
983 2357 1142 2418 quibus
1168 2365 1219 2400 tu
1241 2365 1285 2400 te
1304 2352 1546 2415 separando
1563 2351 1738 2397 sacrile-

351 2438 430 2481 gus
447 2425 666 2471 inveniris.
693 2430 792 2486 Ita(
812 2429 932 2490 quod
949 2429 1042 2473 fieri
1063 2445 1153 2474 non
1171 2429 1343 2488 potest)
1362 2426 1444 2470 nisi
1465 2439 1634 2479 omnes,
1657 2423 1736 2483 qui

350 2496 514 2556 ubique
532 2509 659 2554 sunt,
680 2501 872 2556 noveris,
892 2502 1180 2562 omniumque
1202 2515 1344 2545 mores
1359 2507 1403 2544 et
1419 2496 1533 2543 facta
1545 2511 1636 2540 non
1654 2509 1731 2540 so·-

400 2588 408 2603 ¹
429 2583 522 2615 Joan.
546 2594 580 2625 ιι,
605 2585 653 2617 15.
