1825 3264
315 251 478 281 com-M
510 249 710 281 LlTTEnAs
743 248 976 290 renuam,
1012 252 1094 280 un.
1131 253 1178 279 11.
1397 241 1449 279 13

66 334 167 364 nem
185 317 412 377 Discipulis
435 317 763 372 demonstravit,
795 326 838 362 et
858 317 1075 377 palpanda
1095 317 1291 362 membra
1320 316 1452 362 dubi-

67 389 258 434 tantibus
278 389 494 448 praebuit,
520 389 603 434 hoe
621 387 704 432 illis
727 388 788 432 ait
815 407 824 432 :
854 407 874 430 «
906 388 1122 441 Quoniam
1154 389 1214 433 sic
1243 388 1454 448 scriptum

68 479 90 502 »
124 469 203 515 est,
222 469 265 504 et
286 460 346 505 sic
367 461 600 520 oportebat
619 460 842 506 Christum
874 459 981 519 pati,
1012 468 1055 503 et
1078 473 1302 519 resurgere
1326 459 1454 504 tertia

68 549 89 573 »
126 531 212 586 die,
237 540 280 575 et
297 530 523 591 praedicari
544 530 784 585 innomine
806 530 899 589 ejus
912 529 1216 589 poenitentiam
1238 539 1281 574 et
1302 530 1455 575 remis-

68 620 88 643 »
123 602 289 647 sionem
311 613 589 663 peccatorum
612 618 689 663 per
710 617 860 647 omnes
882 610 1048 660 gentes,
1075 601 1386 660 incipientibus
1400 601 1456 645 ab

68 691 89 714 »
124 675 363 719 Jerusalem
378 677 408 718 ¹.
429 694 448 716 »
463 678 574 720 Ecce
588 689 612 718 a
633 689 721 733 qua
736 671 990 718 haereditate
1006 687 1082 717 vos
1100 671 1296 716 alienatis
1321 691 1330 717 :
1357 687 1457 717 ecce

65 745 136 789 cui
155 745 316 790 haeredi
331 746 537 790 resistitis.
567 748 716 789 Ita-ne
744 759 841 789 vero
863 753 1060 803 parceret
1082 743 1255 788 Christo
1279 744 1325 787 in
1344 753 1457 788 terra

64 815 307 860 ambulanti
327 851 338 871 ,
366 817 441 877 qui
473 816 733 862 contradicit
758 816 805 860 in
827 814 939 860 coelo
965 814 1163 859 sedenti?
1184 813 1343 859 Adhuc
1366 829 1457 858 non

64 885 305 946 intelligitis
327 887 537 948 quoniam
554 886 772 948 quidquid
790 885 916 931 nobis
933 885 1136 947 objicitis,
1161 885 1351 930 sermoni
1366 886 1458 946 ejus

64 956 266 1016 objicitis.
299 957 575 1002 Promittitur
608 957 847 1002 chritianus
875 957 1016 1012 orbis,
1043 965 1086 1000 et
1120 955 1313 1001 creditur
1340 992 1348 1000 .
1374 956 1457 999 im-

64 1026 226 1087 pletur,
253 1037 296 1072 et
317 1028 644 1074 contradicitur.
670 1028 884 1087 Cogitate,
910 1029 1112 1081 obsecro,
1137 1027 1246 1088 quid
1264 1027 1354 1087 pati
1377 1042 1456 1087 pro

64 1106 185 1142 tanta
199 1099 420 1157 impietate
436 1100 646 1145 debuistis
664 1120 675 1156 3
702 1108 746 1144 et
759 1109 905 1144 tamen
926 1099 961 1144 si
981 1099 1089 1159 quid
1111 1100 1222 1159 passi
1240 1099 1339 1143 estis
1356 1114 1456 1143 nes-

65 1169 148 1224 cio,
172 1185 262 1215 non
278 1170 381 1225 vidi,
399 1186 488 1215 non
501 1170 586 1216 feci
601 1191 611 1215 ι
627 1181 676 1216 tu
697 1170 845 1225 hodie,
866 1172 943 1231 qui
963 1186 1053 1215 non
1075 1172 1234 1230 pateris
1248 1172 1335 1215 vim
1357 1186 1457 1230 per—

63 1240 295 1284 secutionis
310 1255 435 1294 meae,
457 1239 591 1284 redde
609 1241 717 1284 mihi
732 1245 944 1285 rationem
957 1241 1238 1300 separationis
1253 1250 1357 1285 tuae.
1372 1240 1457 1286 Sed

62 1309 222 1355 iterum
240 1326 289 1355 ac
309 1325 422 1370 saepe
444 1309 640 1356 dicturus
662 1326 723 1362 es;
747 1327 847 1372 quae
864 1312 898 1355 si
920 1326 1010 1356 non
1031 1313 1215 1370 probas,
1237 1312 1291 1356 ad
1314 1313 1456 1356 nemi-

63 1395 163 1425 nem
186 1381 405 1440 pertinent
432 1401 441 1426 :
469 1382 503 1426 si
520 1391 667 1426 autem
685 1381 866 1441 probas,
892 1380 948 1426 ad
963 1397 1032 1426 me
1045 1397 1135 1426 non
1157 1383 1393 1441 pertinent.

121 1454 245 1496 XXI.
273 1455 535 1497 Pammmus
562 1451 667 1497 dixit
688 1472 697 1497 :
720 1471 739 1495 «
762 1453 838 1498 His
871 1467 972 1512 ergo
1000 1452 1256 1499 criminibus
1280 1463 1453 1514 septus,

64 1538 154 1568 esse
167 1539 295 1569 verus
317 1525 545 1585 episcopus
557 1540 648 1570 non
666 1534 805 1584 potes.
831 1543 851 1566 »
1233 1516 1246 1519 ‘⁷

123 1596 268 1639 XXII.
288 1598 569 1640 Aucusrnvus
593 1595 819 1655 respondit
836 1614 845 1640 ε
862 1594 1033 1648 Quibus
1049 1595 1329 1641 criminibus?
1341 1594 1460 1649 Quid

64 1664 279 1710 docuisti?
301 1666 378 1726 qui
401 1666 654 1711 ostendisti?
677 1669 733 1710 Et
750 1667 784 1710 si
806 1666 1064 1711 ostendisses
1096 1667 1279 1711 crimina
1311 1666 1457 1711 nescio

64 1751 269 1795 quorum,
290 1736 399 1797 quid
421 1737 504 1782 hoc
527 1737 582 1782 ad
603 1752 751 1782 semen
771 1737 978 1793 Abrahae,
1003 1738 1049 1782 in
1071 1753 1162 1798 quo
1179 1738 1457 1783 benedicun-

63 1815 135 1851 tur
154 1823 305 1852 omnes
323 1809 504 1867 gentes?

123 1879 294 1923 XXIII.
330 1881 594 1924 Parrmmus
616 1878 724 1923 dixit
746 1898 754 1924 z
779 1898 799 1921 «
828 1879 873 1924 Si
900 1879 1096 1939 Apostoli
1120 1870 1334 1939 persecuti
1355 1888 1457 1924 sunt

66 1946 270 2008 aliquem,
292 1958 368 1993 aut
385 1949 577 2010 aliquem
598 1948 780 1994 tradidit
801 1951 1026 1995 Christus?
1046 1970 1065 1992 »

123 2021 286 2064 XXIV.
307 2024 585 2066 Auensmus
618 2020 840 2080 respondit
867 2040 876 2065 :
903 2024 1077 2065 Possem
1110 2021 1289 2080 quidem
1311 2020 1458 2064 dicere

65 2089 209 2147 ipsum
234 2093 436 2135 Satanam
466 2091 670 2136 omnibus
696 2090 819 2134 malis
847 2091 1096 2135 hominibus
1119 2106 1208 2136 esse
1233 2092 1426 2151 pejorem
1441 2126 1453 2147 ‚

67 2159 138 2203 cui
156 2169 301 2205 tamen
318 2160 498 2206 tradidit
508 2160 742 2220 Apostolus
755 2162 978 2206 hominem
991 2161 1036 2205 in
1050 2161 1277 2206 interitum
1296 2163 1452 2218 carnis,

66 2239 116 2274 ut
132 2231 307 2290 spiritus
324 2232 466 2277 salvus
482 2233 537 2277 sit
558 2233 604 2276 in
633 2232 702 2277 die
730 2233 903 2277 Domini
933 2235 1077 2277 Jesu2.
1106 2236 1304 2293 Itemque
1329 2234 1451 2289 alios,

66 2301 121 2346 de
152 2302 312 2363 quibus
341 2303 475 2349 dicit:
509 2323 529 2347 «
555 2307 673 2357 Quos
697 2304 854 2349 tradidi
876 2307 1070 2360 Satanae,
1090 2315 1141 2349 ut
1167 2306 1336 2350 discant
1365 2321 1454 2350 non

73 2393 89 2413 n
126 2372 471 2434 blasphemare3.
501 2394 520 2417 »
547 2378 603 2420 Et
625 2376 1053 2422 DominusChristus
1070 2376 1312 2436 flagellatos
1326 2392 1455 2436 expu-

67 2442 118 2486 lit
145 2443 199 2487 de
224 2444 389 2503 templo
415 2446 636 2504 improbos
660 2457 933 2502 mercatores,
955 2447 1034 2490 ubi
1057 2448 1186 2491 etiam
1207 2462 1454 2492 connexum

69 2522 132 2558 est
144 2514 439 2560 testimonium
456 2517 688 2575 Scripturae
701 2516 906 2562 dicentis:
926 2536 947 2559 «
960 2515 1086 2561 Zelus
1101 2517 1260 2564 domus
1274 2528 1362 2563 tuae
1376 2534 1452 2563 co-

118 2604 126 2621 ¹
147 2600 225 2632 Luc.
243 2610 335 2642 mv,
353 2602 407 2634 26.
424 2616 465 2624 —
480 2607 492 2624 ²
515 2611 528 2634 ι
549 2602 622 2635 Cor.
645 2611 679 2643 ν,
699 2601 731 2635 5.
745 2617 786 2625 -
801 2599 815 2625 ³
833 2602 913 2635 Tim.
933 2614 959 2644 1,
974 2608 1028 2634 20.
