1825 3264
313 322 473 349 com—nt
507 320 769 350 enascowmm
808 321 1096 361 DONATISTAw,
1132 324 1215 351 Lm.
1253 324 1311 351 lv.
1417 311 1501 351 473

113 387 356 432 convincas.
384 390 480 431 ,lam
500 389 615 431 enim
631 403 710 432 nec
731 389 844 447 ipsos
857 389 960 433 volo
976 389 1312 433 Maximianistas
1330 404 1498 446 vocare,

111 470 166 499 ne
185 456 408 500 offendam
432 466 518 500 tam
537 456 727 501 eruditas
750 473 874 501 aures
894 467 1009 512 tuas,
1036 459 1112 518 qui
1130 468 1262 514 certe,
1287 468 1502 518 quantum

110 525 321 580 existimo,
342 542 430 571 non
455 536 503 571 ut
524 542 620 584 ego,
645 527 723 571 tibi
748 526 873 571 facile
890 528 1049 571 cessuri
1071 538 1193 581 sunt,
1220 538 1269 572 ut
1294 528 1502 573 Claudia-

109 611 278 651 nenses,
302 597 371 641 vel
394 596 500 656 quid
518 597 634 641 aliud
650 597 887 657 appellent,
904 613 1013 657 quos
1025 598 1340 642 Claudianistas
1356 599 1497 658 appel-

108 665 330 721 laverunt,
359 682 460 711 cum
484 682 556 711 eos
590 668 806 711 Primiano
830 669 874 711 in
905 669 1258 712 communionem
1288 679 1498 728 receptos,

108 737 219 781 inter
240 738 336 791 alia,
363 739 523 796 quibus
546 752 645 781 eum
669 748 711 781 et
737 738 1165 797 praedamnaverunt,
1192 748 1236 782 et
1267 739 1503 784 damnave-

42 863 46 866 ,
107 816 226 861 runt,
251 809 431 851 crimina
458 817 712 866 posuerunt.
736 812 789 852 Et
812 808 937 852 simul
961 824 1218 867 recognosce
1236 811 1348 855 hanc
1362 811 1500 854 decli-

106 878 295 921 nationis
331 878 524 936 regulam
544 913 554 932 ,
586 894 674 922 non
699 879 803 921 mihi
827 878 929 932 soli,
951 881 1061 923 sicut
1083 880 1379 938 reprehendis,
1403 881 1500 939 pla·

105 948 242 992 cuisse
270 968 277 992 :
302 947 377 992 sed
411 947 591 992 fortasse
622 964 691 992 me
726 947 865 993 solum
898 949 976 993 tibi
1006 950 1051 992 in
1075 950 1153 994 hac
1195 965 1267 1004 re,
1307 965 1406 1010 quae
1445 950 1501 993 ad

105 1034 278 1062 causam
297 1034 383 1063 non
406 1018 610 1078 pertinet,
641 1028 758 1063 tanta
777 1019 984 1063 facilitate
1005 1021 1190 1063 cessisse.

164 1092 266 1133 XII.
303 1091 430 1141 Quod
458 1105 558 1133 vero
582 1105 650 1133 me
682 1091 841 1148 putasti
864 1091 1162 1134 vehementius
1194 1090 1467 1148 arguendum
1486 1125 1497 1145 ,

106 1160 230 1218 quod
253 1175 353 1203 cum
377 1159 574 1212 dixerim,
601 1179 620 1201 «
646 1161 971 1204 Donatistarum
995 1161 1298 1204 haereticorum
1324 1159 1501 1204 sacrile-

102 1244 205 1287 gum
229 1244 417 1273 errorem
435 1264 446 1283 ,
471 1247 490 1269 η
517 1229 713 1273 haeresim
741 1229 980 1288 appellans,
1007 1230 1129 1289 quod
1151 1239 1199 1274 tu
1216 1230 1398 1274 schisma
1415 1245 1499 1289 po·

104 1299 184 1343 tius
203 1299 265 1342 vis
282 1300 441 1358 putari,
463 1314 534 1343 eos
554 1308 699 1342 tamen
718 1315 740 1343 a
758 1299 982 1358 sacrilegio
1000 1315 1088 1344 non
1107 1300 1298 1358 expiatos
1313 1299 1359 1342 in
1377 1315 1498 1344 com-

99 1371 353 1413 munionem
389 1369 645 1428 recipiamus
676 1389 684 1413 :
719 1379 767 1414 tu
804 1370 881 1428 qui
919 1384 996 1413 nos
1035 1371 1079 1413 in
1112 1370 1195 1413 hac
1236 1385 1363 1413 causa
1407 1379 1498 1414 tam

100 1440 285 1498 gravitcr
304 1441 463 1497 arguis,
491 1439 705 1498 responde
728 1439 951 1499 quomodo
973 1440 1242 1499 expiaverint
1270 1440 1401 1484 vestri
1430 1456 1501 1484 sa-

98 1509 323 1568 crilegium
346 1510 549 1555 Feliciani
569 1519 612 1555 et
632 1512 898 1566 Praetextati,
918 1527 1019 1556 cum
1038 1512 1196 1571 quibus
1212 1520 1358 1570 postea
1377 1526 1496 1555 com-

97 1581 454 1634 municaverunt,
470 1581 696 1639 episcopos
712 1596 785 1626 eos
804 1582 884 1625 sibi
903 1581 1013 1625 sicut
1029 1591 1154 1625 antea
1175 1580 1348 1625 fuerant
1365 1597 1498 1641 copu-

99 1650 236 1694 lantes
258 1660 390 1710 atque
414 1651 661 1704 reddentes,
683 1667 762 1695 nec
782 1666 1050 1711 quemquam
1068 1666 1218 1695 eorum
1238 1667 1348 1711 quos
1364 1651 1427 1694 illi
1452 1653 1500 1694 in

97 1719 320 1778 sacrilegio
341 1720 582 1764 schismatis
598 1721 939 1779 baptizaverant,
961 1720 1109 1764 denuo
1129 1721 1412 1780 baptizantes.
1430 1723 1498 1763 An

97 1785 211 1833 forte
233 1805 321 1834 non
344 1799 469 1834 erant
492 1790 714 1848 sacrilegio
734 1790 956 1842 maculati,
981 1790 1091 1834 sicut
1109 1789 1286 1848 quidam
1305 1799 1499 1832 vestrum

97 1859 317 1918 desipiunt
342 1895 352 1914 ,
378 1860 571 1904 dicentes
589 1876 700 1914 ,non
714 1875 785 1904 eos
813 1860 857 1903 in
883 1863 1021 1903 Deum
1049 1894 1058 1913 ,
1091 1858 1165 1903 sed
1199 1859 1244 1902 in
1278 1859 1499 1902 hominem

97 1930 337 1989 peccavisse
367 1951 379 1986 ·,
407 1930 678 1988 sacrilegium
702 1945 805 1973 vero
829 1938 951 1973 tanto
975 1938 1036 1972 est
1060 1930 1229 1986 gravius
1248 1938 1498 1987 peccatum,

98 2010 268 2060 quanto
283 2000 499 2044 committi
518 2015 606 2044 non
622 2009 763 2058 potest
787 2000 866 2043 nisi
891 2000 934 2042 in
951 1999 1244 2043 DeumPUnde
1263 2015 1331 2042 me
1351 1999 1502 2057 dispu-

102 2071 266 2114 tatione
290 2079 362 2112 tua
384 2084 473 2113 non
497 2070 554 2113 ob
574 2069 691 2112 aliud
723 2069 994 2127 arguendum
1020 2069 1249 2113 arbitratus
1283 2084 1326 2112 es
1345 2104 1356 2122 ‚
1383 2069 1502 2128 quod

105 2140 166 2183 sic
184 2139 466 2198 suscipiamus
479 2154 551 2182 eos
573 2139 649 2198 qui
673 2155 695 2182 a
713 2140 834 2182 vobis
852 2139 905 2182 ad
925 2154 1001 2183 nos
1020 2148 1245 2182 transeunt
1259 2174 1270 2193 ‚
1291 2139 1371 2182 nisi
1401 2139 1503 2198 quia

106 2229 126 2251 «
146 2220 340 2253 vestrum
361 2209 447 2253 dixi
463 2210 719 2268 sacrilegum
751 2225 955 2254 errorem.
985 2213 1129 2267 »Lege
1149 2225 1249 2268 ergo
1273 2211 1505 2268 Bagaiense

106 2278 360 2323 concilium.
388 2281 552 2338 Nempe
575 2279 652 2322 ista
671 2278 760 2324 illic
775 2280 911 2338 prima
930 2280 1060 2323 verba
1079 2289 1179 2323 sunt
1203 2299 1211 2324 :
1234 2299 1252 2321 «
1277 2282 1387 2324 Cum
1408 2295 1505 2323 om·-

103 2350 340 2407 nipotentis
356 2349 432 2392 Dei
453 2358 496 2392 et
518 2350 677 2393 Christi
700 2351 791 2409 ejus
817 2349 1046 2394 Salvatoris
1063 2351 1195 2394 nostri
1208 2349 1433 2394 voluntate
1445 2366 1497 2394 ex

103 2419 312 2462 universis
333 2419 563 2477 provinciis
578 2419 738 2463 Africae
760 2420 980 2463 venientes
1002 2420 1047 2462 in
1075 2420 1252 2464 ccclesia
1273 2422 1504 2464 sanctaBa-

97 2488 257 2546 gaiensi
271 2487 503 2532 concilium
518 2489 1491 2545 gerei·emus,Gamalius,Primianus,Pontius‚

94 2556 410 2610 Secundianus‚
431 2558 679 2611 Januarius,
700 2558 973 2611 Saturninus,
1003 2558 1137 2612 Felix,
1166 2559 1382 2617 Pegasffls,
1399 2561 1495 2602 Ru-

96 2627 226 2680 finus,
256 2626 511 2680 Fortunius‚
535 2627 758 2684 Crispinus
776 2662 785 2672 ,
822 2626 1085 2676 Florentius,
1111 2629 1311 2686 Optatus,
1338 2631 1497 2673 Dona·
