1825 3264
0 251 17 316 «υτ,-
0 0 23 243 ’νῆ-ιτ·-

256 303 418 333 CONTRA
449 305 713 333 cnssscomtm
745 303 1034 343 nonnus-rua,
1070 306 1152 332 nn.
1185 306 1251 332 111.
1362 292 1442 333 427

39 371 42 373 ’
66 370 158 417 istis
173 368 471 429 imperialibus
499 367 668 428 legibus
682 368 927 429 juberetur,
951 369 1142 415 veritatis
1164 369 1329 414 ratione
1345 383 1447 429 pei·-

12 488 16 489 7
66 449 227 495 motuS,
252 438 479 487 manifesta
501 439 726 485 voluntate
752 440 994 495 transisset,
1018 439 1072 484 de
1097 440 1228 485 domo
1250 456 1327 485 sua
1348 455 1448 500 rap.-

67 520 138 558 tus
158 519 222 556 est
255 525 279 555 a
301 509 466 554 clericis
488 519 532 554 et
555 509 987 556 Circumcellionibus
1008 511 1183 555 vestris²
1203 546 1214 566 ,
1245 510 1343 556 luce
1368 526 1447 570 pa-

65 580 153 626 lam
175 581 222 626 in
242 579 467 625 castellum
490 581 735 640 proximum
756 580 939 635 ductuS,
963 589 1006 623 et
1023 579 1304 625 multitudine
1322 596 1448 640 spec-

28 654 33 657 ’
66 659 202 705 tante,
227 649 424 711 nihilque
447 651 639 695 resistere
660 649 871 702 audente,
898 650 953 694 ad
976 649 1201 694 furentum
1223 650 1448 694 arbitrium

65 720 256 765 fustibus
292 736 427 765 caesus
443 755 455 774 ,
490 721 535 764 in
579 719 734 766 lacuna
761 718 977 764 lutulenta
1011 718 1253 774 volutatus,
1288 721 1448 764 amictu

60 791 222 852 junceo
244 791 552 836 dehonestatus
573 810 582 835 :
603 800 882 851 posteaquam
907 791 1006 835 satis
1028 791 1315 849 excruciavitj,
1340 807 1449 836 ocu-

65 860 131 906 los
160 859 432 916 dolentium,
470 860 794 921 ridentiumque
828 861 1021 915 satiavit,
1060 860 1162 905 inde
1194 860 1352 905 ductus
1395 862 1450 905 ad

65 931 195 976 alium
217 929 363 976 locum
382 946 471 991 quo
488 947 617 976 nemo
636 944 882 976 nostrorum
899 930 1087 975 audebat
1104 930 1323 985 accedere,
1344 930 1450 975 duo-

66 1001 235 1046 decimo
254 1001 324 1046 die
347 1002 416 1046 vix
436 1001 637 1046 dimissus
671 1011 747 1047 est.
774 1005 868 1046 Hoc
889 1002 1091 1061 episcopo
1118 1011 1259 1046 vestro
1285 1002 1452 1061 Hippo-

65 1072 188 1117 nensi
211 1072 470 1116 Proculiano
490 1072 580 1131 ipse
597 1087 690 1116 sum
714 1081 907 1132 questus,
934 1072 1060 1130 gestis
1082 1087 1183 1116 sane
1205 1071 1450 1129 municipa-

64 1139 195 1196 libus,
211 1157 266 1186 ne
278 1142 310 1186 si
323 1142 430 1202 quid
443 1157 568 1200 agere
583 1151 691 1186 esset
704 1157 889 1196 necesse,
907 1142 988 1185 hoc
1004 1140 1057 1186 ad
1072 1156 1116 1185 se
1131 1150 1308 1200 negaret
1320 1140 1451 1185 fuisse

64 1211 298 1271 perlatum.
341 1211 457 1265 Quid
491 1211 786 1271 responderit,
820 1210 1194 1271 quemadmodum
1222 1212 1276 1255 ab
1305 1211 1453 1271 inqui-

66 1281 200 1326 renda
223 1297 351 1326 causa
374 1281 729 1337 dissimulaverit,
753 1290 1032 1342 nostramque
1056 1281 1345 1325 intentionem
1373 1279 1453 1325 do-

0 1359 2 1363 ’
64 1349 198 1395 losius
220 1349 483 1396 eludendam
516 1361 612 1411 post
633 1352 764 1396 etiam
787 1367 876 1396 non
891 1350 1195 1411 respondendo
1217 1351 1450 1409 putaverit,

21 1462 25 1469 .
66 1422 164 1465 satis
182 1421 333 1465 eadem
356 1430 473 1479 gesta
496 1430 724 1466 testantur.
752 1424 878 1466 Nunc
897 1437 1000 1466 vero
1025 1421 1102 1480 qui
1120 1421 1173 1465 ad
1194 1436 1271 1465 nos
1286 1437 1307 1465 a
1330 1421 1455 1466 vobis

8 1529 25 1553 ..Δ
67 1491 210 1536 clerici
233 1492 522 1545 transierunt,
557 1502 721 1553 quanta
755 1493 978 1551 patiantur
1010 1508 1032 1536 a
1062 1492 1238 1546 vestris,
1277 1492 1455 1551 quando

6 1590 8 1594 »
67 1576 242 1611 narrare
262 1563 528 1606 sufficimus?
554 1563 749 1621 Denique
771 1578 859 1607 non
884 1564 1153 1622 quicumque
1181 1561 1235 1606 ad
1254 1577 1332 1606 nos
1352 1561 1455 1605 inde

64 1633 268 1688 veniunt,
293 1634 520 1678 veritatem
545 1634 848 1693 persecutione
870 1633 1210 1692 derelinquunt3
1230 1633 1305 1677 sed
1328 1631 1455 1676 multi

67 1702 123 1748 ad
144 1718 222 1748 nos
248 1703 350 1748 inde
382 1719 471 1748 non
501 1705 702 1758 veniunt,
737 1706 840 1765 quia
871 1705 1216 1764 persecutionem
1254 1719 1277 1747 a
1307 1702 1456 1747 vestris
1486 1747 1490 1751 ,

67 1788 147 1834 pro
174 1773 354 1818 veritate
375 1774 543 1834 perpeti
565 1783 783 1819 metuunt.

126 1845 240 1888 LIV.
261 1845 398 1889 Aufer
418 1845 564 1905 itaque
588 1844 642 1889 de
670 1843 814 1888 medio
839 1857 1128 1902 supervacuas
1150 1841 1333 1887 invidias
1358 1856 1456 1886 mo-

68 1912 306 1970 lestiarum,
327 1930 435 1974 quas
454 1914 669 1972 regalibus
681 1915 808 1974 jussis
821 1929 900 1973 pro
916 1923 1060 1959 vestro
1076 1928 1221 1958 errore
1237 1912 1454 1971 patimini,

69 1998 299 2043 perparvas
329 1993 371 2028 et
404 2000 539 2044 prope
567 1984 708 2029 nullas
740 2000 819 2044 pro
850 1999 1009 2043 magno
1027 1984 1174 2028 furore
1192 1993 1453 2036 vestrorum,

68 2057 334 2113 imputantes
349 2055 478 2100 etiam
498 2055 624 2099 nobis
643 2070 743 2114 quae
765 2056 820 2099 ab
835 2055 933 2114 ipsis
953 2055 1132 2098 terrenis
1150 2053 1454 2113 potestatibus,

69 2133 120 2168 ut
142 2133 384 2170 vestrorum
412 2126 600 2185 impetus
623 2141 645 2170 a
668 2141 743 2169 sua
765 2124 904 2170 salute
934 2124 1180 2184 depellant,
1205 2123 1457 2168 necessitate

69 2194 203 2249 fiunt,
228 2211 317 2240 non
339 2195 581 2243 voluntate.
608 2199 758 2256 Neque
781 2197 814 2240 si
832 2195 1120 2255 quadraginta
1139 2193 1218 2250 illi,
1244 2195 1321 2254 qui
1345 2197 1457 2238 Pau-

70 2263 163 2314 lum
186 2265 430 2325 apostolum
464 2267 706 2311 interficere
733 2267 1068 2326 conjuraverant
1088 2268 1118 2319 ¹,
1156 2265 1201 2310 in
1225 2272 1411 2309 armatos
1433 2278 1456 2307 a

71 2335 231 2395 quibus
274 2335 573 2381 deducebatur
594 2337 839 2391 irruissent,
878 2342 1117 2395 poenasque
1141 2334 1453 2393 sumpsissent,

72 2404 210 2458 Paulo
230 2405 308 2450 ista
331 2405 505 2451 fuerant
526 2406 797 2465 imputanda.
821 2407 987 2450 Omitto
1007 2404 1126 2465 quod
1149 2405 1278 2448 etiam
1297 2403 1457 2448 volun-

71 2475 200 2521 tarias
221 2485 406 2530 mortes,
439 2491 545 2535 quas
566 2476 644 2535 ipsi
675 2476 756 2520 sibi
779 2476 1008 2534 ingerunt,
1034 2476 1078 2519 in
1101 2489 1179 2518 nos
1204 2472 1457 2518 mentiendo

72 2543 329 2591 transfertis.
352 2547 461 2591 Nam
483 2545 538 2590 de
560 2545 759 2592 Marculo
779 2548 858 2603 (6),
884 2544 1005 2605 quod
1031 2560 1075 2590 se
1097 2545 1186 2604 ipse
1209 2543 1452 2604 praecipita-

125 2635 134 2659 1
158 2631 231 2663 Act.
252 2640 307 2670 ιιι,
335 2638 372 2664 12
387 2634 419 2663 et
442 2631 494 2663 31.
