1825 3264
358 251 440 290 402
789 257 822 285 s.
857 254 1087 284 Aucus'rmi
1118 257 1301 285 Emscom

358 349 378 372 »
413 327 604 372 dictione
640 332 684 369 et
718 324 1008 370 amaritudine
1048 324 1228 383 plenum
1269 333 1358 379 est,
1401 324 1569 369 veloces
1605 322 1734 382 pedes

357 417 378 440 »
415 412 567 443 eorum
589 396 644 441 ad
665 395 983 441 effundendum
1005 395 1259 453 sanguinem
1278 397 1291 421 ²
1312 413 1321 440 ε
1344 413 1365 437 »
1391 394 1595 440 contritio
1609 403 1652 438 et
1674 395 1736 438 in-

354 468 534 513 felicitas
555 468 601 511 in
621 467 699 512 viis
719 482 886 523 eorum,
921 475 965 512 et
984 467 1098 511 viam
1122 466 1237 525 pacis
1258 481 1348 510 non
1371 473 1684 525 cognoverunt.
1712 482 1738 506 ι»

358 538 521 583 Deinde
557 537 690 598 paulo
719 547 818 598 post
839 572 850 593 ,
882 552 983 582 cum
1013 551 1161 581 omnes
1189 536 1456 581 ordinatores
1487 535 1737 580 Maximiani

354 610 613 655 nominatim
635 617 926 654 enumerasset
946 643 957 664 ,
981 608 1094 652 inter
1114 622 1224 667 quos
1250 607 1379 652 etiam
1405 607 1474 651 isti
1496 606 1552 651 de
1578 606 1738 666 quibus

355 695 437 739 ago
455 715 466 735 ,
487 682 519 723 F
525 679 730 724 elicianus
748 688 790 724 et
809 682 1093 723 Praetextatus
1106 677 1329 737 leguntur,
1350 676 1456 738 quid
1472 677 1670 730 fecerint,
1688 684 1738 720 ut

354 759 475 795 tanta
495 750 542 794 in
564 765 636 795 eos
658 750 788 809 digne
809 749 995 794 dicenda
1017 758 1157 794 essent
1181 784 1191 805 ,
1221 749 1280 794 ita
1307 749 1530 809 subjungit
1554 767 1563 793 :
1598 766 1618 790 «
1653 747 1738 800 Qui

355 819 545 876 funesto,
574 822 734 882 inquit,
766 835 896 880 opere
921 818 1175 880 perditionis
1205 835 1277 864 vas
1305 819 1530 864 sordidum
1557 817 1738 863 collecta

354 891 609 936 foeculentia
638 891 911 950 glutinarunt
938 910 947 936 :
975 909 995 932 »
1020 891 1080 934 sic
1104 889 1288 949 intelligi
1315 889 1480 944 volens,
1510 889 1629 949 quod
1658 887 1739 947 ipsi

354 962 561 1006 affuerint
583 997 593 1016 ,
618 962 697 1021 ipsi
718 962 1030 1007 Maximianum
1050 960 1261 1018 impositis
1284 959 1486 1003 manibus
1507 959 1741 1004 ordinave-

354 1033 456 1076 rint.
499 1032 676 1076 Addens
713 1033 840 1076 etiam
882 1032 938 1075 de
979 1030 1250 1088 Carthaginis
1283 1029 1446 1074 clericis
1479 1049 1487 1074 ;
1525 1028 1658 1074 «Sed
1698 1038 1742 1073 et
1786 1034 1790 1084 ξ

354 1101 553 1157 clericos,
582 1102 752 1162 inquit,
790 1101 1066 1160 Carthaginis
1098 1100 1302 1145 Ecclesiae
1318 1136 1328 1156 ,
1373 1101 1447 1160 qui
1488 1100 1595 1145 dum
1633 1099 1741 1144 faci-

355 1173 451 1217 nori
474 1173 706 1227 intersunt,
730 1171 881 1216 illicito
898 1172 1080 1216 incestui
1101 1171 1366 1216 lenocinium
1387 1171 1686 1230 praebuerunt.
1718 1187 1738 1211 »

412 1244 576 1287 XXVI.
608 1246 733 1302 Rogo
760 1251 802 1286 te
819 1277 830 1297 ,
859 1243 1063 1288 Cresconi
1081 1276 1092 1296 ,
1115 1242 1331 1302 numquid
1353 1241 1453 1286 ullis
1476 1242 1579 1285 meis
1601 1241 1741 1285 verbis

355 1313 438 1357 hoc
466 1313 631 1357 crimen
652 1314 890 1372 exaggero?
912 1311 1039 1365 Quod
1062 1312 1095 1355 si
1124 1312 1354 1356 voluissem
1373 1347 1383 1368 ,
1410 1312 1589 1356 fortasse
1605 1310 1710 1354 mihi
1727 1345 1738 1366 ,

356 1384 434 1427 etsi
468 1398 557 1427 non
591 1383 692 1427 talia
712 1418 723 1438 ‚
759 1392 905 1427 tamen
941 1382 1319 1443 qualitercumque
1358 1381 1615 1426 sufficientia
1653 1396 1744 1426 non

355 1452 609 1498 defuissent.
642 1457 800 1507 Quaero
824 1453 958 1513 igitur
989 1454 1066 1497 abs
1093 1463 1151 1508 te,
1186 1462 1419 1513 antequam
1449 1453 1515 1498 isti
1542 1452 1655 1508 duo,
1688 1451 1744 1496 de

355 1524 517 1584 quibus
538 1524 713 1569 interim
737 1540 840 1584 ago,
866 1524 922 1568 ad
949 1533 1103 1569 vestrae
1127 1525 1446 1569 communionis
1468 1522 1743 1569 concordiam

357 1604 644 1650 remeassent,
671 1595 717 1639 in
743 1595 817 1639 illa
839 1604 992 1639 catena
1014 1595 1225 1655 sacrilegii
1249 1595 1500 1650 constituti,
1527 1595 1608 1639 sub
1630 1609 1745 1654 quo-

358 1679 454 1707 rum
484 1664 606 1708 labiis
634 1674 724 1708 erat
745 1681 963 1710 venenum
987 1666 1202 1725 aspidum,
1225 1682 1325 1710 cum
1347 1682 1420 1711 ore
1445 1665 1575 1724 pleno
1606 1664 1743 1708 male-

358 1733 549 1779 dictione
567 1743 609 1778 et
627 1734 915 1779 amaritudine
936 1770 945 1790 ,
966 1750 1066 1779 curn
1085 1736 1270 1795 pedibus
1287 1737 1510 1781 velocibus
1532 1736 1586 1780 ad
1607 1736 1745 1780 effun-

359 1803 554 1847 dendum
577 1804 831 1863 sanguinem
855 1840 866 1860 ,
893 1804 1117 1865 quomodo
1138 1805 1441 1865 baptizarunt?
1458 1806 1682 1866 Numquid
1699 1805 1745 1848 in

356 1874 421 1917 his
446 1883 539 1919 erat
566 1875 830 1920 conscientia
851 1885 998 1920 sancte
1026 1874 1224 1920 dantium
1249 1912 1260 1932 ,
1291 1892 1391 1936 quae
1413 1875 1610 1921 ablueret
1632 1875 1746 1920 acci-

360 1944 605 2004 pientium?
629 1945 854 2005 Numquid
878 1960 949 1990 eos
978 1945 1129 1990 saltem
1158 1945 1271 1990 fama
1294 1947 1409 1991 bona
1430 1946 1499 1991 vel
1523 1946 1747 1991 falsissima

360 2015 712 2071 commendabat,
751 2032 851 2076 quae
890 2017 969 2060 tibi
1002 2017 1048 2061 in
1079 2017 1161 2062 illis
1189 2019 1396 2077 angustiis
1423 2034 1511 2062 non
1531 2034 1617 2078 qua
1646 2032 1748 2062 eva-

360 2085 498 2141 deres,
531 2087 606 2130 sed
639 2103 725 2146 qua
749 2096 790 2131 te
812 2087 1101 2147 praecipitares
1125 2088 1286 2132 exitum
1309 2089 1526 2148 praebuit,
1552 2102 1652 2132 cum
1674 2102 1746 2131 eos

360 2165 449 2200 tam
486 2157 654 2216 insigne
681 2158 914 2202 concilium
949 2158 1105 2203 clamet
1134 2158 1329 2204 «famosi
1367 2157 1556 2203 criminis
1585 2161 1742 2203 reos?»
1782 2181 1787 2185 -

360 2225 610 2271 Redeuntes
632 2227 790 2272 deinde
808 2263 818 2282 ,
850 2228 961 2272 sicut
983 2227 1089 2272 falsa
1111 2229 1388 2273 narrantibus
1414 2229 1562 2274 vestris
1585 2229 1748 2288 episco-

1821 2239 1825 2263 l

361 2297 425 2355 pis
454 2296 691 2352 credidisti,
727 2307 826 2342 ante
848 2297 1066 2343 dilationis
1095 2299 1228 2355 diem,
1259 2300 1481 2360 quomodo
1508 2300 1747 2360 suscipiun-
1780 2327 1783 2331 >
1822 2308 1825 2334 ἐ

361 2376 432 2411 tur
452 2367 498 2411 in
520 2368 760 2413 honoribus
783 2368 890 2424 suis,
913 2384 1014 2413 cum
1039 2369 1097 2413 eis
1119 2385 1227 2430 quos
1249 2379 1365 2414 extra
1390 2370 1624 2415 Ecclesiam
1644 2384 1746 2414 cum
1779 2384 1788 2411 i
1821 2377 1825 2404 1

357 2438 641 2494 Maximiano,
672 2440 896 2484 constituti
917 2440 961 2484 in
983 2449 1135 2484 catena
1159 2441 1351 2499 sacrilegi
1373 2441 1611 2486 schismatis
1633 2441 1745 2500 bap-

361 2508 626 2553 tizaverant?
648 2509 776 2555 Unde
804 2527 827 2555 a
855 2509 1075 2570 sacrilegio
1099 2520 1221 2558 tanto
1251 2512 1508 2572 expiantur?
1530 2515 1567 2557 A
1593 2520 1745 2557 catena
1779 2526 1784 2534 ·

410 2597 417 2613 ¹
442 2591 520 2623 Psal.
542 2602 611 2632 xm,
633 2593 663 2625 3.

1818 2521 1825 2563 l
