1825 3264
301 236 385 276 286
735 239 769 269 s.
805 239 1036 270 meus-nm
1068 240 1249 269 zmscom

299 311 419 374 quod
437 311 591 353 inerat.
621 325 642 348 «
663 304 914 362 Manifesta,
939 306 1109 367 inquit,
1130 313 1232 350 sunt
1260 318 1390 364 opera
1408 304 1547 348 carnis
1561 337 1573 358 ,
1590 318 1692 363 quae

310 402 330 425 »
356 390 457 427 sunt
478 379 801 433 fornicatione3‚
814 377 1122 432 immunditiae,
1147 376 1348 430 luxuriae,
1363 375 1582 420 idolorum
1603 389 1692 418 ser-

303 472 323 495 »
351 453 479 506 vitus,
504 450 728 505 veneficia,
752 450 1007 502 inimicitiae,
1032 448 1349 502 contentiones,
1373 445 1690 501 aemulationes,

300 541 321 565 »
348 521 655 576 animositateS,
680 520 981 575 dissensiones,
1001 521 1200 574 haereses,
1225 517 1418 574 invidiae,
1437 517 1690 571 ebrietates,

307 614 324 636 »
349 593 682 638 comessationes
697 626 709 647 ,
734 601 777 637 et
807 592 873 636 his
890 591 1042 636 similia
1061 626 1071 647 ,
1102 606 1201 651 quae
1222 588 1414 650 praedico
1435 588 1560 634 vobis
1582 588 1697 632 sicut

306 684 324 707 n
350 663 547 725 praedixi,
567 665 774 724 quoniam
792 664 867 724 qui
889 662 971 708 alia
995 671 1149 722 agunt,
1168 677 1354 722 regnum
1376 661 1453 705 Dei
1475 675 1566 705 non
1594 674 1696 719 pos-

307 754 328 777 »
349 736 556 780 sidebunt
578 737 608 779 ¹.
636 754 656 776 »
682 736 844 779 Omnes
862 735 1008 795 itaque
1025 734 1093 778 isti
1116 750 1206 779 non
1220 732 1382 778 suntin
1394 731 1502 786 lilio,
1523 746 1604 775 nec
1623 744 1695 774 su-

303 822 379 866 per
403 815 570 866 petram
593 825 603 851 ;
628 805 741 850 inter
762 806 840 850 hos
862 814 1009 849 autem
1036 813 1078 848 et
1098 804 1286 849 haeretici
1315 802 1443 862 positi
1465 810 1583 846 sunt.
1609 802 1699 846 Cur

304 893 406 936 ergo
427 893 519 931 vos,
535 886 585 921 ut
606 877 802 921 omittam
827 886 999 932 caetera,
1014 891 1104 920 non
1123 875 1349 934 baptizatis
1370 882 1469 933 post
1490 872 1695 926 ebriosos,

302 949 567 1003 luxuriosos,
598 947 783 1002 invidos,
809 948 886 1007 qui
910 962 1095 1006 regnum
1121 947 1195 991 Dei
1218 962 1307 991 non
1325 944 1628 1005 possidebunt,
1652 951 1697 986 et

305 1019 404 1064 ideo
423 1021 468 1063 in
489 1028 611 1078 petra
629 1034 719 1063 non
741 1028 842 1062 sunt
864 1039 875 1075 3
899 1027 942 1061 et
956 1018 1059 1076 quia
1082 1017 1127 1060 in
1141 1026 1263 1075 petra
1285 1031 1376 1060 non
1397 1023 1524 1070 sunt,
1549 1011 1706 1074 procul

307 1091 444 1135 dubio
466 1091 513 1133 in
535 1088 727 1134 Ecclesia
746 1105 836 1134 non
855 1088 1152 1148 deputantur,
1177 1088 1279 1148 quia
1306 1107 1324 1129 «
1345 1089 1483 1146 Super
1502 1087 1615 1130 hanc
1633 1099 1707 1144 pe-

311 1180 330 1203 »
344 1172 472 1217 tram,
483 1162 642 1222 inquit,
653 1160 880 1205 aedificabo
896 1159 1135 1205 Ecclesiam
1154 1175 1296 1205 meam
1310 1178 1318 1205 :
1330 1177 1349 1201 »
1366 1168 1410 1204 et
1423 1157 1641 1204 nosvultis
1654 1165 1706 1201 ut

308 1233 578 1293 baptizemus
592 1242 690 1293 post
702 1232 947 1287 haereticos,
963 1232 1038 1291 qui
1050 1232 1163 1276 inter
1174 1231 1345 1276 easdem
1365 1231 1506 1290 spinas
1523 1242 1707 1288 regnum

308 1304 385 1348 Dei
419 1320 510 1349 non
537 1319 802 1363 possessuras
831 1303 1073 1347 enumerati
1106 1311 1207 1346 sunt
1224 1336 1236 1357 ,
1257 1311 1299 1346 et
1326 1301 1488 1361 quibus
1512 1299 1710 1345 similiter

310 1384 578 1419 sacramenta
591 1375 760 1429 insunt,
779 1373 958 1434 quando
976 1373 1126 1417 eadem
1144 1382 1272 1430 sunt,
1296 1372 1373 1417 sed
1395 1388 1484 1417 non
1509 1378 1706 1431 prosunt,

311 1445 413 1505 quia
433 1460 533 1489 cum
555 1443 630 1489 illa
648 1453 764 1488 recta
782 1445 883 1498 sint,
895 1444 974 1503 ipsi
989 1444 1180 1503 perversi
1197 1445 1328 1487 sunt?

371 1518 510 1560 LXII.
528 1518 633 1560 Haec
655 1516 747 1560 sine
770 1515 1007 1574 pertinacia
1026 1514 1348 1559 considerantes
1365 1522 1498 1573 atque
1518 1511 1713 1570 cogitan-

313 1596 390 1641 tes,
417 1587 543 1630 facile
567 1587 747 1646 potestis
770 1585 1035 1644 intelligere,
1057 1585 1103 1629 id
1123 1586 1170 1629 in
1197 1600 1375 1645 quoque
1401 1582 1711 1643 corrigendum

313 1672 403 1702 esse
425 1656 546 1718 quod
569 1672 751 1716 pravum
767 1665 847 1711 est,
868 1656 988 1717 quod
1002 1665 1146 1701 autem
1164 1666 1332 1701 rectum
1356 1664 1441 1710 est,
1468 1654 1715 1715 approban-

315 1731 421 1773 dum
438 1749 448 1785 3
465 1738 509 1773 et
525 1729 609 1773 hoc
631 1728 826 1772 dandum
848 1744 937 1772 esse
956 1727 1076 1788 quod
1094 1727 1248 1782 deerit,
1267 1727 1387 1787 quod
1398 1736 1544 1772 autem
1562 1725 1710 1780 inerit,

316 1799 853 1858 agnoscendum.Veniens
870 1800 1018 1859 itaque
1037 1799 1265 1843 haereticus
1287 1808 1338 1843 ut
1358 1797 1600 1843 catholicus
1618 1797 1710 1851 fiat,

317 1886 507 1915 errorem
529 1871 715 1930 corrigat
737 1871 986 1930 proprium,
1009 1885 1099 1914 non
1121 1870 1282 1915 Christi
1308 1869 1441 1914 violet
1467 1882 1717 1913 sacramen-

318 1952 437 1987 tum:
463 1942 645 2002 accipiat
663 1941 887 1986 vinculum
904 1941 1021 2001 pacis
1038 1940 1160 2001 quod
1174 1956 1263 1985 non
1283 1940 1492 1994 habebat,
1515 1940 1607 1983 sine
1625 1953 1715 1998 quo

319 2012 382 2056 illi
400 2011 601 2072 prodesse
624 2029 712 2058 non
734 2021 906 2073 poterat
928 2012 1142 2072 baptisma
1161 2011 1284 2072 quod
1311 2010 1515 2055 habebat.
1540 2011 1718 2054 Utrum-

320 2098 406 2143 que
423 2084 539 2127 enim
553 2084 844 2128 necessarium
862 2092 926 2127 est
948 2084 1004 2127 ad
1019 2098 1202 2142 regnum
1220 2083 1296 2127 Dei
1314 2079 1659 2141 adipiscendum,
1673 2088 1719 2123 et

322 2154 578 2212 baptismus,
599 2163 640 2198 et
652 2155 835 2213 justitia.
858 2156 914 2198 Et
934 2154 981 2197 in
998 2162 1302 2213 contemptore
1319 2151 1497 2212 quidem
1512 2149 1718 2211 baptismi

322 2223 484 2268 Christi
505 2239 595 2268 non
613 2234 754 2282 potest
777 2239 867 2268 esse
881 2223 1050 2284 justitia
1070 2243 1078 2268 :
1105 2223 1345 2283 baptismus
1366 2231 1514 2266 autem
1535 2230 1579 2265 et
1597 2222 1642 2264 in
1665 2235 1717 2264 eo

324 2295 399 2354 qui
413 2295 624 2354 justitiam
643 2310 731 2340 non
749 2295 883 2339 habet
899 2329 910 2347 ‚
931 2303 1076 2354 potest
1093 2309 1184 2338 esse
1201 2328 1212 2348 ,
1236 2292 1312 2337 sed
1334 2307 1424 2337 non
1453 2300 1594 2351 potest
1615 2305 1719 2350 pro-

326 2365 462 2410 desse.
504 2367 624 2412 Sicut
650 2366 765 2410 enim
798 2367 967 2410 Veritas
997 2365 1105 2410 dixit
1130 2385 1138 2410 :
1170 2384 1191 2407 «
1228 2365 1271 2410 Si
1298 2364 1395 2425 quis
1427 2379 1518 2408 non
1541 2371 1718 2407 renatus

328 2455 348 2477 »
372 2436 506 2482 fuerit
526 2453 578 2482 ex
601 2454 714 2498 aqua
736 2447 779 2482 et
801 2437 980 2497 Spiritu,
1000 2452 1087 2482 non
1110 2436 1291 2482 intrabit
1312 2435 1358 2480 in
1374 2449 1561 2495 regnum
1583 2433 1720 2479 coelo-

333 2525 353 2548 »
373 2523 471 2551 rum
492 2511 509 2535 ²
535 2528 546 2553 ι
578 2527 599 2551 »
629 2509 688 2553 ita
715 2508 868 2554 eadem
896 2508 1062 2554 Veritas
1089 2508 1198 2554 dixit
1220 2526 1230 2553 :
1259 2526 1280 2551 «
1312 2507 1401 2554 Nisi
1426 2503 1721 2552 abundaverit

381 2599 390 2616 ¹
411 2593 480 2626 Gal.
504 2603 536 2635 v,
558 2604 659 2636 19.—
675 2600 687 2617 ²
707 2596 799 2628 Joan.
818 2605 869 2636 111,
888 2595 919 2628 3.
