<?xml version="1.0" encoding="UTF-8"?>
<!DOCTYPE html PUBLIC "-//W3C//DTD XHTML 1.0 Transitional//EN"
    "http://www.w3.org/TR/xhtml1/DTD/xhtml1-transitional.dtd">
<html xmlns="http://www.w3.org/1999/xhtml" xml:lang="en" lang="en">
 <head>
  <title>
</title>
<meta http-equiv="Content-Type" content="text/html;charset=utf-8" />
  <meta name='ocr-system' content='tesseract 3.04.00' />
  <meta name='ocr-capabilities' content='ocr_page ocr_carea ocr_par ocr_line ocrx_word'/>
</head>
<body>
  <div class='ocr_page' id='page_1' title='image "./operaomniaaccura32auguuoft_0531.png"; bbox 0 0 1825 3264; ppageno 0'>
   <div class='ocr_carea' id='block_1_1' title="bbox 282 299 1480 346">
    <p class='ocr_par' dir='ltr' id='par_1_1' title="bbox 282 299 1480 346">
     <span class='ocr_line' id='line_1_1' title="bbox 282 299 1480 346; baseline 0.002 -13"><span class='ocrx_word' id='word_1_1' title='bbox 282 306 444 334; x_wconf 62' lang='lat' dir='ltr'>cowrna</span> <span class='ocrx_word' id='word_1_2' title='bbox 477 307 740 335; x_wconf 70' lang='lat' dir='ltr'>canscomim</span> <span class='ocrx_word' id='word_1_3' title='bbox 774 306 1062 346; x_wconf 68' lang='lat' dir='ltr'>nonnis‘rtm,</span> <span class='ocrx_word' id='word_1_4' title='bbox 1098 308 1181 336; x_wconf 76' lang='lat' dir='ltr'>nn.</span> <span class='ocrx_word' id='word_1_5' title='bbox 1219 309 1277 335; x_wconf 75' lang='lat' dir='ltr'>iv.</span> <span class='ocrx_word' id='word_1_6' title='bbox 1403 299 1480 335; x_wconf 71' lang='lat'>521</span> 
     </span>
    </p>
   </div>
   <div class='ocr_carea' id='block_1_2' title="bbox 100 370 1501 2693">
    <p class='ocr_par' dir='ltr' id='par_1_2' title="bbox 100 370 1498 1705">
     <span class='ocr_line' id='line_1_2' title="bbox 105 370 1488 433; baseline 0.003 -19"><span class='ocrx_word' id='word_1_7' title='bbox 105 372 287 429; x_wconf 87' lang='lat' dir='ltr'>majores</span> <span class='ocrx_word' id='word_1_8' title='bbox 310 372 438 416; x_wconf 84' lang='lat' dir='ltr'>vestri</span> <span class='ocrx_word' id='word_1_9' title='bbox 454 372 500 416; x_wconf 93' lang='lat' dir='ltr'>in</span> <span class='ocrx_word' id='word_1_10' title='bbox 519 370 593 416; x_wconf 87' lang='lat' dir='ltr'>illa</span> <span class='ocrx_word' id='word_1_11' title='bbox 611 372 834 431; x_wconf 87' lang='lat' dir='ltr'>perspicue</span> <span class='ocrx_word' id='word_1_12' title='bbox 858 387 973 428; x_wconf 89' lang='lat' dir='ltr'>vera,</span> <span class='ocrx_word' id='word_1_13' title='bbox 999 374 1044 417; x_wconf 90' lang='lat' dir='ltr'>in</span> <span class='ocrx_word' id='word_1_14' title='bbox 1065 375 1189 433; x_wconf 87' lang='lat' dir='ltr'>cujus</span> <span class='ocrx_word' id='word_1_15' title='bbox 1206 373 1371 418; x_wconf 88' lang='lat' dir='ltr'>unitate</span> <span class='ocrx_word' id='word_1_16' title='bbox 1390 373 1488 418; x_wconf 86' lang='lat' dir='ltr'>fue-</span> 
     </span>
     <span class='ocr_line' id='line_1_3' title="bbox 106 440 1490 502; baseline 0.002 -18"><span class='ocrx_word' id='word_1_17' title='bbox 106 449 236 495; x_wconf 85' lang='lat' dir='ltr'>runt,</span> <span class='ocrx_word' id='word_1_18' title='bbox 264 456 318 485; x_wconf 91' lang='lat' dir='ltr'>ne</span> <span class='ocrx_word' id='word_1_19' title='bbox 341 442 396 485; x_wconf 90' lang='lat' dir='ltr'>ab</span> <span class='ocrx_word' id='word_1_20' title='bbox 430 440 503 486; x_wconf 88' lang='lat' dir='ltr'>illa</span> <span class='ocrx_word' id='word_1_21' title='bbox 529 451 858 502; x_wconf 75' lang='lat' dir='ltr'>separarentur,</span> <span class='ocrx_word' id='word_1_22' title='bbox 900 443 1041 487; x_wconf 73' lang='lat' dir='ltr'>facere</span> <span class='ocrx_word' id='word_1_23' title='bbox 1074 444 1335 488; x_wconf 85' lang='lat' dir='ltr'>debuerunt.</span> <span class='ocrx_word' id='word_1_24' title='bbox 1370 445 1490 489; x_wconf 85' lang='lat' dir='ltr'>Sicut</span> 
     </span>
     <span class='ocr_line' id='line_1_4' title="bbox 106 510 1489 574; baseline 0.004 -20"><span class='ocrx_word' id='word_1_25' title='bbox 106 511 221 555; x_wconf 79' lang='lat' dir='ltr'>enim</span> <span class='ocrx_word' id='word_1_26' title='bbox 245 510 428 571; x_wconf 84' lang='lat' dir='ltr'>quilibet</span> <span class='ocrx_word' id='word_1_27' title='bbox 452 514 582 571; x_wconf 88' lang='lat' dir='ltr'>partis</span> <span class='ocrx_word' id='word_1_28' title='bbox 608 522 760 558; x_wconf 85' lang='lat' dir='ltr'>vestrae</span> <span class='ocrx_word' id='word_1_29' title='bbox 777 513 909 558; x_wconf 90' lang='lat' dir='ltr'>homo</span> <span class='ocrx_word' id='word_1_30' title='bbox 931 529 1105 558; x_wconf 88' lang='lat' dir='ltr'>causam</span> <span class='ocrx_word' id='word_1_31' title='bbox 1137 515 1341 559; x_wconf 90' lang='lat' dir='ltr'>Primiani</span> <span class='ocrx_word' id='word_1_32' title='bbox 1367 531 1489 574; x_wconf 89' lang='lat' dir='ltr'>pror-</span> 
     </span>
     <span class='ocr_line' id='line_1_5' title="bbox 103 584 1492 644; baseline 0.003 -17"><span class='ocrx_word' id='word_1_33' title='bbox 103 598 174 627; x_wconf 90' lang='lat' dir='ltr'>sus</span> <span class='ocrx_word' id='word_1_34' title='bbox 198 584 420 641; x_wconf 84' lang='lat' dir='ltr'>ignorans,</span> <span class='ocrx_word' id='word_1_35' title='bbox 447 593 589 628; x_wconf 79' lang='lat' dir='ltr'>tamen</span> <span class='ocrx_word' id='word_1_36' title='bbox 611 586 808 644; x_wconf 86' lang='lat' dir='ltr'>quamvis</span> <span class='ocrx_word' id='word_1_37' title='bbox 833 601 855 629; x_wconf 90' lang='lat' dir='ltr'>a</span> <span class='ocrx_word' id='word_1_38' title='bbox 877 595 1054 629; x_wconf 88' lang='lat' dir='ltr'>centum</span> <span class='ocrx_word' id='word_1_39' title='bbox 1083 587 1492 631; x_wconf 83' lang='lat' dir='ltr'>Maximianensibus</span> 
     </span>
     <span class='ocr_line' id='line_1_6' title="bbox 103 655 1492 718; baseline 0.004 -21"><span class='ocrx_word' id='word_1_40' title='bbox 103 655 380 710; x_wconf 88' lang='lat' dir='ltr'>damnatum,</span> <span class='ocrx_word' id='word_1_41' title='bbox 401 655 652 715; x_wconf 86' lang='lat' dir='ltr'>simpliciter</span> <span class='ocrx_word' id='word_1_42' title='bbox 681 657 956 701; x_wconf 88' lang='lat' dir='ltr'>innocentem</span> <span class='ocrx_word' id='word_1_43' title='bbox 977 656 1115 702; x_wconf 87' lang='lat' dir='ltr'>credit</span> <span class='ocrx_word' id='word_1_44' title='bbox 1138 672 1255 712; x_wconf 89' lang='lat' dir='ltr'>eum,</span> <span class='ocrx_word' id='word_1_45' title='bbox 1277 658 1353 718; x_wconf 92' lang='lat' dir='ltr'>qui</span> <span class='ocrx_word' id='word_1_46' title='bbox 1370 666 1492 702; x_wconf 89' lang='lat' dir='ltr'>tanto</span> 
     </span>
     <span class='ocr_line' id='line_1_7' title="bbox 105 724 1489 786; baseline 0.004 -18"><span class='ocrx_word' id='word_1_47' title='bbox 105 724 302 784; x_wconf 87' lang='lat' dir='ltr'>pluribus</span> <span class='ocrx_word' id='word_1_48' title='bbox 324 741 367 769; x_wconf 94' lang='lat' dir='ltr'>se</span> <span class='ocrx_word' id='word_1_49' title='bbox 385 725 585 786; x_wconf 89' lang='lat' dir='ltr'>probavit</span> <span class='ocrx_word' id='word_1_50' title='bbox 607 746 615 771; x_wconf 93' lang='lat'>:</span> <span class='ocrx_word' id='word_1_51' title='bbox 641 727 699 771; x_wconf 89' lang='lat' dir='ltr'>ita</span> <span class='ocrx_word' id='word_1_52' title='bbox 714 727 843 772; x_wconf 89' lang='lat' dir='ltr'>etiam</span> <span class='ocrx_word' id='word_1_53' title='bbox 861 726 907 771; x_wconf 90' lang='lat' dir='ltr'>in</span> <span class='ocrx_word' id='word_1_54' title='bbox 928 729 1237 772; x_wconf 88' lang='lat' dir='ltr'>communione</span> <span class='ocrx_word' id='word_1_55' title='bbox 1259 727 1489 784; x_wconf 87' lang='lat' dir='ltr'>catholica,</span> 
     </span>
     <span class='ocr_line' id='line_1_8' title="bbox 103 797 1494 856; baseline 0.003 -16"><span class='ocrx_word' id='word_1_56' title='bbox 103 812 235 856; x_wconf 84' lang='lat' dir='ltr'>quem</span> <span class='ocrx_word' id='word_1_57' title='bbox 257 812 383 841; x_wconf 88' lang='lat' dir='ltr'>causa</span> <span class='ocrx_word' id='word_1_58' title='bbox 411 797 631 842; x_wconf 85' lang='lat' dir='ltr'>Caeciliani</span> <span class='ocrx_word' id='word_1_59' title='bbox 655 798 778 851; x_wconf 88' lang='lat' dir='ltr'>latet,</span> <span class='ocrx_word' id='word_1_60' title='bbox 820 814 908 843; x_wconf 90' lang='lat' dir='ltr'>non</span> <span class='ocrx_word' id='word_1_61' title='bbox 932 799 1148 844; x_wconf 91' lang='lat' dir='ltr'>immerito</span> <span class='ocrx_word' id='word_1_62' title='bbox 1179 799 1260 843; x_wconf 91' lang='lat' dir='ltr'>sibi</span> <span class='ocrx_word' id='word_1_63' title='bbox 1287 799 1494 844; x_wconf 89' lang='lat' dir='ltr'>innocen·</span> 
     </span>
     <span class='ocr_line' id='line_1_9' title="bbox 103 865 1494 928; baseline 0.002 -18"><span class='ocrx_word' id='word_1_64' title='bbox 103 876 191 911; x_wconf 88' lang='lat' dir='ltr'>tem</span> <span class='ocrx_word' id='word_1_65' title='bbox 209 865 338 911; x_wconf 86' lang='lat' dir='ltr'>fuisse</span> <span class='ocrx_word' id='word_1_66' title='bbox 361 866 591 926; x_wconf 83' lang='lat' dir='ltr'>persuadet</span> <span class='ocrx_word' id='word_1_67' title='bbox 606 883 723 921; x_wconf 86' lang='lat' dir='ltr'>eum,</span> <span class='ocrx_word' id='word_1_68' title='bbox 742 870 922 928; x_wconf 85' lang='lat' dir='ltr'>quinon</span> <span class='ocrx_word' id='word_1_69' title='bbox 936 869 1076 913; x_wconf 91' lang='lat' dir='ltr'>solum</span> <span class='ocrx_word' id='word_1_70' title='bbox 1096 884 1171 928; x_wconf 93' lang='lat' dir='ltr'>per</span> <span class='ocrx_word' id='word_1_71' title='bbox 1189 867 1397 923; x_wconf 80' lang='lat' dir='ltr'>Africam,</span> <span class='ocrx_word' id='word_1_72' title='bbox 1420 884 1494 913; x_wconf 94' lang='lat' dir='ltr'>ve-</span> 
     </span>
     <span class='ocr_line' id='line_1_10' title="bbox 103 937 1494 997; baseline 0.003 -17"><span class='ocrx_word' id='word_1_73' title='bbox 103 951 202 981; x_wconf 87' lang='lat' dir='ltr'>rum</span> <span class='ocrx_word' id='word_1_74' title='bbox 231 937 361 981; x_wconf 86' lang='lat' dir='ltr'>etiam</span> <span class='ocrx_word' id='word_1_75' title='bbox 395 953 469 997; x_wconf 91' lang='lat' dir='ltr'>per</span> <span class='ocrx_word' id='word_1_76' title='bbox 497 947 562 982; x_wconf 85' lang='lat' dir='ltr'>tot</span> <span class='ocrx_word' id='word_1_77' title='bbox 589 940 782 996; x_wconf 84' lang='lat' dir='ltr'>gentium</span> <span class='ocrx_word' id='word_1_78' title='bbox 819 939 1152 983; x_wconf 85' lang='lat' dir='ltr'>christianarum</span> <span class='ocrx_word' id='word_1_79' title='bbox 1183 948 1339 993; x_wconf 82' lang='lat' dir='ltr'>terras,</span> <span class='ocrx_word' id='word_1_80' title='bbox 1372 948 1494 985; x_wconf 87' lang='lat' dir='ltr'>tanto</span> 
     </span>
     <span class='ocr_line' id='line_1_11' title="bbox 102 1006 1495 1068; baseline 0.002 -17"><span class='ocrx_word' id='word_1_81' title='bbox 102 1006 302 1066; x_wconf 89' lang='lat' dir='ltr'>pluribus</span> <span class='ocrx_word' id='word_1_82' title='bbox 325 1008 535 1067; x_wconf 89' lang='lat' dir='ltr'>episcopis</span> <span class='ocrx_word' id='word_1_83' title='bbox 557 1008 721 1052; x_wconf 79' lang='lat' dir='ltr'>caeteris</span> <span class='ocrx_word' id='word_1_84' title='bbox 745 1009 813 1052; x_wconf 88' lang='lat' dir='ltr'>vel</span> <span class='ocrx_word' id='word_1_85' title='bbox 835 1009 1106 1053; x_wconf 87' lang='lat' dir='ltr'>innotescere</span> <span class='ocrx_word' id='word_1_86' title='bbox 1122 1010 1329 1053; x_wconf 91' lang='lat' dir='ltr'>innocens</span> <span class='ocrx_word' id='word_1_87' title='bbox 1351 1010 1495 1068; x_wconf 90' lang='lat' dir='ltr'>potuit</span> 
     </span>
     <span class='ocr_line' id='line_1_12' title="bbox 102 1077 1494 1139; baseline 0 -17"><span class='ocrx_word' id='word_1_88' title='bbox 102 1077 172 1121; x_wconf 91' lang='lat' dir='ltr'>vel</span> <span class='ocrx_word' id='word_1_89' title='bbox 195 1078 402 1123; x_wconf 88' lang='lat' dir='ltr'>occultari</span> <span class='ocrx_word' id='word_1_90' title='bbox 432 1093 592 1123; x_wconf 88' lang='lat' dir='ltr'>nocens</span> <span class='ocrx_word' id='word_1_91' title='bbox 621 1098 629 1123; x_wconf 92' lang='lat'>:</span> <span class='ocrx_word' id='word_1_92' title='bbox 659 1079 775 1137; x_wconf 88' lang='lat' dir='ltr'>apud</span> <span class='ocrx_word' id='word_1_93' title='bbox 807 1094 918 1139; x_wconf 90' lang='lat' dir='ltr'>quos</span> <span class='ocrx_word' id='word_1_94' title='bbox 940 1088 1016 1123; x_wconf 90' lang='lat' dir='ltr'>aut</span> <span class='ocrx_word' id='word_1_95' title='bbox 1039 1079 1093 1123; x_wconf 91' lang='lat' dir='ltr'>ab</span> <span class='ocrx_word' id='word_1_96' title='bbox 1119 1089 1378 1138; x_wconf 84' lang='lat' dir='ltr'>agnoscente</span> <span class='ocrx_word' id='word_1_97' title='bbox 1400 1094 1494 1123; x_wconf 89' lang='lat' dir='ltr'>me-</span> 
     </span>
     <span class='ocr_line' id='line_1_13' title="bbox 104 1149 1495 1208; baseline 0.002 -17"><span class='ocrx_word' id='word_1_98' title='bbox 104 1149 190 1192; x_wconf 88' lang='lat' dir='ltr'>ruit</span> <span class='ocrx_word' id='word_1_99' title='bbox 213 1149 395 1204; x_wconf 87' lang='lat' dir='ltr'>absolvi,</span> <span class='ocrx_word' id='word_1_100' title='bbox 421 1158 497 1194; x_wconf 87' lang='lat' dir='ltr'>aut</span> <span class='ocrx_word' id='word_1_101' title='bbox 519 1164 608 1193; x_wconf 90' lang='lat' dir='ltr'>non</span> <span class='ocrx_word' id='word_1_102' title='bbox 641 1149 797 1193; x_wconf 89' lang='lat' dir='ltr'>meruit</span> <span class='ocrx_word' id='word_1_103' title='bbox 819 1149 874 1193; x_wconf 91' lang='lat' dir='ltr'>ab</span> <span class='ocrx_word' id='word_1_104' title='bbox 903 1149 1130 1208; x_wconf 86' lang='lat' dir='ltr'>ignorante</span> <span class='ocrx_word' id='word_1_105' title='bbox 1163 1149 1385 1205; x_wconf 89' lang='lat' dir='ltr'>damnari,</span> <span class='ocrx_word' id='word_1_106' title='bbox 1421 1159 1495 1194; x_wconf 90' lang='lat' dir='ltr'>aut</span> 
     </span>
     <span class='ocr_line' id='line_1_14' title="bbox 103 1219 1495 1280; baseline 0.001 -17"><span class='ocrx_word' id='word_1_107' title='bbox 103 1230 309 1278; x_wconf 89' lang='lat' dir='ltr'>corrupto</span> <span class='ocrx_word' id='word_1_108' title='bbox 343 1219 490 1280; x_wconf 89' lang='lat' dir='ltr'>judice</span> <span class='ocrx_word' id='word_1_109' title='bbox 512 1229 663 1264; x_wconf 88' lang='lat' dir='ltr'>contra</span> <span class='ocrx_word' id='word_1_110' title='bbox 693 1235 825 1279; x_wconf 87' lang='lat' dir='ltr'>quam</span> <span class='ocrx_word' id='word_1_111' title='bbox 854 1230 1093 1275; x_wconf 89' lang='lat' dir='ltr'>meruerat,</span> <span class='ocrx_word' id='word_1_112' title='bbox 1128 1220 1367 1276; x_wconf 87' lang='lat' dir='ltr'>absolutus,</span> <span class='ocrx_word' id='word_1_113' title='bbox 1407 1236 1495 1266; x_wconf 89' lang='lat' dir='ltr'>non</span> 
     </span>
     <span class='ocr_line' id='line_1_15' title="bbox 104 1290 1495 1352; baseline 0 -16"><span class='ocrx_word' id='word_1_114' title='bbox 104 1291 248 1350; x_wconf 90' lang='lat' dir='ltr'>potuit</span> <span class='ocrx_word' id='word_1_115' title='bbox 270 1291 359 1336; x_wconf 90' lang='lat' dir='ltr'>aliis</span> <span class='ocrx_word' id='word_1_116' title='bbox 386 1292 462 1351; x_wconf 84' lang='lat' dir='ltr'>qui</span> <span class='ocrx_word' id='word_1_117' title='bbox 483 1307 571 1335; x_wconf 91' lang='lat' dir='ltr'>non</span> <span class='ocrx_word' id='word_1_118' title='bbox 593 1291 896 1350; x_wconf 86' lang='lat' dir='ltr'>judicaverant</span> <span class='ocrx_word' id='word_1_119' title='bbox 919 1290 1223 1336; x_wconf 86' lang='lat' dir='ltr'>demonstrari.</span> <span class='ocrx_word' id='word_1_120' title='bbox 1253 1293 1337 1336; x_wconf 90' lang='lat' dir='ltr'>Vos</span> <span class='ocrx_word' id='word_1_121' title='bbox 1364 1292 1495 1352; x_wconf 85' lang='lat' dir='ltr'>igitur</span> 
     </span>
     <span class='ocr_line' id='line_1_16' title="bbox 104 1361 1493 1422; baseline 0 -16"><span class='ocrx_word' id='word_1_122' title='bbox 104 1361 310 1420; x_wconf 79' lang='lat' dir='ltr'>sacrilega</span> <span class='ocrx_word' id='word_1_123' title='bbox 333 1363 602 1422; x_wconf 84' lang='lat' dir='ltr'>separatione</span> <span class='ocrx_word' id='word_1_124' title='bbox 627 1361 682 1406; x_wconf 88' lang='lat' dir='ltr'>ab</span> <span class='ocrx_word' id='word_1_125' title='bbox 715 1362 881 1406; x_wconf 88' lang='lat' dir='ltr'>unitate</span> <span class='ocrx_word' id='word_1_126' title='bbox 909 1361 1172 1421; x_wconf 86' lang='lat' dir='ltr'>populorum</span> <span class='ocrx_word' id='word_1_127' title='bbox 1194 1362 1493 1407; x_wconf 88' lang='lat' dir='ltr'>innocentium</span> 
     </span>
     <span class='ocr_line' id='line_1_17' title="bbox 106 1432 1497 1493; baseline 0.001 -17"><span class='ocrx_word' id='word_1_128' title='bbox 106 1441 168 1477; x_wconf 92' lang='lat' dir='ltr'>tot</span> <span class='ocrx_word' id='word_1_129' title='bbox 188 1442 497 1492; x_wconf 89' lang='lat' dir='ltr'>tantorumque</span> <span class='ocrx_word' id='word_1_130' title='bbox 520 1432 794 1492; x_wconf 86' lang='lat' dir='ltr'>separamini,</span> <span class='ocrx_word' id='word_1_131' title='bbox 815 1433 1004 1492; x_wconf 84' lang='lat' dir='ltr'>quicum</span> <span class='ocrx_word' id='word_1_132' title='bbox 1022 1433 1068 1477; x_wconf 91' lang='lat' dir='ltr'>in</span> <span class='ocrx_word' id='word_1_133' title='bbox 1090 1433 1169 1476; x_wconf 89' lang='lat' dir='ltr'>hac</span> <span class='ocrx_word' id='word_1_134' title='bbox 1187 1448 1314 1477; x_wconf 88' lang='lat' dir='ltr'>causa</span> <span class='ocrx_word' id='word_1_135' title='bbox 1328 1432 1497 1493; x_wconf 87' lang='lat' dir='ltr'>judices</span> 
     </span>
     <span class='ocr_line' id='line_1_18' title="bbox 103 1502 1496 1563; baseline 0.001 -17"><span class='ocrx_word' id='word_1_136' title='bbox 103 1518 193 1547; x_wconf 89' lang='lat' dir='ltr'>esse</span> <span class='ocrx_word' id='word_1_137' title='bbox 214 1519 302 1548; x_wconf 91' lang='lat' dir='ltr'>non</span> <span class='ocrx_word' id='word_1_138' title='bbox 323 1513 513 1562; x_wconf 86' lang='lat' dir='ltr'>possent,</span> <span class='ocrx_word' id='word_1_139' title='bbox 534 1513 608 1548; x_wconf 90' lang='lat' dir='ltr'>aut</span> <span class='ocrx_word' id='word_1_140' title='bbox 624 1503 766 1548; x_wconf 89' lang='lat' dir='ltr'>nullos</span> <span class='ocrx_word' id='word_1_141' title='bbox 780 1503 881 1548; x_wconf 90' lang='lat' dir='ltr'>hinc</span> <span class='ocrx_word' id='word_1_142' title='bbox 895 1502 1025 1549; x_wconf 84' lang='lat' dir='ltr'>fuisse</span> <span class='ocrx_word' id='word_1_143' title='bbox 1041 1502 1226 1563; x_wconf 89' lang='lat' dir='ltr'>judices,</span> <span class='ocrx_word' id='word_1_144' title='bbox 1250 1513 1323 1549; x_wconf 88' lang='lat' dir='ltr'>aut</span> <span class='ocrx_word' id='word_1_145' title='bbox 1348 1513 1496 1548; x_wconf 85' lang='lat' dir='ltr'>utrum</span> 
     </span>
     <span class='ocr_line' id='line_1_19' title="bbox 103 1574 1498 1635; baseline 0.002 -17"><span class='ocrx_word' id='word_1_146' title='bbox 103 1575 204 1619; x_wconf 89' lang='lat' dir='ltr'>hinc</span> <span class='ocrx_word' id='word_1_147' title='bbox 226 1574 393 1635; x_wconf 84' lang='lat' dir='ltr'>aliquid</span> <span class='ocrx_word' id='word_1_148' title='bbox 411 1575 479 1619; x_wconf 91' lang='lat' dir='ltr'>vel</span> <span class='ocrx_word' id='word_1_149' title='bbox 501 1576 606 1635; x_wconf 81' lang='lat' dir='ltr'>quid</span> <span class='ocrx_word' id='word_1_150' title='bbox 621 1575 864 1635; x_wconf 85' lang='lat' dir='ltr'>judicatum</span> <span class='ocrx_word' id='word_1_151' title='bbox 889 1576 942 1620; x_wconf 89' lang='lat' dir='ltr'>sit</span> <span class='ocrx_word' id='word_1_152' title='bbox 961 1575 1230 1629; x_wconf 88' lang='lat' dir='ltr'>nescierunt,</span> <span class='ocrx_word' id='word_1_153' title='bbox 1254 1585 1329 1620; x_wconf 89' lang='lat' dir='ltr'>aut</span> <span class='ocrx_word' id='word_1_154' title='bbox 1350 1576 1498 1621; x_wconf 89' lang='lat' dir='ltr'>electis</span> 
     </span>
     <span class='ocr_line' id='line_1_20' title="bbox 100 1644 1377 1705; baseline 0.001 -16"><span class='ocrx_word' id='word_1_155' title='bbox 100 1644 325 1705; x_wconf 91' lang='lat' dir='ltr'>judicibus</span> <span class='ocrx_word' id='word_1_156' title='bbox 344 1647 622 1705; x_wconf 83' lang='lat' dir='ltr'>potiusquam</span> <span class='ocrx_word' id='word_1_157' title='bbox 641 1646 764 1690; x_wconf 89' lang='lat' dir='ltr'>victis</span> <span class='ocrx_word' id='word_1_158' title='bbox 778 1645 1069 1704; x_wconf 88' lang='lat' dir='ltr'>litigatoribus</span> <span class='ocrx_word' id='word_1_159' title='bbox 1082 1645 1377 1690; x_wconf 88' lang='lat' dir='ltr'>crediderunt.</span> 
     </span>
    </p>

    <p class='ocr_par' dir='ltr' id='par_1_3' title="bbox 104 1715 1501 2621">
     <span class='ocr_line' id='line_1_21' title="bbox 167 1715 1499 1775; baseline 0.002 -16"><span class='ocrx_word' id='word_1_160' title='bbox 167 1716 369 1759; x_wconf 83' lang='lat' dir='ltr'>LXVIII.</span> <span class='ocrx_word' id='word_1_161' title='bbox 399 1716 510 1759; x_wconf 85' lang='lat' dir='ltr'>Hinc</span> <span class='ocrx_word' id='word_1_162' title='bbox 541 1715 745 1769; x_wconf 87' lang='lat' dir='ltr'>docetur,</span> <span class='ocrx_word' id='word_1_163' title='bbox 773 1715 886 1759; x_wconf 91' lang='lat' dir='ltr'>ineo</span> <span class='ocrx_word' id='word_1_164' title='bbox 905 1716 1032 1758; x_wconf 87' lang='lat' dir='ltr'>etiam</span> <span class='ocrx_word' id='word_1_165' title='bbox 1068 1715 1190 1775; x_wconf 90' lang='lat' dir='ltr'>quod</span> <span class='ocrx_word' id='word_1_166' title='bbox 1220 1731 1270 1759; x_wconf 87' lang='lat' dir='ltr'>ex</span> <span class='ocrx_word' id='word_1_167' title='bbox 1297 1715 1369 1760; x_wconf 88' lang='lat' dir='ltr'>illa</span> <span class='ocrx_word' id='word_1_168' title='bbox 1404 1731 1499 1761; x_wconf 89' lang='lat' dir='ltr'>mea</span> 
     </span>
     <span class='ocr_line' id='line_1_22' title="bbox 104 1785 1500 1846; baseline 0.001 -17"><span class='ocrx_word' id='word_1_169' title='bbox 104 1785 418 1845; x_wconf 77' lang='lat' dir='ltr'>quadripertita</span> <span class='ocrx_word' id='word_1_170' title='bbox 437 1786 746 1830; x_wconf 85' lang='lat' dir='ltr'>distributione</span> <span class='ocrx_word' id='word_1_171' title='bbox 759 1785 963 1829; x_wconf 92' lang='lat' dir='ltr'>ultimum</span> <span class='ocrx_word' id='word_1_172' title='bbox 985 1787 1230 1846; x_wconf 84' lang='lat' dir='ltr'>tibi(neque</span> <span class='ocrx_word' id='word_1_173' title='bbox 1248 1789 1362 1831; x_wconf 92' lang='lat' dir='ltr'>enim</span> <span class='ocrx_word' id='word_1_174' title='bbox 1381 1787 1500 1832; x_wconf 90' lang='lat' dir='ltr'>aliud</span> 
     </span>
     <span class='ocr_line' id='line_1_23' title="bbox 105 1855 1499 1917; baseline 0.001 -18"><span class='ocrx_word' id='word_1_175' title='bbox 105 1859 301 1915; x_wconf 80' lang='lat' dir='ltr'>poteras)</span> <span class='ocrx_word' id='word_1_176' title='bbox 322 1855 505 1914; x_wconf 83' lang='lat' dir='ltr'>elegisti,</span> <span class='ocrx_word' id='word_1_177' title='bbox 523 1870 657 1914; x_wconf 86' lang='lat' dir='ltr'>quam</span> <span class='ocrx_word' id='word_1_178' title='bbox 676 1855 802 1900; x_wconf 86' lang='lat' dir='ltr'>facile</span> <span class='ocrx_word' id='word_1_179' title='bbox 824 1857 1104 1914; x_wconf 86' lang='lat' dir='ltr'>superemini.</span> <span class='ocrx_word' id='word_1_180' title='bbox 1134 1857 1226 1899; x_wconf 85' lang='lat' dir='ltr'>Dixi</span> <span class='ocrx_word' id='word_1_181' title='bbox 1245 1857 1358 1900; x_wconf 91' lang='lat' dir='ltr'>enim</span> <span class='ocrx_word' id='word_1_182' title='bbox 1379 1857 1499 1917; x_wconf 87' lang='lat' dir='ltr'>quod</span> 
     </span>
     <span class='ocr_line' id='line_1_24' title="bbox 106 1925 1500 1987; baseline 0.001 -17"><span class='ocrx_word' id='word_1_183' title='bbox 106 1927 139 1970; x_wconf 88' lang='lat' dir='ltr'>si</span> <span class='ocrx_word' id='word_1_184' title='bbox 179 1925 440 1970; x_wconf 89' lang='lat' dir='ltr'>documenta</span> <span class='ocrx_word' id='word_1_185' title='bbox 477 1926 711 1968; x_wconf 82' lang='lat' dir='ltr'>criminum</span> <span class='ocrx_word' id='word_1_186' title='bbox 750 1926 993 1985; x_wconf 74' lang='lat' dir='ltr'>traditionis</span> <span class='ocrx_word' id='word_1_187' title='bbox 1029 1925 1192 1970; x_wconf 83' lang='lat' dir='ltr'>fuerint</span> <span class='ocrx_word' id='word_1_188' title='bbox 1232 1942 1283 1970; x_wconf 80' lang='lat' dir='ltr'>ex</span> <span class='ocrx_word' id='word_1_189' title='bbox 1315 1936 1500 1987; x_wconf 87' lang='lat' dir='ltr'>utraque</span> 
     </span>
     <span class='ocr_line' id='line_1_25' title="bbox 107 1995 1497 2057; baseline 0.001 -18"><span class='ocrx_word' id='word_1_190' title='bbox 107 2005 227 2056; x_wconf 84' lang='lat' dir='ltr'>parte</span> <span class='ocrx_word' id='word_1_191' title='bbox 256 1995 444 2055; x_wconf 86' lang='lat' dir='ltr'>prolata,</span> <span class='ocrx_word' id='word_1_192' title='bbox 471 2005 546 2040; x_wconf 88' lang='lat' dir='ltr'>aut</span> <span class='ocrx_word' id='word_1_193' title='bbox 574 2005 758 2055; x_wconf 85' lang='lat' dir='ltr'>utraque</span> <span class='ocrx_word' id='word_1_194' title='bbox 787 2005 890 2039; x_wconf 90' lang='lat' dir='ltr'>sunt</span> <span class='ocrx_word' id='word_1_195' title='bbox 911 2011 1038 2049; x_wconf 82' lang='lat' dir='ltr'>vera,</span> <span class='ocrx_word' id='word_1_196' title='bbox 1059 2005 1133 2040; x_wconf 89' lang='lat' dir='ltr'>aut</span> <span class='ocrx_word' id='word_1_197' title='bbox 1158 2006 1341 2057; x_wconf 87' lang='lat' dir='ltr'>utraque</span> <span class='ocrx_word' id='word_1_198' title='bbox 1368 1996 1497 2054; x_wconf 78' lang='lat' dir='ltr'>falsa3</span> 
     </span>
     <span class='ocr_line' id='line_1_26' title="bbox 106 2065 1499 2124; baseline 0.001 -13"><span class='ocrx_word' id='word_1_199' title='bbox 106 2076 180 2112; x_wconf 89' lang='lat' dir='ltr'>aut</span> <span class='ocrx_word' id='word_1_200' title='bbox 202 2076 348 2112; x_wconf 83' lang='lat' dir='ltr'>nostra</span> <span class='ocrx_word' id='word_1_201' title='bbox 363 2082 479 2121; x_wconf 87' lang='lat' dir='ltr'>vera,</span> <span class='ocrx_word' id='word_1_202' title='bbox 505 2078 548 2111; x_wconf 85' lang='lat' dir='ltr'>et</span> <span class='ocrx_word' id='word_1_203' title='bbox 566 2077 706 2111; x_wconf 85' lang='lat' dir='ltr'>vestra</span> <span class='ocrx_word' id='word_1_204' title='bbox 727 2065 856 2124; x_wconf 77' lang='lat' dir='ltr'>falsa3</span> <span class='ocrx_word' id='word_1_205' title='bbox 879 2075 953 2110; x_wconf 92' lang='lat' dir='ltr'>aut</span> <span class='ocrx_word' id='word_1_206' title='bbox 979 2076 1123 2112; x_wconf 85' lang='lat' dir='ltr'>nostra</span> <span class='ocrx_word' id='word_1_207' title='bbox 1142 2066 1272 2123; x_wconf 84' lang='lat' dir='ltr'>falsa,</span> <span class='ocrx_word' id='word_1_208' title='bbox 1297 2077 1341 2112; x_wconf 90' lang='lat' dir='ltr'>et</span> <span class='ocrx_word' id='word_1_209' title='bbox 1360 2078 1499 2114; x_wconf 86' lang='lat' dir='ltr'>vestra</span> 
     </span>
     <span class='ocr_line' id='line_1_27' title="bbox 105 2137 1499 2196; baseline 0.001 -14"><span class='ocrx_word' id='word_1_210' title='bbox 105 2153 220 2182; x_wconf 89' lang='lat' dir='ltr'>vera.</span> <span class='ocrx_word' id='word_1_211' title='bbox 249 2140 305 2182; x_wconf 93' lang='lat' dir='ltr'>Et</span> <span class='ocrx_word' id='word_1_212' title='bbox 331 2153 432 2182; x_wconf 91' lang='lat' dir='ltr'>cum</span> <span class='ocrx_word' id='word_1_213' title='bbox 455 2137 499 2181; x_wconf 93' lang='lat' dir='ltr'>in</span> <span class='ocrx_word' id='word_1_214' title='bbox 531 2137 669 2181; x_wconf 89' lang='lat' dir='ltr'>tribus</span> <span class='ocrx_word' id='word_1_215' title='bbox 697 2138 992 2196; x_wconf 87' lang='lat' dir='ltr'>superioribus</span> <span class='ocrx_word' id='word_1_216' title='bbox 1023 2137 1274 2182; x_wconf 82' lang='lat' dir='ltr'>facillimam</span> <span class='ocrx_word' id='word_1_217' title='bbox 1305 2148 1499 2183; x_wconf 86' lang='lat' dir='ltr'>nostram</span> 
     </span>
     <span class='ocr_line' id='line_1_28' title="bbox 106 2208 1501 2268; baseline 0.001 -15"><span class='ocrx_word' id='word_1_218' title='bbox 106 2209 329 2253; x_wconf 89' lang='lat' dir='ltr'>victoriam</span> <span class='ocrx_word' id='word_1_219' title='bbox 351 2208 730 2261; x_wconf 85' lang='lat' dir='ltr'>demonstrassem,</span> <span class='ocrx_word' id='word_1_220' title='bbox 751 2208 797 2251; x_wconf 90' lang='lat' dir='ltr'>in</span> <span class='ocrx_word' id='word_1_221' title='bbox 815 2217 970 2268; x_wconf 87' lang='lat' dir='ltr'>quarto</span> <span class='ocrx_word' id='word_1_222' title='bbox 989 2224 1167 2268; x_wconf 83' lang='lat' dir='ltr'>quoque</span> <span class='ocrx_word' id='word_1_223' title='bbox 1182 2224 1257 2253; x_wconf 92' lang='lat' dir='ltr'>vos</span> <span class='ocrx_word' id='word_1_224' title='bbox 1271 2209 1402 2263; x_wconf 88' lang='lat' dir='ltr'>vinci,</span> <span class='ocrx_word' id='word_1_225' title='bbox 1424 2219 1501 2254; x_wconf 85' lang='lat' dir='ltr'>aut</span> 
     </span>
     <span class='ocr_line' id='line_1_29' title="bbox 106 2277 1501 2338; baseline -0.001 -15"><span class='ocrx_word' id='word_1_226' title='bbox 106 2280 250 2324; x_wconf 88' lang='lat' dir='ltr'>minus</span> <span class='ocrx_word' id='word_1_227' title='bbox 272 2278 541 2333; x_wconf 81' lang='lat' dir='ltr'>intellexisti,</span> <span class='ocrx_word' id='word_1_228' title='bbox 574 2288 648 2323; x_wconf 91' lang='lat' dir='ltr'>aut</span> <span class='ocrx_word' id='word_1_229' title='bbox 671 2277 791 2338; x_wconf 83' lang='lat' dir='ltr'>quod</span> <span class='ocrx_word' id='word_1_230' title='bbox 821 2278 955 2337; x_wconf 81' lang='lat' dir='ltr'>magis</span> <span class='ocrx_word' id='word_1_231' title='bbox 974 2277 1129 2332; x_wconf 85' lang='lat' dir='ltr'>credo,</span> <span class='ocrx_word' id='word_1_232' title='bbox 1162 2294 1216 2322; x_wconf 92' lang='lat' dir='ltr'>ne</span> <span class='ocrx_word' id='word_1_233' title='bbox 1243 2279 1299 2322; x_wconf 91' lang='lat' dir='ltr'>ab</span> <span class='ocrx_word' id='word_1_234' title='bbox 1322 2279 1415 2323; x_wconf 90' lang='lat' dir='ltr'>aliis</span> <span class='ocrx_word' id='word_1_235' title='bbox 1434 2280 1501 2322; x_wconf 84' lang='lat' dir='ltr'>in-</span> 
     </span>
     <span class='ocr_line' id='line_1_30' title="bbox 110 2348 1500 2409; baseline 0 -15"><span class='ocrx_word' id='word_1_236' title='bbox 110 2350 397 2409; x_wconf 86' lang='lat' dir='ltr'>telligeretur,</span> <span class='ocrx_word' id='word_1_237' title='bbox 431 2350 573 2394; x_wconf 90' lang='lat' dir='ltr'>nescio</span> <span class='ocrx_word' id='word_1_238' title='bbox 603 2349 762 2409; x_wconf 83' lang='lat' dir='ltr'>quibus</span> <span class='ocrx_word' id='word_1_239' title='bbox 796 2348 1060 2394; x_wconf 89' lang='lat' dir='ltr'>umbraculis</span> <span class='ocrx_word' id='word_1_240' title='bbox 1090 2349 1134 2392; x_wconf 89' lang='lat' dir='ltr'>id</span> <span class='ocrx_word' id='word_1_241' title='bbox 1158 2358 1339 2393; x_wconf 84' lang='lat' dir='ltr'>conatus</span> <span class='ocrx_word' id='word_1_242' title='bbox 1375 2350 1500 2394; x_wconf 86' lang='lat' dir='ltr'>obte-</span> 
     </span>
     <span class='ocr_line' id='line_1_31' title="bbox 110 2420 1496 2480; baseline 0.001 -15"><span class='ocrx_word' id='word_1_243' title='bbox 110 2437 230 2480; x_wconf 79' lang='lat' dir='ltr'>gere,</span> <span class='ocrx_word' id='word_1_244' title='bbox 265 2421 320 2465; x_wconf 83' lang='lat' dir='ltr'>de</span> <span class='ocrx_word' id='word_1_245' title='bbox 344 2421 731 2480; x_wconf 88' lang='lat' dir='ltr'>argumentationis</span> <span class='ocrx_word' id='word_1_246' title='bbox 764 2436 921 2479; x_wconf 86' lang='lat' dir='ltr'>genere</span> <span class='ocrx_word' id='word_1_247' title='bbox 950 2420 1264 2479; x_wconf 86' lang='lat' dir='ltr'>disputandum</span> <span class='ocrx_word' id='word_1_248' title='bbox 1301 2423 1462 2480; x_wconf 85' lang='lat' dir='ltr'>putasti</span> <span class='ocrx_word' id='word_1_249' title='bbox 1488 2442 1496 2466; x_wconf 85' lang='lat'>·.</span> 
     </span>
     <span class='ocr_line' id='line_1_32' title="bbox 110 2492 1501 2551; baseline 0.001 -15"><span class='ocrx_word' id='word_1_250' title='bbox 110 2493 229 2537; x_wconf 88' lang='lat' dir='ltr'>unde</span> <span class='ocrx_word' id='word_1_251' title='bbox 246 2493 375 2537; x_wconf 87' lang='lat' dir='ltr'>etiam</span> <span class='ocrx_word' id='word_1_252' title='bbox 400 2492 518 2546; x_wconf 88' lang='lat' dir='ltr'>alias,</span> <span class='ocrx_word' id='word_1_253' title='bbox 543 2494 578 2537; x_wconf 92' lang='lat' dir='ltr'>si</span> <span class='ocrx_word' id='word_1_254' title='bbox 606 2508 715 2551; x_wconf 84' lang='lat' dir='ltr'>opus</span> <span class='ocrx_word' id='word_1_255' title='bbox 738 2492 892 2546; x_wconf 83' lang='lat' dir='ltr'>fuerit,</span> <span class='ocrx_word' id='word_1_256' title='bbox 920 2492 1099 2537; x_wconf 70' lang='lat' dir='ltr'>tortasse</span> <span class='ocrx_word' id='word_1_257' title='bbox 1124 2493 1420 2548; x_wconf 81' lang='lat' dir='ltr'>tractabimus,</span> <span class='ocrx_word' id='word_1_258' title='bbox 1447 2509 1501 2538; x_wconf 91' lang='lat' dir='ltr'>ne</span> 
     </span>
     <span class='ocr_line' id='line_1_33' title="bbox 113 2563 1260 2621; baseline 0 -15"><span class='ocrx_word' id='word_1_259' title='bbox 113 2572 284 2621; x_wconf 89' lang='lat' dir='ltr'>tempus</span> <span class='ocrx_word' id='word_1_260' title='bbox 304 2579 420 2607; x_wconf 88' lang='lat' dir='ltr'>nunc</span> <span class='ocrx_word' id='word_1_261' title='bbox 444 2564 574 2607; x_wconf 90' lang='lat' dir='ltr'>rebus</span> <span class='ocrx_word' id='word_1_262' title='bbox 597 2577 685 2606; x_wconf 91' lang='lat' dir='ltr'>non</span> <span class='ocrx_word' id='word_1_263' title='bbox 710 2563 956 2606; x_wconf 90' lang='lat' dir='ltr'>necessariis</span> <span class='ocrx_word' id='word_1_264' title='bbox 978 2563 1260 2607; x_wconf 88' lang='lat' dir='ltr'>insumamus.</span> 
     </span>
    </p>

    <p class='ocr_par' dir='ltr' id='par_1_4' title="bbox 173 2632 1499 2693">
     <span class='ocr_line' id='line_1_34' title="bbox 173 2632 1499 2693; baseline 0 -16"><span class='ocrx_word' id='word_1_265' title='bbox 173 2635 328 2678; x_wconf 82' lang='lat' dir='ltr'>LXIX.</span> <span class='ocrx_word' id='word_1_266' title='bbox 367 2632 554 2678; x_wconf 89' lang='lat' dir='ltr'>Proinde</span> <span class='ocrx_word' id='word_1_267' title='bbox 585 2633 783 2681; x_wconf 84' lang='lat' dir='ltr'>attende,</span> <span class='ocrx_word' id='word_1_268' title='bbox 810 2642 956 2677; x_wconf 85' lang='lat' dir='ltr'>utrum</span> <span class='ocrx_word' id='word_1_269' title='bbox 980 2633 1144 2679; x_wconf 84' lang='lat' dir='ltr'>valeam</span> <span class='ocrx_word' id='word_1_270' title='bbox 1171 2634 1211 2677; x_wconf 88' lang='lat' dir='ltr'>in</span> <span class='ocrx_word' id='word_1_271' title='bbox 1236 2632 1310 2679; x_wconf 89' lang='lat' dir='ltr'>illo</span> <span class='ocrx_word' id='word_1_272' title='bbox 1332 2635 1499 2693; x_wconf 86' lang='lat' dir='ltr'>perspi-</span> 
     </span>
    </p>
   </div>
  </div>
 </body>
</html>
