1825 3264
290 276 452 306 CONTRA
483 278 746 306 ansconM
780 277 1068 317 nonu-isnin,
1104 281 1188 306 Lm,
1223 281 1287 306 ιιι.
1405 267 1482 306 421

108 345 154 388 in
196 357 245 387 ea
279 343 368 402 ipsa
405 342 487 386 sub
519 343 643 388 altari
675 359 764 404 quo
796 343 1067 403 confugerat,
1105 344 1257 389 eodem
1289 360 1417 405 supra
1447 360 1491 390 se

108 414 282 467 fracto,
327 415 507 473 ejusque
544 414 670 473 lignis
713 414 891 473 aliisque
933 414 1120 459 fustibus
1148 450 1158 470 ,
1205 414 1318 459 ferro
1361 416 1490 460 etiam

108 483 339 528 crudeliter
368 499 519 538 caesus,
553 492 693 528 totum
721 483 845 528 illum
873 484 1017 528 locum
1042 485 1251 542 sanguine
1280 485 1488 544 opplevit.

108 557 346 613 Acceperat
361 563 506 598 autem
522 563 565 598 et
579 553 741 613 grande
757 553 917 598 vulnus
934 555 979 598 in
994 556 1188 614 inguine,
1208 556 1327 599 unde
1339 571 1492 600 cruore

106 624 268 683 largius
289 624 524 679 effluente,
554 625 763 670 continuo
785 633 1042 678 moreretur,
1072 626 1152 669 nisi
1181 626 1317 684 major
1342 641 1493 670 eorum

106 694 336 739 crudelitas
350 710 428 754 per
445 694 660 740 occultam
674 695 751 738 Dei
769 695 1105 740 misericordiam
1119 693 1366 754 profuisset.
1385 698 1493 740 Nam

108 779 207 809 eum
247 765 453 810 membris
493 780 543 808 ex
583 780 631 809 ea
671 774 792 824 parte
832 765 1006 810 nudatis
1047 766 1276 810 semivivus
1317 767 1494 825 insuper

107 850 359 895 pronusque
390 836 649 889 traheretur,
684 835 951 880 exundantes
981 850 1110 880 venas
1143 836 1327 880 latenter
1354 836 1495 895 pulvis

110 905 332 949 obstrusit.
360 906 468 950 Inde
495 914 743 950 nostrorum
773 906 973 949 manibus
996 920 1096 949 cum
1121 905 1322 960 ferretur,
1348 921 1496 949 rursus

105 975 188 1019 illis
209 975 475 1019 irruentibus
498 975 710 1019 violenter
732 984 923 1020 extortus
951 986 1014 1020 est
1032 1011 1042 1031 ‚
1068 976 1328 1035 graviusque
1355 975 1497 1019 mulc-

107 1054 244 1100 tatus,
265 1055 308 1090 et
325 1045 378 1090 de
394 1046 561 1090 excelsa
582 1047 687 1090 turri
708 1055 842 1090 noctu
866 1047 1158 1105 praecipitatus
1180 1045 1331 1090 subter
1352 1046 1497 1090 cinere

105 1118 300 1162 stercoris
342 1116 531 1161 molliter
566 1117 740 1176 jacebat
780 1126 985 1176 exceptus
1008 1152 1018 1169 ‚
1061 1132 1190 1161 sensu
1231 1117 1387 1161 amisso
1425 1117 1497 1161 vix

106 1196 344 1232 extremum
382 1188 582 1247 spiritum
624 1197 787 1232 tenens.
833 1188 899 1232 lbi
934 1203 1033 1232 eum
1070 1188 1280 1232 transiens
1317 1188 1494 1248 quidam

106 1274 270 1319 pauper
300 1259 493 1313 invenit,
531 1274 629 1302 cum
665 1260 825 1303 ventris
860 1258 1121 1303 exonerandi
1157 1274 1283 1303 causa
1314 1260 1368 1302 ad
1394 1273 1494 1302 eum

105 1330 346 1375 divertisset
383 1328 545 1373 locum.
586 1330 777 1387 Agnovit
816 1338 989 1384 autem,
1026 1344 1126 1372 cum
1158 1328 1340 1388 pavidus
1371 1343 1494 1372 suam

104 1402 336 1460 conjugem
366 1400 589 1453 accersiit,
618 1414 750 1459 quarn
785 1399 938 1458 procul
967 1398 1228 1443 verecundia
1254 1399 1494 1443 dimoverat

103 1473 326 1516 lucernam
365 1472 592 1515 ferentem.
628 1474 749 1515 Tunc
785 1486 884 1514 eum
925 1471 1052 1514 ambo
1087 1478 1377 1528 pervexerunt
1412 1469 1494 1513 do-

104 1558 242 1597 mum,
274 1541 344 1586 vel
367 1541 633 1595 miserando,
659 1541 727 1584 vel
754 1540 919 1601 aliquid
941 1541 1070 1584 etiam
1093 1539 1239 1583 lucelli
1261 1540 1492 1598 sperando,

104 1628 203 1657 cum
226 1612 312 1655 sive
331 1612 454 1656 vivus
477 1613 564 1656 sive
587 1620 802 1665 mortuuS,
832 1611 1040 1655 collectus
1070 1619 1214 1654 tamen
1242 1610 1396 1654 nostris
1427 1624 1496 1653 os—

105 1681 386 1727 tenderetur?
415 1681 530 1734 Quid
558 1680 714 1740 plura?
742 1680 929 1725 Mirabili
962 1681 1186 1724 curatione
1216 1688 1390 1723 sanatus
1413 1688 1493 1734 est,

31 1787 38 1789 „
103 1753 224 1807 vivit,
250 1754 394 1811 plures
422 1751 467 1794 in
489 1752 581 1810 ejus
605 1766 785 1809 corpore
806 1751 1024 1795 cicatrices
1047 1765 1178 1810 quam
1202 1750 1397 1793 membra
1414 1765 1496 1792 nu-

103 1830 340 1867 merantur.
363 1823 491 1865 Hune
509 1821 564 1864 ad
587 1821 888 1865 transmarinas
911 1830 1044 1864 terras
1065 1821 1252 1864 occisum
1271 1836 1294 1864 a
1311 1820 1461 1863 vestris
1479 1854 1489 1875 ,

104 1892 220 1937 fama
243 1892 534 1945 nuntiaverat,
566 1899 609 1934 et
637 1892 727 1949 ejus
754 1890 954 1935 facinoris
972 1891 1233 1945 immanitas,
1268 1890 1494 1950 gravisque

104 1963 369 2021 indignitas,
414 1975 766 2020 quaquaversum
805 1960 943 2004 audiri
981 1961 1154 2019 potuit,
1200 1959 1351 2004 dolore
1388 1960 1494 2003 hor-

103 2031 242 2076 rendo
272 2039 429 2075 cuncta
457 2039 765 2074 commoverat.
801 2032 899 2082 Quo
931 2039 1211 2089 posteaquam
1249 2030 1338 2088 ipse
1374 2044 1495 2073 seeu-

105 2111 174 2147 tus
205 2110 284 2155 est,
319 2100 621 2145 recentissimae
646 2100 864 2144 cicatrices
890 2101 982 2159 ejus
1018 2100 1145 2143 famae
1175 2098 1285 2142 illud
1318 2099 1494 2143 menda-

105 2173 218 2217 cium
240 2169 534 2215 defenderunt
565 2189 572 2214 :
599 2185 699 2214 nam
721 2184 851 2229 quern
874 2179 981 2213 tunc
1002 2169 1277 2228 inspicientes
1306 2169 1374 2212 vix
1401 2184 1495 2212 cre--

107 2242 261 2287 derent
277 2241 441 2295 vivum,
461 2256 550 2285 non
567 2250 728 2284 temere
745 2240 815 2283 illa
831 2242 1014 2300 jactasse
1034 2238 1263 2283 videbatur
1284 2239 1490 2283 occisum.

109 2313 190 2358 Hie
229 2327 329 2356 curn
370 2312 603 2356 invenisset
643 2310 851 2369 collegam
897 2310 1285 2354 Thubursicensem
1306 2344 1316 2363 ‚
1362 2324 1494 2368 quem

108 2383 240 2443 paulo
272 2391 372 2426 ante
399 2382 760 2436 commemoravi,
792 2390 835 2425 et
862 2380 966 2425 alios
994 2379 1228 2425 nonnullos
1250 2378 1403 2423 similia
1426 2379 1496 2423 vel

110 2468 198 2497 non
221 2451 362 2496 multo
384 2451 588 2495 inferiora
609 2466 853 2510 perpessos,
880 2465 960 2494 nec
985 2451 1043 2493 cis
1071 2449 1124 2493 ad
1152 2449 1325 2508 propria
1353 2463 1495 2492 rever-

111 2523 231 2568 tendi
248 2522 335 2566 ulla
356 2521 535 2566 facultas
554 2531 699 2581 patere
719 2521 938 2565 videretur
955 2542 966 2578 3
988 2530 1030 2564 et
1047 2521 1147 2580 quia
1172 2519 1489 2564 Circumcellio-

116 2608 222 2637 num
250 2601 488 2638 vestrorum
515 2592 670 2637 nobilis
692 2592 813 2637 furor
841 2590 1107 2636 horrendum
1132 2590 1328 2649 praebens
1350 2589 1499 2633 vestris
