1825 3264
345 223 399 262 64
775 233 810 257 s.
845 229 1077 257 Aueus‘nm
1110 227 1290 257 nmscom

337 319 356 341 »
393 312 533 342 meam
564 295 794 341 convertit.
837 294 1023 339 Deduxit
1065 308 1134 337 me
1173 307 1302 352 super
1338 290 1513 335 semitas
1550 289 1728 349 justitiae

338 389 358 411 »
393 377 569 428 propter
597 381 760 412 nomen
780 380 924 412 suum.
949 367 1058 411 Nam
1083 373 1127 408 et
1149 364 1183 408 si
1206 361 1487 408 ambulavero
1508 361 1554 404 in
1578 359 1726 405 medio
1779 418 1786 424 ἡ

339 460 358 481 »
395 439 562 483 umbrae
589 437 764 492 mortis,
793 437 828 481 si
849 452 937 492 me,
971 435 1133 496 inquit,
1158 442 1408 494 persecutor
1428 430 1614 486 occidat,
1639 446 1730 476 non

336 528 355 551 »
390 509 552 554 timebo
584 508 732 565 mala,
767 507 976 568 quoniam
1013 516 1062 550 tu
1101 520 1273 550 mecum
1308 519 1368 559 eS,
1398 503 1596 548 Domine.
1628 502 1729 545 Vir-

339 598 358 620 »
395 595 448 639 ga
478 589 551 623 tua
577 588 620 622 et
655 578 835 623 baculus
870 587 971 622 tuus
999 578 1090 636 ipsa
1124 577 1345 621 consolata
1372 576 1481 633 sunt]
1502 588 1587 617 me.
1620 571 1729 617 Inde

339 669 359 691 »
394 649 498 694 vicit
532 648 700 694 Goliam
731 648 828 693 oleo
855 647 1098 692 chrismatis
1123 646 1316 691 loricata.
1343 645 1506 690 Parasti
1540 644 1586 687 in
1605 657 1732 688 cons-

339 739 359 762 »
395 729 525 780 pectu
547 735 644 764 meo
668 734 860 764 mensam
883 718 1087 764 adversus
1104 734 1175 762 eos
1199 719 1274 778 qui
1293 715 1506 762 tribulant
1530 730 1615 759 me.
1642 717 1731 758 Im-

340 810 359 833 »
396 791 611 850 pinguasti
636 789 732 834 oleo
753 798 886 849 caput
907 804 1070 843 meum,
1095 798 1139 832 et
1158 788 1267 832 calix
1289 797 1391 832 tuus
1416 785 1634 830 inebrians
1652 799 1728 843 per

340 880 359 902 »
395 875 528 921 quam
563 861 767 920 optimus.
804 863 861 903 Et
892 859 1183 903 misericordia
1222 868 1297 903 tua
1333 858 1624 917 subsequetur
1658 870 1730 899 me

339 950 359 973 »
395 947 545 976 omnes
571 930 661 975 dies
683 931 784 975 vitae
806 945 929 974 meae.
968 932 1023 975 Ut
1046 930 1289 974 inhabitem
1327 930 1372 973 in
1393 927 1526 973 domo
1551 925 1728 971 Domini

342 1020 361 1043 »
397 1002 444 1045 in
466 1000 788 1060 longitudinem
807 1000 975 1045 dierum
1001 1003 1030 1044 ¹.
1063 1019 1080 1042 ι)

397 1075 490 1117 CX.
527 1076 802 1117 Auecsnn-us
836 1070 1059 1130 respondit
1093 1089 1102 1114 ;
1141 1073 1226 1114 Iste
1266 1068 1461 1113 Psalmus
1489 1067 1544 1112 de
1565 1067 1631 1110 his
1666 1065 1734 1110 lo-

338 1143 505 1202 quitur,
527 1143 603 1202 qui
632 1143 744 1186 bene
777 1142 1019 1200 suscipiunt
1042 1141 1325 1199 baptismum,
1350 1148 1392 1183 et
1414 1147 1563 1183 sancto
1587 1146 1734 1182 sancte

338 1221 540 1256 utuntur.
567 1215 665 1256 Non
682 1212 799 1255 enim
821 1210 950 1255 verba
971 1211 1051 1254 ista
1078 1211 1208 1254 etiam
1237 1209 1291 1253 ad
1313 1209 1534 1254 Simonem
1555 1222 1733 1267 magum

340 1285 573 1342 pertinent,
601 1284 676 1342 qui
706 1292 854 1326 tamen
873 1281 1076 1325 eumdem
1104 1291 1301 1325 sanctum
1325 1281 1592 1339 baptismum
1615 1293 1734 1324 acce·

338 1355 403 1413 pit
427 1373 436 1398 ;
462 1363 505 1398 et
524 1354 625 1414 quia
644 1369 694 1398 eo
716 1362 861 1398 sancte
882 1353 946 1397 uti
969 1352 1126 1407 noluit,
1152 1368 1243 1397 non
1264 1352 1364 1396 ideo
1382 1351 1508 1396 illum
1526 1352 1732 1411 inquina-

341 1425 418 1479 vit,
444 1434 517 1468 aut
543 1424 828 1484 repetendum
851 1423 1010 1468 talibus
1033 1423 1197 1468 docuit.
1216 1423 1301 1468 Sed
1320 1423 1422 1483 quia
1445 1422 1582 1467 Goliae
1612 1437 1734 1467 com·
1765 1426 1772 1433 '

344 1496 702 1540 memorationem
725 1494 879 1549 fecisti,
905 1495 1082 1539 attende
1113 1494 1240 1538 illum
1261 1493 1316 1538 de
1337 1494 1430 1553 ipso
1465 1492 1590 1538 Golia
1613 1491 1732 1537 Psal-

344 1581 483 1620 mum,
501 1574 544 1609 et
560 1566 659 1610 vide
681 1566 782 1625 quia
804 1566 850 1609 in
867 1567 1037 1610 cantico
1055 1581 1168 1610 novo
1190 1564 1388 1624 depictus
1411 1574 1474 1609 est
1501 1583 1512 1610 2
1536 1564 1597 1607 ibi
1618 1563 1737 1607 enim

346 1636 503 1680 dicitur
520 1652 528 1676 t
547 1655 566 1676 «
583 1639 696 1680 Deus
721 1636 937 1680 canticum
953 1651 1116 1681 novum
1139 1636 1327 1681 cantabo
1351 1635 1446 1689 tibi,
1466 1635 1508 1678 in
1533 1634 1736 1693 psalterio

349 1726 368 1748 »
404 1707 555 1751 decem
579 1707 841 1750 chordarum
865 1706 1044 1766 psallam
1067 1707 1144 1750 tibi
1162 1710 1180 1732 ‘²
1199 1741 1208 1750 .
1240 1725 1259 1747 »
1277 1709 1351 1750 ¹Et
1372 1705 1472 1750 vide
1505 1714 1654 1749 utrum
1681 1703 1738 1749 ad

346 1778 429 1821 hoe
445 1778 662 1821 canticum
684 1777 914 1836 pertineat,
936 1778 1013 1836 qui
1033 1777 1127 1821 orbi
1147 1786 1360 1820 terrarum
1381 1791 1471 1820 non
1486 1775 1735 1820 communi-

347 1857 430 1892 cat.
457 1847 573 1891 Alibi
595 1847 711 1890 enim
734 1846 893 1890 dicitur
920 1866 928 1890 ε
959 1866 978 1888 «
999 1849 1181 1891 Caritate
1211 1847 1396 1891 Domino
1419 1847 1638 1890 canticum
1656 1860 1738 1890 no-

352 1938 370 1959 »
391 1934 510 1972 vum,
525 1927 695 1962 cantate
711 1918 896 1962 Domino
912 1918 1051 1962 omnis
1065 1926 1178 1961 terra
1189 1919 1220 1961 3.
1237 1917 1420 1961 »Omnis
1433 1932 1536 1976 ergo
1550 1926 1678 1971 terra,
1694 1916 1739 1960 in

347 1990 470 2047 cujus
492 1989 658 2032 unitate
676 2004 764 2033 non
782 1989 898 2043 estis,
925 1998 1072 2033 cantat
1090 1990 1309 2033 canticum
1324 2004 1504 2033 novum.
1526 1991 1584 2033 Et
1600 1987 1740 2032 omnis

353 2069 479 2103 terrae
494 2060 737 2104 suntverba
750 2075 927 2119 quoque
939 2060 1020 2103 ista
1034 2078 1042 2104 z
1054 2060 1302 2104 «Dominus
1321 2059 1460 2119 pascit
1471 2074 1556 2113 me,
1571 2068 1614 2103 et
1630 2057 1740 2102 nihil

352 2148 372 2171 »
388 2129 657 2184 mihideerit‚
674 2133 895 2175 etc.»Non
907 2140 1008 2174 sunt
1024 2132 1116 2175 haec
1137 2132 1267 2175 verba
1287 2131 1570 2188 zizaniorum,
1585 2145 1740 2190 quam—

350 2201 412 2245 vis
434 2216 572 2260 usque
593 2202 648 2246 ad
671 2216 852 2245 messem
874 2202 918 2244 in
942 2217 1028 2245 una
1054 2211 1198 2260 segete
1226 2201 1470 2246 tolerentur
1490 2221 1498 2246 :
1524 2217 1615 2246 non
1638 2210 1741 2245 sunt

351 2271 481 2316 verba
503 2272 654 2331 paleae,
682 2273 758 2316 sed
778 2272 933 2327 tritici,
963 2274 1158 2332 quamvis
1177 2273 1327 2316 eadem
1350 2272 1500 2332 pluvia
1523 2272 1741 2333 simulque

353 2343 617 2396 nutriantur,
629 2342 780 2386 eadem
796 2357 891 2386 area
906 2341 1123 2402 simulque
1140 2343 1415 2398 triturentur,
1432 2343 1572 2388 donec
1584 2342 1741 2388 ultimo

352 2411 595 2456 ventilabro
618 2413 671 2455 ab
690 2412 874 2456 invicem
897 2423 1179 2471 segregentur
1199 2433 1207 2457 :
1234 2429 1333 2473 quae
1349 2412 1439 2458 duo
1455 2413 1609 2473 utique
1626 2428 1741 2457 com-

353 2482 542 2525 muniter
553 2498 690 2527 unum
701 2483 867 2528 habent
877 2483 1138 2542 baptismum
1147 2519 1157 2538 ,
1171 2485 1369 2543 quamvis
1381 2499 1470 2530 non
1486 2484 1571 2528 sint
1583 2499 1736 2528 unum.

403 2574 408 2588 ¹
433 2567 509 2598 Psal.
534 2578 610 2608 xxii,
636 2568 705 2599 1-6.
724 2586 760 2591 -
775 2575 786 2590 ²
808 2569 855 2601 ld.
872 2579 978 2607 exuri,
1000 2580 1083 2611 9.—
1101 2567 1172 2602 ³1d.
1191 2579 1288 2608 xcxv,
1304 2580 1337 2612 9.
