1825 3264
343 275 422 313 464
779 284 812 313 s.
849 284 1078 314 Araus-run
1113 286 1291 314 Emscorr

339 351 398 394 sie
431 359 577 408 postea
605 360 889 409 susceperunt
906 385 916 405 ,
937 360 986 395 ut
1007 366 1106 395 cum
1130 351 1188 394 eis
1218 351 1262 394 in
1294 350 1532 394 honoribus
1569 364 1718 393 eorum

338 421 514 479 integris
536 421 928 475 communicarent,
954 431 997 465 et
1019 420 1148 465 simul
1176 422 1221 464 in
1251 435 1400 480 pacem
1435 419 1617 464 redactis
1638 435 1721 478 po-

340 490 452 548 pulis
465 506 616 535 eorum
630 507 679 535 ex
695 492 760 535 his
773 507 882 551 quos
893 492 937 535 in
951 492 1179 536 schismate
1194 491 1534 550 baptizaverant,
1551 489 1719 534 nullum

340 561 672 620 rebaptizarent.

401 634 452 674 V.
480 634 607 676 Extat
625 632 848 676 decretum
873 633 1117 690 Bagai‘ensis
1141 631 1329 686 concilii,
1355 630 1588 690 allegatum
1609 629 1725 688 apud

341 701 661 761 proconsulem,
683 702 893 746 advocato
913 711 1202 761 prosequente
1222 701 1489 755 Nummasio,
1509 715 1609 744 cum
1628 714 1727 758 age·
1788 727 1791 734 -

340 782 405 816 ret
429 781 479 816 ut
503 772 707 816 Primiani
734 772 1032 816 communioni
1057 772 1392 816 Membresitana
1422 769 1614 815 Ecclesia
1634 779 1726 813 tra·
1789 776 1790 782 ’

341 841 517 886 deretur
539 843 716 902 expulso
741 842 883 887 Salvio
903 877 913 896 ‚
939 843 1015 902 qui
1049 857 1141 886 eam
1167 843 1345 886 tenebat
1371 841 1625 900 antiquitus,
1651 839 1728 882 ubi

341 913 636 972 episcopatum
666 921 882 956 meruerat
922 913 966 956 in
1000 922 1121 970 parte
1170 912 1342 956 Donati.
1384 911 1469 956 Sed
1501 909 1728 969 pellendus

342 993 568 1042 propterea
594 984 837 1041 petebatur,
863 983 964 1042 quia
985 998 1084 1026 eum
1105 983 1359 1026 damnatum
1383 981 1607 1039 Baga'iensi
1629 994 1729 1024 con-

342 1053 442 1096 cilio
472 1054 677 1096 recitabat
705 1053 818 1095 inter
851 1051 1084 1096 duodecim
1118 1051 1412 1096 Maximiniani
1436 1050 1724 1103 ordinatores,

343 1138 452 1182 quos
474 1122 588 1166 idem
625 1123 901 1167 Nummasius
923 1123 968 1166 in
996 1137 1179 1167 numero
1211 1138 1356 1166 errans
1380 1122 1584 1166 undecim
1605 1120 1725 1164 dicit.

344 1196 468 1238 Hanc
491 1194 729 1239 Nummasii
762 1193 1100 1252 postulationem
1134 1194 1330 1238 recitavit
1358 1203 1504 1253 postea
1540 1193 1731 1236 Titianus

344 1279 539 1322 expresse
556 1279 605 1308 ac
624 1263 881 1307 nominatim
905 1278 1033 1322 agens
1056 1263 1174 1322 apud
1195 1264 1398 1308 eumdem
1427 1261 1731 1322 proconsulem

345 1335 548 1379 adversus
592 1338 900 1379 Praetextatum
932 1343 975 1378 et
1019 1334 1286 1379 Felicianum
1324 1354 1332 1378 ε
1377 1335 1499 1394 cujus
1535 1331 1731 1377 advocati

345 1406 475 1449 verba
503 1405 581 1449 ista
612 1414 734 1449 sunt:
766 1424 782 1445 «
820 1405 903 1449 Sed
931 1406 1040 1459 suis,
1071 1405 1244 1465 inquit,
1281 1406 1488 1450 institutis
1527 1403 1733 1463 iniquitas

347 1475 611 1529 delectatur,
637 1485 678 1519 et
700 1475 979 1533 semetipsum
997 1491 1085 1520 non
1109 1474 1285 1528 deserit,
1306 1491 1405 1519 cum
1428 1474 1560 1518 semel
1577 1472 1732 1532 praeci-

346 1546 481 1604 pitata
509 1546 734 1590 corruerit.
763 1544 885 1589 Idem
906 1561 1095 1605 namque
1123 1545 1410 1589 Maximianus
1432 1553 1622 1603 coeptam
1646 1559 1732 1587 nu-

346 1616 422 1659 trit
443 1618 684 1669 audaciam,
707 1616 866 1659 etalios
882 1616 1054 1659 sibimet
1076 1616 1293 1660 consociat
1310 1614 1365 1659 ad
1388 1614 1595 1659 furorem.
1615 1617 1734 1658 Inter

348 1700 457 1744 quos
479 1686 609 1728 etiam
635 1689 665 1728 F
672 1685 877 1728 elicianus
900 1684 1078 1743 quidam
1095 1720 1105 1738 ,
1131 1686 1205 1744 qui
1229 1685 1369 1743 primo
1388 1694 1505 1729 recta
1523 1692 1730 1737 sectatus,

349 1755 667 1814 depravationis
692 1755 819 1814 hujus
841 1755 1168 1798 attaminatione
1194 1755 1386 1798 fuscatur
1402 1755 1476 1808 ,in
1499 1754 1735 1798 Mustitana
1788 1756 1798 1796 ’.

350 1825 513 1882 positus
547 1825 742 1875 civitate,
773 1827 859 1867 Deo
898 1824 1188 1881 omnipotenti
1217 1825 1400 1882 parietes
1433 1832 1731 1875 consecratos,
1786 1819 1789 1846 ³

351 1895 586 1939 Ecclesiam
610 1893 901 1938 venerandam
924 1894 1045 1953 quasi
1065 1894 1256 1953 quadam
1285 1894 1530 1937 obsessione
1553 1893 1737 1937 credidit
1803 1898 1825 1929 ·³

354 1965 638 2007 retinendam.
668 1967 794 2007 Hunc
819 1967 1099 2007 Praetextatus
1131 1961 1260 2007 etiam
1288 1964 1333 2006 in
1356 1963 1615 2007 Assuritanis
1639 1977 1738 2021 par-

355 2035 471 2078 tibus
492 2034 699 2078 imitatur.
718 2033 801 2078 Sed
823 2049 922 2077 cum
947 2034 1162 2092 {equitatis
1185 2043 1271 2077 tuae
1289 2035 1575 2077 innotesceret
1596 2041 1739 2091 potes·
1785 2021 1821 2093 Ξ

356 2105 434 2148 tati
456 2105 722 2148 consortium
745 2104 1016 2148 sacerdotum
1036 2139 1046 2157 ‚
1074 2104 1234 2162 jussisti
1255 2139 1265 2158 ,
1292 2113 1341 2148 ut
1369 2113 1485 2162 gesta
1508 2112 1736 2154 testantur,
1784 2098 1825 2140 '‘ss

357 2173 534 2232 exploso
567 2175 685 2218 omni
715 2174 1069 2218 contradictionis
1099 2174 1260 2217 effectu
1288 2174 1580 2218 sacratissimis
1601 2188 1740 2217 sacer-

359 2242 535 2287 dotibus
557 2260 578 2287 a
605 2244 793 2302 profanis
816 2245 1033 2287 mentibus
1053 2243 1249 2288 ecclesias
1274 2245 1510 2288 vindicatas
1542 2253 1741 2302 oportere

359 2315 539 2357 restitui.
568 2334 585 2354 »
608 2314 770 2357 Deinde
793 2314 922 2373 paulo
936 2324 1054 2372 post,
1081 2324 1130 2358 ut
1153 2313 1267 2357 idem
1287 2313 1521 2358 advocatus
1543 2314 1742 2357 ostendat

360 2383 467 2442 quid
496 2385 663 2442 jussum
696 2386 775 2438 sit,
802 2386 951 2428 recitat
978 2385 1217 2430 Nummasii
1252 2385 1584 2443 postulationem
1609 2398 1741 2443 quam

362 2469 488 2512 supra
517 2456 849 2499 commemoravi
881 2474 888 2499 z
915 2456 960 2498 in
991 2471 1075 2514 qua
1109 2455 1343 2514 proconsul
1364 2456 1614 2500 Nummasio
1641 2469 1742 2498 cum

363 2523 533 2567 dixisset
560 2544 567 2568 :
597 2544 616 2566 «
642 2529 755 2583 Lege
777 2524 1018 2583 episcopale
1041 2526 1255 2585 judicium
1288 2546 1298 2581 3
1332 2544 1351 2566 »
1377 2525 1487 2569 illud
1508 2527 1743 2583 Bagai'ense
1798 2519 1799 2522 ¹

367 2593 590 2637 recitatum
616 2603 677 2638 est
695 2629 706 2649 ,
731 2595 776 2638 in
798 2610 885 2653 quo
912 2596 1199 2639 Maximianus
1221 2597 1453 2640 damnatur
1486 2595 1550 2638 his
1571 2593 1739 2638 verbis:
