1825 3264
256 299 418 329 com-M
449 301 712 328 cnescomrm
746 300 1034 340 Domus-ram,
1071 303 1152 328 Lm.
1190 302 1237 327 ιῐ.
1363 288 1446 327 357

64 367 329 413 consensisti.
350 370 430 411 Per
452 375 494 410 te
515 367 644 424 igitur
662 375 735 411 aut
752 381 828 426 per
840 377 1002 412 vestros
1020 368 1113 412 haec
1135 375 1199 410 est
1220 365 1450 425 magnifica

64 439 237 482 inventa
254 437 322 482 vel
346 437 639 482 demonstrata
655 435 850 482 doctrina
865 456 874 482 ε
889 440 1000 483 Cum
1015 446 1161 482 sancte
1177 436 1319 481 dantis
1334 436 1450 482 bona

62 509 325 554 conscientia
348 518 426 563 est,
452 518 558 554 tunc
580 508 635 553 ab
657 523 705 552 ea
728 509 776 552 fit
798 508 940 553 bonus
961 509 1037 568 qui
1057 508 1323 568 baptizatur,
1346 517 1450 552 tunc

62 580 192 625 arbor
210 581 325 625 bona
351 580 513 625 bonum
538 578 730 625 fructum
754 581 887 639 parit¹
911 600 919 625 ε
939 596 1039 625 cum
1063 596 1165 625 vero
1187 580 1451 624 conscientia

61 651 204 695 dantis
225 651 337 695 mala
362 660 404 695 et
433 651 602 695 occulta
625 661 715 705 est,
736 660 842 695 tunc
866 653 956 711 ejus
978 667 1077 711 quae
1109 650 1213 695 falsa
1240 659 1303 694 est
1334 650 1450 694 bona

61 720 175 766 fama
190 722 433 766 consulitur
459 743 469 779 3
489 731 538 766 ut
562 731 667 766 tunc
690 737 710 765 a
733 721 912 765 fallente
931 722 1115 780 accipiat
1137 722 1268 765 homo
1291 720 1450 780 baptis-

60 808 178 836 mum
202 808 371 845 verum,
391 807 490 837 cum
514 791 569 836 de
587 792 663 836 illo
685 792 918 836 crediderit
940 792 1098 837 falsum
1128 811 1137 837 ;
1163 801 1295 851 atque
1315 791 1375 835 ita
1395 805 1451 834 ne

57 864 167 907 desit
198 879 297 923 quae
318 864 512 908 fructum
539 863 654 922 paria
677 863 868 907 haeretici
887 863 1040 907 erroris
1058 898 1072 918 ‚
1091 863 1141 906 fit
1163 871 1302 906 mater
1330 861 1450 905 falsi-

57 943 120 978 tas
143 934 348 978 veritatis.
372 937 466 979 Hoc
481 934 580 978 ideo
601 943 744 978 totum
764 943 852 978 tam
876 933 1131 988 execrabile,
1157 942 1244 977 tam
1269 931 1449 975 mirabi-

54 1003 152 1048 liter
164 1019 414 1063 perversum
434 1014 476 1048 et
490 1005 710 1059 insanum,
731 1019 786 1047 ne
809 1003 930 1063 quod
948 1005 1023 1048 Dei
1040 1013 1103 1048 est
1122 1003 1198 1047 Dei
1215 1017 1306 1046 esse
1329 1002 1450 1046 dica-

54 1083 141 1128 tur,
158 1084 206 1119 ut
229 1074 348 1135 quod
367 1091 389 1119 a
413 1078 501 1119 Deo
525 1075 727 1128 sumitur,
754 1075 1008 1118 hominibus
1028 1074 1273 1130 tribuatur3
1298 1088 1354 1116 ne
1374 1073 1450 1132 qui

54 1145 187 1190 dixit:
217 1164 235 1187 «
270 1146 543 1190 Conscientia
566 1155 712 1190 sancte
738 1145 881 1190 dantis
899 1145 1157 1199 attenditur,
1175 1159 1275 1203 quae
1297 1141 1448 1187 abluat

54 1216 305 1276 accipientis
331 1235 350 1257 »
377 1231 538 1261 errasse
561 1216 774 1261 videatur.

112 1289 276 1331 XXIV.
322 1307 340 1330 «
359 1288 502 1332 Nostri
547 1290 646 1343 hoc,
692 1288 852 1348 inquis,
888 1287 943 1331 de
984 1285 1214 1345 Scripturis
1240 1285 1446 1344 probant,

53 1359 261 1418 quoniam
292 1358 426 1402 Judas
455 1357 654 1413 traditor,
695 1367 932 1418 antequam
964 1357 1271 1409 damnaretur,
1303 1356 1450 1399 omnia

53 1430 164 1473 sicut
187 1429 418 1488 Apostolus
440 1430 584 1488 gessit.
608 1448 628 1470 »
655 1428 770 1482 Quid
788 1430 870 1472 hoc
895 1427 949 1471 ad
973 1427 1171 1471 Petiliani
1189 1426 1449 1470 sententiam

53 1500 181 1543 fixam
205 1509 336 1560 atque
358 1501 580 1544 definitam
605 1536 615 1554 ,
644 1519 663 1541 «
683 1500 957 1545 Conscientia
978 1508 1124 1543 sancte
1147 1498 1290 1542 dantis
1312 1506 1450 1540 atten-

53 1570 188 1625 ditur,
222 1588 320 1630 quae
350 1572 500 1615 abluat
530 1571 817 1630 accipientis?
848 1590 867 1612 n
897 1571 976 1614 nisi
1000 1570 1120 1630 quod
1146 1578 1189 1613 et
1212 1568 1347 1613 Judas
1369 1568 1449 1612 iste

53 1642 234 1685 nimium
270 1651 419 1686 contra
445 1658 520 1686 vos
549 1652 627 1696 est,
661 1658 760 1686 cum
785 1642 928 1686 verbis
958 1642 1106 1686 alienis
1129 1639 1448 1685 inconsiderate

52 1711 230 1771 prolatis
248 1714 534 1770 patrocinium
560 1714 754 1771 praebere
778 1713 1011 1757 conamini.
1041 1715 1151 1757 Cum
1177 1712 1292 1755 enim
1313 1711 1449 1755 Judas

53 1783 162 1826 sicut
200 1782 434 1841 Apostolus
473 1783 726 1842 baptizaret,
768 1783 1125 1843 quandoquidem
1163 1781 1303 1825 malus
1336 1791 1443 1836 erat,

52 1853 153 1912 quia
180 1853 253 1896 fur
276 1862 382 1907 erat,
410 1862 452 1897 ct
484 1868 531 1897 ea
564 1869 663 1912 quae
691 1854 980 1896 mittebantur
1011 1853 1057 1896 in
1086 1852 1334 1896 commissos
1366 1851 1446 1895 sibi

52 1922 218 1967 loculos
259 1923 486 1967 auferebat
513 1958 523 1977 ,
563 1939 651 1967 non
690 1925 842 1983 utique
875 1923 1137 1968 conscientia
1175 1924 1267 1982 ejus
1300 1931 1444 1966 atten-

0 2033 1 2048 ,
53 1993 239 2037 debatur
259 2029 269 2047 ,
318 1994 393 2037 sed
434 1997 548 2037 Deus
591 2003 633 2037 ot
676 1995 872 2038 Christus
909 1995 954 2038 in
994 2009 1124 2053 quem
1167 1993 1441 2038 credebatur.

52 2066 203 2123 Neque
241 2064 355 2108 enirn
401 2073 444 2108 et
485 2065 616 2123 ipsius
660 2065 758 2108 mali
799 2065 986 2109 hominis
1025 2064 1130 2108 falsa
1170 2065 1282 2108 bona
1329 2062 1444 2107 fama

52 2134 278 2179 credentes
307 2135 565 2194 accipientes
589 2134 813 2189 abluebat,
838 2150 920 2179 nec
943 2134 1176 2194 generabat
1198 2135 1241 2178 in
1267 2134 1445 2178 homine

53 2205 230 2263 gratiam
257 2206 415 2250 divinae
437 2206 629 2250 veritatis
652 2205 814 2250 falsitas
836 2207 1040 2251 humanae
1063 2205 1291 2265 opinionis.
1321 2251 1325 2254 ,

111 2277 251 2319 XXV.
273 2278 329 2319 Et
343 2274 454 2319 illud
474 2276 767 2320 testimonium
788 2276 906 2337 quod
925 2275 980 2320 de
1000 2276 1228 2335 Scripturis
1246 2275 1441 2334 posuisti,

58 2365 79 2388 «
113 2349 221 2399 Quae
241 2345 468 2390 manifesta
492 2356 592 2391 sunt
617 2383 627 2401 ,
653 2349 798 2406 vobis;
823 2364 922 2407 quae
944 2356 1089 2391 autem
1112 2347 1283 2391 occulta
1307 2354 1409 2390 sunt
1429 2381 1441 2400 ,

55 2419 240 2462 Domino
265 2421 352 2462 Deo
375 2426 516 2461 vestro
541 2421 558 2442 ²
584 2439 594 2474 3
623 2436 642 2459 n
664 2419 743 2462 ista
767 2419 894 2462 verba
926 2417 1147 2477 redarguit
1171 2427 1302 2476 atque
1334 2432 1443 2461 con-

54 2489 206 2534 vincit.
233 2489 273 2532 Si
286 2488 400 2531 enim
415 2504 514 2547 quae
526 2487 696 2532 occulta
715 2499 832 2542 sunt,
854 2489 1039 2533 Domino
1057 2492 1143 2532 Deo
1158 2488 1444 2548 relinquenda

56 2568 182 2615 sunt,
211 2558 435 2618 quomodo
458 2558 722 2603 conscicntia
744 2558 901 2613 dantis,
929 2574 1016 2603 non
1041 2559 1180 2603 solum
1205 2558 1344 2612 mala,
1370 2573 1444 2602 ve-

106 2643 253 2675 «Manli.
276 2655 330 2684 vu,
357 2654 404 2685 ¹7·
421 2661 459 2666 —
475 2649 486 2665 ²
508 2645 599 2674 nont.
625 2655 713 2676 xxix.
734 2653 784 2685 ῆς.
