1825 3264
284 259 445 288 con'rRA
477 262 738 291 cnnscomum
771 260 1057 302 DONATISTAM,
1094 265 1175 291 ιω.
1213 267 1271 292 ιν.
1398 254 1481 294 499

100 324 293 384 permissi
309 335 426 381 sunt,
453 327 497 371 in
519 327 708 373 Ecclesia
727 342 815 372 non
845 326 1037 373 fuerunt.
1058 332 1174 388 Ergo
1195 339 1311 374 extra
1330 330 1477 375 Eccle-

99 396 206 441 siam
236 395 564 456 baptizaverunt
585 417 594 443 τ
620 407 663 444 et
679 398 807 445 simul
830 399 1114 459 baptizatores
1140 410 1184 445 et
1207 402 1410 461 baptizati
1429 402 1485 447 ad

101 465 337 512 Ecclesiam
374 466 604 513 redeuntes
622 503 633 524 ,
657 468 820 514 necilli
847 469 1034 515 honores
1060 486 1170 530 quos
1198 480 1316 516 extra
1344 487 1486 531 gesse-

100 546 224 593 rant,
245 553 326 583 nec
347 538 409 583 illi
431 539 645 599 baptisma
662 539 783 600 quod
806 550 927 586 extra
954 552 1210 601 acceperant
1231 544 1482 589 amiserunt.

158 611 300 654 XLII.
338 613 394 656 Et
410 619 457 655 tu
479 611 673 671 quidem,
692 621 907 672 quantum
930 614 1110 673 potuisti
1132 614 1175 657 in
1197 629 1325 658 causa
1348 614 1483 670 mala,

101 688 228 723 caute
259 679 433 725 locutus
459 696 531 737 es,
570 691 620 726 ut
646 682 810 727 diceres
844 702 852 728 ;
883 701 904 725 «
937 682 1103 728 Placuit
1131 693 1277 728 tamen
1312 684 1488 728 decreto

101 750 271 795 concilii
294 751 549 797 dilationem
582 754 786 812 temporis
806 753 916 808 dari,
942 755 1052 798 intra
1082 754 1203 814 quod
1223 755 1256 799 si
1283 755 1380 814 quis
1396 770 1489 800 cor-

101 820 182 878 rigi
204 821 425 876 voluisset‚
450 822 657 868 innocens
679 823 929 868 haberetur.
959 843 979 866 »
1002 824 1070 869 llli
1086 834 1231 869 autem
1250 840 1329 870 nec
1349 826 1490 870 corri-

102 891 264 949 gendos
290 907 363 937 eos
385 891 517 938 fuisse
544 894 749 938 dixerunt
767 929 777 947 ‚
803 895 964 953 quibus
985 894 1086 939 data
1110 904 1173 939 est
1194 894 1266 939 illa
1296 895 1447 940 dilatio
1475 917 1488 954 ς

99 962 175 1006 sed
190 971 399 1023 tanquam
417 964 596 1008 omnino
614 964 834 1024 impolluti
853 974 985 1025 atque
1007 966 1262 1010 innocentes
1279 965 1325 1009 in
1345 966 1491 1011 Maxi-

100 1032 235 1077 miani
251 1033 458 1079 societate
480 1033 661 1089 fuerint,
685 1035 746 1080 sic
764 1034 819 1079 de
840 1034 924 1079 illis
944 1035 1204 1095 loquuntur,
1229 1051 1328 1080 cum
1355 1037 1491 1095 ipsam

100 1113 338 1162 prorogant
358 1103 626 1149 dilationem.
651 1105 767 1158 Quid
784 1115 848 1149 est
870 1106 985 1149 enim
1007 1105 1126 1149 aliud
1148 1106 1267 1165 quod
1295 1105 1450 1150 dicunt
1475 1124 1485 1151 ε

103 1193 125 1217 ιι
145 1176 231 1220 Eos
252 1184 397 1220 autem
413 1191 522 1236 quos
545 1175 738 1235 sacrilegi
756 1176 919 1221 surculi
934 1192 1024 1221 non
1044 1176 1241 1235 polluere
1259 1177 1486 1235 plantaria,

100 1243 156 1289 ad
174 1255 355 1291 matrem
372 1246 610 1291 Ecclesiam
637 1247 777 1291 redire
801 1248 1108 1306 permisimus?
1131 1265 1149 1288 »
1176 1251 1238 1291 Ac
1261 1263 1314 1291 ne
1334 1262 1489 1307 parum

99 1315 169 1369 sit,
188 1315 288 1361 vide
307 1317 416 1377 quid
433 1318 674 1377 adjungant
700 1337 709 1362 :
748 1338 767 1359 «
794 1323 966 1370 Quanto
989 1319 1105 1362 enim
1122 1318 1178 1361 de
1197 1333 1370 1363 reorum
1388 1353 1399 1372 ‚
1427 1319 1490 1362 in-

99 1386 285 1446 quiunt,
308 1396 447 1432 morte
482 1403 722 1447 purgamur
742 1423 752 1441 ‚
777 1398 898 1432 tanto
927 1388 982 1432 de
1010 1389 1311 1432 innocentium
1345 1388 1489 1431 reditu

101 1456 384 1516 gratulamur.
407 1477 427 1499 »
449 1460 539 1503 Cur
561 1459 707 1518 itaque
729 1468 777 1502 tu
798 1457 903 1503 dicis
929 1478 937 1502 :
957 1478 976 1501 «
1005 1458 1218 1503 Placuisse
1236 1458 1487 1503 dilationem

100 1529 308 1588 temporis
324 1529 417 1573 dari
437 1564 448 1584 ,
474 1529 585 1573 intra
608 1529 730 1589 quod
749 1530 781 1572 si
806 1529 904 1588 quis
925 1529 1081 1588 corrigi
1103 1528 1256 1584 vellet,
1282 1530 1489 1573 innocens

99 1600 361 1656 haberetur3
384 1619 403 1641 »
429 1616 530 1644 cum
548 1616 641 1644 eam
660 1599 805 1644 videas
827 1599 1068 1659 impollutis
1086 1610 1218 1659 atque
1241 1600 1487 1644 innocenti-

98 1669 180 1713 bus
207 1669 353 1715 datam
377 1672 395 1714 i>
419 1670 501 1716 Sed
538 1669 739 1715 videlicet
763 1681 809 1714 tu
844 1671 1024 1714 timuisti
1046 1686 1100 1714 ne
1126 1671 1204 1714 tibi
1229 1670 1446 1714 diceretur
1476 1688 1485 1713 ε

99 1741 244 1793 Quare
260 1739 448 1785 dabatur
461 1741 610 1785 dilatio
628 1742 687 1785 eis
701 1756 810 1800 quos
830 1756 918 1784 non
942 1740 1155 1799 polluerat
1173 1741 1490 1784 Maximianus?

101 1808 207 1854 Ideo
219 1809 428 1854 dilatione
440 1809 510 1854 illa
527 1811 806 1868 corrigendos
821 1826 909 1853 esse
924 1811 1141 1854 censuisti.
1160 1810 1225 1853 Illi
1249 1811 1489 1853 timuerunt

100 1895 156 1925 ne
187 1880 269 1925 sibi
299 1879 516 1925 diceretur
538 1900 546 1925 :
567 1883 711 1933 Quare
735 1881 777 1924 in
803 1880 888 1923 suis
915 1880 1153 1924 honoribus
1180 1879 1367 1938 pollutos
1390 1896 1486 1924 sus-

99 1952 243 2009 cipere
274 1949 470 1995 voluistis
497 1952 515 1994 P
539 1950 642 1994 Ideo
675 1965 720 1994 se
757 1950 996 2009 impollutis
1033 1949 1286 1995 dilationem
1319 1951 1486 1995 dedisse

100 2020 318 2066 dixerunt.

158 2094 322 2137 xLlu.
351 2091 539 2136 Proinde
560 2091 727 2148 singula
752 2091 952 2135 timuistis
973 2126 984 2145 ‚
1017 2092 1092 2135 sed
1123 2090 1380 2135 alterutrum
1404 2106 1487 2150 op-

101 2172 322 2221 pugnatur
349 2178 401 2206 ex
431 2162 582 2207 altero.
615 2164 724 2207 Nam
749 2161 830 2205 tibi
856 2160 1014 2205 dicitur
1044 2180 1052 2205 :
1086 2161 1318 2214 Quomodo
1348 2162 1493 2206 existi-

101 2247 193 2277 mas
225 2232 507 2291 corrigendos
527 2268 542 2287 ,
574 2248 683 2292 quos
707 2233 770 2276 tui
802 2232 1041 2291 praedicant
1079 2231 1330 2290 impollutos
1357 2234 1373 2273 ?
1400 2232 1488 2276 Illis

102 2312 248 2348 autem
274 2302 436 2348 dicitur
469 2323 478 2349 :
509 2303 743 2356 Quomodo
782 2303 965 2347 asseritis
998 2301 1270 2361 impollutos,
1301 2302 1378 2346 etsi
1401 2318 1490 2347 non

100 2388 280 2418 manum
312 2372 580 2432 imponendo
605 2374 737 2432 capiti
763 2373 1042 2424 Maximiani,
1075 2383 1217 2417 tamen
1254 2373 1493 2418 schismatis

99 2444 190 2502 ejus
211 2444 523 2488 communione
546 2444 786 2488 maculatos
804 2445 822 2487 Ρ
844 2444 978 2501 Cujus
1000 2452 1145 2486 autern
1164 2444 1350 2498 animus,
1370 2445 1492 2503 cujus

101 2515 240 2568 vireS,
265 2516 389 2574 cujus
409 2515 560 2574 lingua
589 2514 777 2558 sufficiat
811 2515 1011 2573 proloqui
1046 2523 1132 2559 tam
1170 2515 1494 2559 intolerandum

98 2583 297 2631 dolorem
322 2585 341 2629 i>
363 2593 413 2630 ut
449 2599 546 2644 pars
573 2585 731 2630 Donati
754 2584 929 2630 discissa
951 2584 1204 2629 resarciatur
1219 2619 1231 2638 ‚
1254 2600 1333 2630 nec
1356 2585 1491 2631 socios

1246 2655 1311 2694 32.
