1825 3264
360 266 382 303 4
396 270 410 303 5
421 265 442 303 4
791 278 824 304 s.
862 274 1090 305 Avensa-uu
1123 277 1304 305 zptscom

354 343 464 384 sium
483 349 651 400 tempus
663 342 891 386 effluxerit.
910 341 1172 387 Producitur
1185 351 1334 387 autem
1366 343 1446 386 iste
1480 344 1733 400 conflictus,

352 420 567 471 quantum
585 427 636 456 ex
654 412 781 471 gestis
799 411 1180 472 proconsularibus
1201 422 1243 457 et
1261 413 1594 472 municipalibus
1607 415 1738 460 inda-

350 495 449 539 gare
469 483 708 542 potuimus,
733 498 872 543 usque
893 483 949 529 ad
978 484 1258 528 Theodorum
1279 484 1583 543 proconsulem
1601 520 1612 541 ,
1652 486 1738 531 hoc

349 561 428 607 est,
455 568 593 613 usque
624 552 680 598 ad
707 554 807 598 anni
843 553 1017 598 alterius
1046 553 1160 598 diem
1195 553 1479 599 undecimum
1519 555 1739 601 Kalendas

350 624 560 668 ,Ianuar-ii.
588 627 685 677 Quo
715 623 786 669 die
815 623 959 670 clerici
981 634 1025 669 et
1047 625 1234 670 seniores
1260 633 1438 684 agentes
1463 625 1546 670 sub
1567 629 1739 685 Rogato

349 695 568 754 episcopo,
591 696 727 756 quiin
747 695 895 741 locum
913 695 1107 741 damnati
1126 697 1372 741 Praetextati
1384 697 1625 741 Assuritani
1641 696 1739 742 fue-

347 774 414 810 rat
435 766 706 825 subrogatus,
732 767 1029 826 allegaverunt
1046 768 1274 813 memorati
1292 767 1562 827 proconsulis
1579 768 1739 828 jussio-

348 851 464 891 nem,
492 853 591 881 cum
613 854 632 881 a
655 837 756 882 foris
777 848 902 882 erant
919 854 941 882 a
963 839 1272 883 communione
1293 846 1433 883 vestra
1448 873 1459 893 ,
1485 848 1528 882 et
1544 838 1738 898 ejusdem

347 909 668 953 communionis
684 918 837 953 vestrae
854 909 1019 955 inimici
1035 910 1082 954 in
1094 909 1268 969 judiciis
1286 908 1471 968 publicis
1487 910 1737 968 argueban-

346 969 418 1022 tur
432 989 474 1023 et
491 979 734 1039 expellendi
749 980 804 1024 de
821 981 925 1025 locis
946 984 1033 1026 Deo
1054 995 1226 1025 summo
1243 980 1502 1025 consecratis
1524 988 1735 1040 tanquam

343 1047 536 1107 sacrilegi
560 1050 835 1108 petebantur.

403 1121 559 1163 LXIII.
599 1123 666 1164 Ex
695 1120 895 1180 quolibet
915 1134 1018 1179 ergo
1040 1135 1224 1164 numero
1246 1119 1441 1175 fuerint,
1466 1122 1739 1180 (quanquam

344 1191 443 1233 satis
458 1200 662 1249 appareat
684 1206 734 1234 ex
757 1207 845 1251 quo
867 1190 1047 1247 fuerint,
1063 1192 1171 1252 >qui
1193 1192 1307 1236 intra
1319 1191 1607 1236 constitutum
1623 1190 1738 1235 dila-

342 1259 471 1303 tionis
495 1259 611 1304 diem
630 1262 929 1306 communioni
945 1277 989 1307 se
1010 1271 1163 1307 vestrae
1181 1277 1270 1306 non
1293 1260 1582 1305 reddiderunt
1598 1280 1607 1306 ε
1622 1276 1738 1320 quo-

340 1329 473 1373 modo
491 1346 591 1374 cum
606 1331 656 1375 iis
674 1347 783 1391 quos
807 1341 927 1376 extra
951 1332 1308 1377 communionem
1330 1340 1518 1376 vestram
1543 1331 1739 1391 baptiza-

342 1409 528 1453 verunt,
554 1417 644 1446 non
665 1403 842 1461 expiatis
865 1403 950 1448 alio
973 1404 1230 1462 baptismate
1248 1436 1259 1456 ,
1286 1402 1549 1446 redierunt?
1573 1404 1626 1446 In
1647 1417 1738 1462 quo

338 1471 459 1516 sacto
492 1488 583 1516 non
617 1489 693 1517 vos
715 1475 1099 1534 reprehendimus,
1131 1475 1252 1534 quod
1284 1473 1551 1533 baptismum
1573 1472 1737 1518 Christi

340 1557 619 1603 nequaquam
636 1544 892 1604 sacrilegum
907 1547 1039 1589 etiam
1053 1545 1099 1588 in
1115 1544 1348 1589 schismate
1362 1543 1570 1601 sacrilego
1582 1558 1736 1601 cogno-

338 1612 456 1655 vistis
478 1634 488 1670 3
514 1615 635 1673 quod
668 1615 898 1658 hominum
928 1616 1212 1674 perversitate
1235 1624 1430 1658 correcta
1453 1612 1587 1669 illud,
1609 1612 1736 1673 quod

340 1682 469 1725 etiam
494 1684 538 1725 in
558 1684 765 1742 perversis
787 1694 955 1728 rectum
979 1683 1138 1739 fuerat,
1165 1684 1470 1743 approbastis3
1502 1683 1624 1744 quod
1647 1683 1734 1727 hu-

341 1766 467 1795 mana
502 1752 604 1796 vitia
627 1768 728 1797 cum
751 1753 907 1798 divinis
929 1754 1159 1812 signaculis
1182 1768 1271 1798 non
1293 1753 1553 1798 confudistis
1579 1773 1590 1809 3
1614 1753 1735 1812 quod

339 1820 454 1865 dona
479 1822 682 1867 Ecclesiae
703 1859 714 1878 ,
742 1839 841 1884 quae
872 1834 1028 1884 praeter
1051 1824 1292 1869 Ecclesiam
1308 1839 1489 1885 quoque
1519 1823 1671 1868 haberi
1692 1832 1736 1868 et

340 1889 433 1935 dari
452 1892 506 1937 ad
524 1894 781 1939 habentium
798 1904 841 1938 et
859 1895 1167 1955 accipientium
1188 1895 1452 1956 supplicium
1468 1903 1707 1954 potuerunt
1724 1928 1736 1949 ,

343 1978 421 2007 nec
442 1963 487 2007 in
506 1963 719 2010 damnatis
740 1965 1005 2022 damnanda,
1030 1981 1109 2011 nec
1131 1967 1177 2011 in
1200 1966 1383 2026 receptis
1406 1966 1618 2010 mutanda
1636 1979 1736 2010 ceu-

344 2036 503 2080 suistis.
1592 2076 1597 2079 .

402 2109 555 2151 LXIV.
599 2110 686 2152 Nec
714 2107 826 2153 illud
849 2109 1204 2169 reprehendimus
1226 2144 1236 2164 ,
1258 2109 1381 2170 quod
1404 2107 1581 2153 eosdem
1620 2107 1734 2166 ipsos

343 2176 495 2220 famosi
512 2178 701 2222 criminis
723 2195 832 2234 reos,
849 2189 891 2223 ct
909 2190 1004 2239 post
1019 2182 1277 2225 sententiam
1299 2178 1593 2223 damnationis
1616 2179 1735 2237 ipso-

344 2263 439 2291 rum
459 2283 468 2302 ,
497 2258 538 2292 et
572 2258 667 2308 post
704 2249 922 2295 dilationis
959 2252 1075 2296 diem
1109 2250 1201 2295 aliis
1234 2251 1523 2295 constitutum
1539 2283 1551 2304 ,
1587 2259 1734 2293 tamen

342 2329 518 2377 propter
537 2319 721 2379 populos
742 2320 952 2376 infirmos,
968 2322 1045 2382 qui
1063 2323 1122 2366 eis
1141 2320 1434 2376 adhaeserunt,
1453 2318 1734 2364 recordantes

341 2390 470 2434 credo
496 2392 838 2437 Patris-familias
853 2393 1207 2449 sollicitudinem,
1221 2409 1273 2438 ne
1290 2391 1419 2438 simul
1439 2407 1540 2437 cum
1560 2390 1733 2435 zizaniis

342 2461 634 2507 eradicaretur
653 2473 694 2508 et
716 2465 908 2509 triticum
924 2501 934 2520 ‚
960 2466 1051 2509 sine
1069 2465 1212 2525 aliqua
1233 2463 1505 2508 detractione
1522 2461 1736 2520 colligen-

342 2527 435 2584 dos,
451 2541 494 2575 et
511 2532 602 2590 ipsa
623 2534 890 2579 abundantia
909 2535 1129 2580 charitatis
1150 2534 1388 2594 expiandos
1404 2548 1495 2578 esse
1518 2531 1732 2578 credidis—

347 2598 411 2643 tis.
430 2602 517 2645 Nec
540 2601 648 2647 illud
667 2605 1039 2663 reprehendimus,
1056 2604 1173 2665 quod
1193 2620 1291 2650 cum
1315 2619 1388 2649 cos
1411 2603 1555 2648 adhuc
1572 2601 1731 2648 famosi
