1825 3264
350 274 431 314 444
782 286 813 312 s·
851 283 1080 311 Arars'nm
1113 284 1292 312 Enscom

345 367 436 397 esse
458 351 616 395 zizania
640 353 670 406 ¹,
707 366 794 395 non
826 359 971 394 tamen
995 349 1195 409 impediri
1223 349 1355 395 debet
1386 351 1455 395 vel
1489 351 1623 407 fides,
1660 350 1730 396 vel

345 423 529 467 charitas
556 431 700 466 nostra
716 457 726 477 ,
755 431 804 466 ut
828 422 1033 482 quoniam
1058 421 1218 465 zizania
1240 436 1329 465 esse
1351 422 1396 465 in
1422 420 1612 467 Ecclesia
1642 437 1731 466 cer-

345 494 488 537 nimus
505 528 515 546 ,
542 494 621 551 ipsi
645 494 699 537 de
720 492 910 538 Ecclesia
933 491 1197 537 recedamus.

403 566 602 608 LXXIV.
631 564 711 608 Hic
733 574 775 608 et
798 573 846 608 tu
867 563 1080 623 responde
1099 598 1109 616 ,
1132 564 1165 607 si
1187 563 1265 607 tibi
1288 561 1430 623 placet
1451 563 1542 607 veri
1564 562 1729 624 aliquid

344 635 627 695 respondere,
662 644 704 679 et
730 634 952 695 quomodo
981 634 1237 694 implebitur
1258 633 1378 694 quod
1405 634 1613 693 scriptum
1637 643 1726 679 est:

348 726 364 747 «
393 707 527 751 Filius
556 707 695 751 malus
722 707 811 767 ipse
834 723 877 751 se
893 708 1060 767 justum
1081 706 1186 750 dicit
1210 741 1221 761 ,
1247 706 1408 749 exitum
1433 714 1578 749 autem
1602 720 1730 750 suurn

347 797 365 818 »
391 793 479 821 non
504 776 643 821 abluit
665 779 712 820 ²?
737 796 756 818 »
783 780 845 821 Da
868 792 969 835 ergo
992 776 1131 820 filium
1153 775 1314 820 malum
1335 811 1345 830 ,
1372 776 1729 820 Maximianenses

342 847 520 891 damnet
552 857 595 891 et
628 856 928 908 persequatur,
963 847 1174 890 damnatis
1204 855 1246 890 et
1278 846 1512 905 persecutis
1539 846 1730 891 reconci-

343 917 502 974 lietur,
536 918 603 961 vel
638 918 697 962 sic
723 916 1038 972 confundatur,
1068 917 1137 962 vel
1170 919 1227 961 sic
1256 918 1496 976 corrigatur
1522 936 1532 961 :
1563 936 1582 958 «
1608 920 1728 970 Quo-

342 987 494 1039 modo,
519 989 684 1047 inquis,
710 997 827 1032 totus
845 989 961 1032 orbis
980 988 1289 1032 communione
1311 996 1449 1031 vestra
1472 986 1626 1046 plenus
1645 996 1725 1042 est,

341 1058 416 1101 ubi
451 1068 535 1101 tam
564 1058 712 1101 multae
740 1067 841 1102 sunt
869 1059 1066 1112 haereses,
1101 1072 1287 1117 quarum
1322 1058 1445 1103 vobis
1468 1057 1587 1101 nulla
1609 1073 1729 1102 com-

339 1129 565 1172 municat?
607 1149 623 1169 »
667 1132 760 1173 Imo
798 1144 885 1173 non
921 1138 1091 1173 tantum
1131 1129 1344 1173 haereticis
1360 1164 1370 1183 ,
1412 1144 1563 1172 verum
1599 1129 1729 1174 etiam

339 1199 503 1242 caeteris
541 1199 790 1243 hominibus
827 1198 948 1244 malis
985 1199 1140 1258 plenus
1171 1209 1234 1243 est
1266 1199 1398 1254 orbis,
1431 1208 1475 1243 et
1503 1200 1658 1244 sanctis
1680 1215 1728 1243 ac

339 1270 542 1313 fidelibus
561 1270 635 1313 Dei
654 1269 783 1314 servis
802 1270 956 1329 plenus
974 1280 1036 1314 est
1054 1270 1168 1314 orbis
1191 1290 1199 1314 :
1221 1271 1323 1329 quia
1342 1279 1384 1314 et
1407 1285 1524 1314 mare
1549 1269 1726 1329 plenum

339 1349 401 1384 est
425 1341 577 1384 amaris
600 1341 821 1394 fluctibus,
848 1340 1026 1399 plenum
1051 1349 1113 1384 est
1138 1350 1180 1384 et
1204 1340 1407 1384 dulcibus
1430 1340 1634 1399 piscibus.

397 1413 571 1454 LXXV.
604 1431 622 1452 «
646 1414 694 1454 In
714 1411 878 1470 paucis,
899 1411 1043 1471 inquis
1059 1446 1068 1464 ,
1097 1411 1348 1471 frequenter
1370 1420 1432 1454 est
1461 1411 1630 1464 veritas,
1655 1425 1725 1454 er-

340 1498 432 1525 rare
444 1482 683 1525 multorum
710 1492 786 1526 est.
817 1501 836 1522 »
865 1485 918 1526 Et
937 1498 990 1525 ne
1009 1482 1152 1526 verbis
1176 1482 1259 1525 tuis
1281 1490 1414 1526 tantae
1438 1481 1552 1525 illius
1574 1481 1726 1525 sterilis

338 1551 613 1597 foecunditati
636 1553 932 1597 contradicere
944 1552 1148 1596 videreris
1166 1552 1236 1597 cui
1258 1552 1423 1596 dictum
1442 1561 1520 1606 est,
1550 1570 1570 1593 «
1596 1551 1723 1596 Multi

340 1641 360 1662 »
388 1622 460 1665 filii
484 1622 666 1666 desertae
699 1624 858 1681 magis,
889 1638 1021 1682 quam
1054 1613 1144 1681 ejus
1172 1638 1271 1682 quae
1300 1622 1433 1666 habet
1464 1623 1636 1666 virum3
1663 1641 1671 1666 :
1700 1640 1720 1663 η

339 1692 571 1736 adhibuisti
597 1709 647 1736 ex
675 1693 912 1752 Evangelio
949 1693 1260 1745 testimonium,
1297 1712 1313 1733 (ι
1349 1694 1564 1746 Quoniam
1599 1693 1725 1752 pauci

346 1772 480 1806 »sunt
498 1764 573 1821 qui
588 1763 851 1806 salvantur⁴¹.
878 1782 897 1803 »
917 1761 1042 1807 Solve
1063 1777 1163 1820 ergo
1181 1763 1483 1822 quaestionem,
1500 1762 1723 1822 quomodo

337 1835 427 1893 ipse
453 1835 660 1878 Dominus
683 1833 818 1887 dicat,
849 1853 867 1875 «
889 1837 1027 1886 Quam
1044 1843 1159 1878 arcta
1183 1843 1227 1877 et
1249 1843 1431 1892 angusta
1453 1843 1516 1877 est
1538 1836 1604 1877 via
1623 1849 1723 1894 quae

344 1925 359 1947 υ
386 1904 506 1949 ducit
529 1905 581 1948 ad
601 1906 750 1959 vitam,
771 1915 813 1949 et
835 1905 961 1964 pauci
982 1914 1083 1949 sunt
1105 1905 1181 1964 qui
1203 1905 1434 1948 inveniunt
1456 1907 1568 1948 eam⁵
1587 1939 1595 1948 .
1621 1924 1640 1946 »
1667 1907 1723 1948 Et

338 1975 450 2018 idem
475 1976 564 2035 ipse
583 1975 683 2019 alibi
708 1965 838 2029 dicat,
864 1995 883 2017 «
908 1975 1035 2019 Multi
1059 1975 1112 2018 ab
1130 1976 1308 2019 Oriente
1330 1985 1371 2019 et
1391 1974 1629 2019 Occidente
1644 1990 1722 2019 ve-

341 2065 359 2086 »
385 2046 523 2100 nient,
549 2055 591 2089 et
616 2045 871 2090 recumbent
889 2060 988 2088 cum
1016 2045 1236 2089 Abraham
1256 2054 1298 2088 et
1322 2048 1440 2089 Isaac
1461 2054 1503 2088 et
1525 2046 1661 2089 Jacob
1677 2046 1720 2089 in

340 2135 359 2158 »
386 2132 519 2174 regno
537 2116 797 2161 coelorumss.
828 2136 846 2156 n
873 2117 1106 2169 Quomodo
1134 2117 1262 2160 etiam
1289 2117 1333 2160 in
1357 2117 1618 2176 Apocalypsi
1650 2116 1722 2160 de-

337 2197 601 2231 monstretur
623 2203 772 2231 eorum
802 2184 1059 2241 multitudo,
1087 2202 1217 2247 quam
1239 2202 1469 2230 numerare
1490 2202 1619 2231 nemo
1640 2202 1721 2246 po-

284 2276 288 2280 ⁴
335 2267 445 2302 terat
467 2274 517 2302 ex
537 2259 655 2303 omni
685 2268 812 2318 gente
835 2267 875 2302 et
905 2259 1022 2302 tribu
1045 2267 1087 2302 et
1106 2258 1276 2316 lingua,
1307 2258 1563 2301 habentium
1593 2257 1720 2302 stolas

337 2330 471 2384 albas,
493 2330 744 2390 palmasque
769 2330 1019 2384 ferentium,
1046 2330 1120 2389 qui
1155 2344 1370 2388 pressuras
1392 2337 1570 2388 propter
1586 2329 1719 2373 fidem

337 2401 495 2445 Christi
535 2402 856 2446 sustinuerant⁷
898 2421 906 2445 :
938 2399 1160 2460 quomodo
1199 2399 1327 2444 iidem
1363 2400 1448 2444 sint
1483 2400 1609 2459 pauci
1643 2400 1718 2458 qui

336 2470 495 2515 multi?
519 2474 669 2532 Neque
703 2472 816 2515 enim
844 2471 1029 2515 alterum
1056 2471 1212 2515 horum
1236 2479 1300 2514 est
1321 2485 1495 2524 verum,
1533 2469 1717 2513 alterum

385 2577 392 2592 ¹
414 2571 449 2601 ln
475 2573 571 2613 Epist.
589 2573 628 2604 ad
647 2573 779 2605 Maxim.
797 2589 838 2595 -
855 2580 867 2595 ²
887 2575 982 2606 Prov.
1001 2584 1097 2612 xxiv,
1114 2573 1209 2613 juxta
1226 2574 1322 2605 Lxx.
1345 2588 1383 2595 —
1405 2569 1419 2594 3
1441 2571 1511 2603 lsai.
1541 2582 1604 2612 mv,
1626 2582 1655 2602 ι.
1675 2588 1716 2594 -

340 2624 354 2649 4
377 2627 452 2657 Luc.
475 2637 541 2662 xni.
564 2628 617 2659 23.
634 2645 674 2650 —
690 2626 704 2651 5
720 2628 836 2659 Mauh.
859 2639 915 2663 vn,
939 2627 1045 2668 14-
1058 2626 1073 2649 ⁵
1092 2628 1138 2659 Id.
1159 2638 1232 2669 vm,
1253 2639 1356 2659 11.—
1369 2635 1382 2658 7
1399 2628 1501 2670 Apoc.
1518 2637 1577 2666 vu,
1592 2636 1625 2666 9.
