1825 3264
297 241 460 272 com-M
495 242 696 271 ιιττΕιιΔε
731 244 962 284 narniam,
1001 247 1080 274 Lus.
1120 248 1185 274 ιιι.
1359 238 1436 276 193

52 307 266 366 originem
292 315 335 351 et
357 306 547 352 radicem
570 317 612 352 et
636 319 767 368 caput
793 311 883 369 ejus
905 311 980 369 qui
1014 311 1258 370 baptizatur
1274 313 1438 356 consti-

3 365 8 377 ’
52 378 194 433 tuitis,
214 377 248 421 si
275 378 475 423 arborem
497 379 655 424 bonam
689 379 855 424 bonum
880 379 1100 424 hominem
1123 381 1433 441 baptizantem,

49 447 243 493 fructum
273 458 419 494 autem
441 450 532 510 ejus
554 450 720 495 bonum
742 465 842 494 eum
865 450 939 509 qui
964 449 1094 496 fuerit
1111 452 1166 495 ab
1184 453 1275 512 ipso
1295 454 1438 513 bapti-

5 543 8 552 ·
50 527 172 563 zatus
197 520 390 580 accipitis
417 542 428 577 3
453 520 694 565 admonetis
712 529 761 565 ut
784 535 1029 580 quaeramus
1051 537 1074 566 a
1097 522 1233 577 vobiS,
1249 539 1335 583 qua
1349 525 1437 568 ori-

6 598 9 606 *
49 589 149 649 gine
163 591 343 646 oriatur,
369 607 455 651 qua
479 591 621 636 radice
643 590 846 651 pullulet,
876 591 946 636 cui
972 592 1101 650 capiti
1133 594 1434 650 subnectatur,

6 669 9 679 “
47 659 103 704 de
125 676 211 721 qua
227 661 381 706 arbore
399 671 601 706 nascatur
621 677 752 722 quem
775 662 914 706 malus
930 663 1120 722 baptizat
1137 664 1348 709 occultus.
1370 666 1437 709 Ad

5 742 9 785 j
46 731 159 776 hanc
176 732 340 793 quippe
363 734 688 793 inquisitionem
720 734 908 793 pertinet
940 733 1070 778 etiam
1093 733 1202 778 illud
1223 771 1232 789 ,
1253 737 1322 780 cui
1346 752 1434 780 non

6 797 10 839 7
46 802 315 862 respondisse
355 804 614 848 Petilianum
649 804 882 863 saepissime
919 803 1221 849 commendavi
1265 826 1272 850 :
1314 807 1437 850 Unde

45 873 249 918 abluatur
260 875 335 934 qui
351 874 795 934 accipitbaptismum,
810 891 909 919 cum
924 875 1188 920 maculosam
1210 878 1413 921 conscien
1424 903 1436 910 -

5 916 12 982 l
46 943 151 988 tiam
172 960 262 989 non
286 954 434 990 sancte
458 945 600 990 dantis
622 945 792 1004 ignorat
820 966 827 991 :
855 947 968 991 hanc
989 947 1104 990 enim
1126 948 1435 991 conscientiam

5 987 12 1101 ἕ
45 1013 188 1059 dantis
208 1015 278 1059 vel
300 1025 446 1061 sancte
469 1015 611 1061 dantis
633 1016 728 1061 vult
749 1031 839 1061 esse
857 1017 1094 1074 originem,
1122 1018 1333 1073 radicem,
1364 1035 1437 1064 ca-

7 1119 12 1147 ,
44 1095 153 1144 put,
184 1100 352 1140 semen,
377 1087 598 1141 arborem,
638 1086 756 1131 unde
787 1087 974 1142 existat,
995 1086 1114 1131 unde
1146 1098 1433 1148 propagetur,

7 1201 13 1242 Ι
45 1155 164 1200 unde
186 1156 380 1218 incipiat,
402 1157 521 1202 unde
538 1158 766 1217 germinet,
787 1156 904 1202 unde
926 1167 1131 1203 nascatur
1152 1160 1436 1205 sanctificatio

8 1251 12 1265 ι
43 1226 267 1287 baptizati.

102 1301 261 1343 LVIII.
292 1301 405 1343 Cum
426 1313 528 1357 ergo
555 1300 792 1359 quaerimus
810 1300 927 1344 unde
949 1300 1126 1344 ablutus
1146 1301 1214 1355 sit,
1240 1317 1371 1361 quem
1390 1303 1435 1345 in

41 1377 183 1414 vestra
219 1369 528 1413 communione
561 1384 650 1413 non
684 1368 987 1428 rebaptizatis,
1029 1370 1160 1413 etiam
1203 1386 1300 1414 cum
1334 1386 1433 1414 eum

44 1439 284 1484 constiterit
318 1440 374 1483 ab
401 1439 547 1500 aliquo
574 1440 865 1499 baptizatum,
901 1440 975 1499 qui
1004 1449 1184 1499 propter
1216 1440 1435 1484 occultam

45 1510 282 1570 nequitiam
313 1511 401 1570 jam
427 1519 575 1554 sancte
596 1509 738 1554 dantis
760 1510 1072 1554 conscientiam
1096 1525 1186 1554 non
1216 1511 1431 1566 habebat,

42 1581 149 1641 quid
167 1582 414 1641 responsuri
428 1581 543 1636 estis,
569 1581 650 1625 nisi
671 1597 695 1624 a
714 1581 886 1626 Christo
911 1590 984 1625 aut
1005 1597 1027 1625 a
1048 1584 1152 1635 Deo,
1178 1582 1375 1641 quamvis
1392 1591 1435 1625 et

7 1678 11 1691 ι
42 1650 240 1696 Christus
269 1654 381 1695 Deus
416 1666 545 1710 super
568 1651 713 1695 omnia
741 1651 794 1695 sit
828 1649 1086 1694 benedictus
1118 1651 1162 1694 in
1198 1651 1355 1695 saecula
1381 1654 1393 1677 1
1421 1672 1432 1708 3

43 1731 119 1767 aut
141 1722 196 1766 ab
217 1722 378 1782 Spiritu
398 1732 564 1777 sancto,
590 1738 691 1767 cum
709 1723 855 1781 etipse
873 1722 926 1766 sit
952 1725 1081 1776 Deus,
1098 1723 1201 1781 quia
1218 1723 1312 1767 haec
1337 1723 1434 1766 Tri-

43 1792 154 1837 nitas
176 1808 289 1837 unus
305 1796 432 1837 Deus.
456 1793 582 1838 Unde
601 1796 753 1838 Petrus
768 1808 868 1837 cum
893 1792 1068 1836 dixisset
1091 1793 1277 1837 homini:
1308 1813 1327 1835 «
1344 1796 1435 1837 Au-

47 1880 69 1905 »
92 1879 162 1908 sus
183 1878 226 1907 es
245 1863 417 1908 mentiri
435 1864 614 1922 Spiritui
631 1873 780 1908 sancto
802 1865 818 1888 ²
847 1882 855 1907 z
879 1881 900 1904 »
923 1863 1134 1907 continuo
1157 1873 1329 1908 secutus
1354 1865 1433 1908 ad-

40 1934 183 1994 J'unxit
200 1933 308 1993 quid
331 1943 439 1978 esset
463 1934 647 1993 Spiritus
666 1943 856 1987 sanctus,
872 1942 916 1976 et
938 1934 997 1976 ait
1020 1952 1028 1976 :
1055 1952 1071 1972 «
1094 1935 1190 1978 Non
1214 1949 1256 1977 es
1273 1935 1432 1977 menti-

46 2013 147 2048 »tus
162 2003 431 2057 hominibus,
449 2004 525 2047 sed
543 2007 632 2048 Deo
651 2023 659 2047 :
685 2007 941 2047 «Postremo
958 2002 1088 2045 etiam
1105 2003 1139 2045 si
1161 2002 1311 2046 dicatis
1332 2019 1431 2047 eum

43 2074 97 2119 ab
127 2074 294 2132 Angelo
314 2073 433 2117 ablui
452 2082 584 2132 atque
607 2071 834 2126 mundari,
861 2071 1040 2131 quando
1064 2070 1272 2128 pollutam
1306 2088 1429 2117 cons-

42 2144 245 2189 cientiam
275 2159 363 2188 non
396 2153 542 2188 sancte
571 2143 711 2187 dantis
742 2143 913 2200 ignorat
945 2163 955 2198 3
987 2140 1130 2185 videte
1159 2143 1260 2201 quia
1296 2145 1431 2188 sancti

41 2214 241 2259 homines
273 2229 374 2258 cum
410 2215 454 2257 in
485 2223 693 2259 aeternam
716 2213 852 2257 vitam
886 2213 1221 2267 resurrexerint,
1249 2222 1353 2258 tunc
1376 2215 1430 2258 de

43 2283 127 2330 illis
144 2285 312 2330 dictum
330 2294 419 2340 est,
439 2283 562 2345 quod
577 2293 705 2328 erunt
721 2283 909 2344 aequales
928 2282 1105 2341 Angelis
1119 2282 1209 2326 Dei.
1227 2285 1431 2344 Quisquis

44 2370 147 2416 ergo
175 2365 218 2400 et
246 2356 302 2400 ab
337 2355 506 2414 Angelo
534 2354 744 2409 abluitur,
782 2353 971 2398 sanctius
1009 2352 1204 2396 abluitur
1233 2370 1363 2413 quam
1396 2355 1430 2398 si

45 2425 247 2470 abluatur
273 2425 327 2469 ab
361 2425 549 2469 hominis
571 2423 880 2484 qualicumque
910 2423 1187 2467 conscientia.
1215 2425 1306 2467 Cur
1327 2439 1430 2483 ergo

45 2510 134 2542 non
154 2495 285 2541 vultis
309 2504 357 2539 ut
379 2495 548 2539 dicatur
566 2496 688 2540 vobis
710 2514 719 2540 ;
746 2495 788 2540 Si
811 2504 917 2538 tunc
937 2493 1076 2538 abluit
1095 2493 1226 2537 homo
1251 2494 1429 2553 quando

94 2587 104 2604 ¹
129 2583 208 2615 Rom
240 2591 286 2619 ix,
312 2581 342 2611 5.
360 2597 401 2604 —
419 2587 430 2603 ²
447 2583 519 2613 Act.
547 2591 580 2618 v,
600 2581 630 2611 3.

180 2644 369 2675 cxxxix.
1198 2633 1243 2671 13
