1825 3264
346 265 429 302 320
776 276 808 300 s.
844 270 1074 301 Accnsnm
1107 272 1288 300 Ertscom

342 354 442 383 nem
464 347 507 382 et
520 337 842 396 inscriptionem
866 356 876 381 :
901 336 1020 381 atilli
1037 352 1136 381 cum
1159 336 1493 396 respondissent,
1515 337 1715 392 Caesaris,

341 416 488 467 aperta
509 407 625 451 enim
642 407 797 451 veritas
814 407 898 452 hoc
915 423 986 452 eos
1005 405 1263 466 respondere
1277 406 1459 465 cogebat
1482 426 1490 451 ε
1510 408 1720 452 continuo

341 477 550 521 Dominus
574 491 724 522 eorum
746 477 1022 536 responsione
1046 476 1266 534 colligatos
1283 492 1331 521 ac
1350 486 1497 536 captos
1520 477 1716 531 trahens,

346 566 366 589 «
391 547 593 601 Reddite,
611 547 768 607 inquit,
794 548 951 592 Caesari
970 563 1068 607 quae
1084 548 1262 593 Caesaris
1294 557 1420 602 sunt,
1445 556 1487 591 et
1512 550 1600 592 Deo
1622 563 1720 607 quae

345 635 364 658 »
392 618 468 661 Dei
484 626 600 661 sunt.
624 638 639 658 »
661 617 851 662 Obsecro
867 627 924 672 te,
941 617 1078 661 illi-ne
1092 617 1271 662 fuerunt
1286 617 1497 662 dialectici
1517 618 1592 677 qui
1609 633 1722 676 prae-

342 688 472 732 tensis
502 688 850 746 interrogationis
872 688 1036 732 insidiis
1059 689 1317 747 decipiendo
1353 703 1556 747 superare
1584 687 1722 732 moliti

342 767 466 815 sunt,
483 757 621 802 anille
639 759 797 816 potius,
823 759 897 817 qui
916 775 966 802 ex
980 759 1062 802 hoc
1080 759 1171 817 ipso
1189 758 1308 818 quod
1327 758 1718 816 interrogaverunt,

342 843 487 872 veram
513 842 663 872 eorum
685 828 1005 887 responsionem
1027 828 1256 887 prudentia
1274 828 1622 887 interrogationis
1643 827 1724 870 eli-

343 899 474 954 ciens,
504 897 612 942 illud
634 914 785 943 verum
803 898 923 958 quod
954 899 1007 943 ab
1027 914 1078 943 eo
1112 900 1326 958 putabant
1349 898 1588 958 periculose
1620 896 1721 952 dici,

342 969 456 1027 ipsos
474 968 683 1028 compulit
706 969 929 1013 confiteri?

402 1042 545 1084 XXII.
584 1040 626 1084 Si
639 1039 734 1083 illos
747 1038 901 1083 dixeris
916 1039 1042 1083 fuisse
1057 1039 1320 1093 dialecticos,
1333 1039 1432 1098 quia
1442 1038 1606 1092 dolose,
1623 1038 1726 1098 quia

343 1108 624 1164 calumniose,
659 1110 761 1168 quia
790 1108 1000 1152 malitiose
1026 1109 1333 1167 interrogando
1356 1111 1402 1152 in
1419 1109 1552 1153 verbo
1575 1122 1727 1167 capere

344 1179 600 1238 cupiebant3
623 1178 748 1236 (tales
763 1179 876 1222 enim
892 1180 1021 1222 etiam
1036 1194 1112 1225 nos
1132 1178 1262 1223 vultis
1287 1179 1421 1223 videri
1435 1181 1468 1236 3)
1491 1194 1568 1222 cur
1590 1178 1648 1221 eis
1670 1187 1728 1221 ta-

342 1265 444 1293 men
467 1249 676 1294 Dominus
700 1250 951 1310 respondit?
974 1252 1064 1295 Cur
1086 1265 1157 1294 eos
1179 1265 1317 1310 usque
1339 1249 1394 1293 ad
1415 1249 1604 1293 veritatis
1625 1263 1730 1292 con·
1795 1287 1801 1302 „

343 1317 572 1363 sessionem
596 1319 763 1364 reddita
783 1320 949 1363 ratione
963 1319 1297 1378 perduxit?Cur
1319 1320 1377 1363 eis
1407 1318 1529 1373 dixit,
1558 1337 1578 1360 «
1615 1316 1731 1370 Quid

347 1406 367 1428 »
393 1404 462 1432 me
478 1389 669 1443 tentatis,
685 1389 925 1448 hypocritae
939 1391 980 1433 ¹?
995 1408 1013 1430 »
1033 1398 1076 1433 et
1094 1405 1182 1434 non
1196 1389 1380 1442 addidit,
1392 1388 1732 1433 dialectici?Cur

345 1458 426 1502 sibi
445 1474 674 1502 nummum
693 1459 979 1504 demonstrari
1001 1460 1233 1518 flagitavit,
1260 1469 1308 1503 ut
1330 1458 1588 1503 sententiam
1609 1472 1729 1501 suam
1792 1459 1795 1513 ζ

344 1543 542 1572 veracem
557 1529 812 1588 exprimeret
831 1531 961 1573 etiam
983 1528 1038 1573 de
1058 1545 1131 1574 ore
1152 1528 1371 1572 fallacium
1385 1563 1396 1583 ,
1416 1545 1464 1572 ac
1489 1542 1577 1572 non
1593 1526 1731 1584 potius
1790 1531 1794 1564 ἑ

348 1599 422 1650 ait,
445 1599 694 1654 Abscedite,
716 1615 858 1659 neque
880 1599 1277 1659 enimloquendum
1303 1609 1366 1643 est
1389 1600 1631 1653 vobiscum,
1656 1597 1732 1657 qui
1790 1595 1795 1623 '-

346 1669 555 1727 captiosas
572 1670 931 1729 interrogationes
947 1670 1201 1729 proponitis,
1221 1669 1298 1729 qui
1316 1669 1540 1713 dialectice
1558 1683 1731 1712 mecum
1789 1696 1791 1705 η

347 1752 471 1795 agere
492 1738 648 1783 vultis?
669 1740 784 1784 Nihil
807 1740 892 1784 tale
930 1739 1060 1794 dixit,
1086 1755 1164 1784 nec
1199 1741 1402 1784 adversus
1430 1739 1642 1798 captiosos
1662 1739 1732 1782 in-
1787 1787 1788 1790 Ἴ

348 1816 657 1866 terrogatores,
684 1819 728 1853 et
745 1810 978 1854 verborum
1006 1819 1254 1855 nostrorum
1282 1809 1460 1853 callidos
1492 1818 1732 1868 captatores

349 1878 594 1936 exemplum
625 1878 709 1924 tale
734 1879 857 1923 nobis
884 1880 1108 1939 proposuit
1133 1899 1140 1923 :
1164 1879 1239 1923 sed
1265 1889 1313 1923 ut
1340 1895 1411 1924 eos
1433 1880 1577 1938 potius
1605 1879 1734 1922 etiarn

350 1949 541 1992 veritatis
555 1949 750 1994 inimicos
765 1949 958 2009 vigilanti
978 1951 1312 2007 interrogatione
1327 1960 1369 1994 et
1389 1950 1547 1993 invicta
1571 1949 1735 1992 ratione
1780 1987 1784 2004 ζ

351 2020 647 2063 testimonium
661 2020 831 2064 veritati
843 2020 1072 2079 perhibere
1084 2036 1303 2078 cogamus.
1327 2022 1420 2064 Hoc
1435 2020 1559 2064 nobis
1574 2019 1737 2063 faciant
1782 2035 1786 2071 g

352 2089 501 2142 vestri,
532 2090 566 2132 si
592 2105 670 2134 nos
697 2089 897 2134 malitiosi
929 2100 972 2134 et
993 2089 1207 2134 dialectici
1231 2104 1393 2134 sumus.
1421 2092 1489 2133 An
1518 2104 1562 2132 se
1583 2089 1736 2131 timere
1782 2090 1785 2103 ²

352 2157 563 2213 indicant,
589 2175 644 2203 ne
665 2160 749 2204 hoc
772 2162 830 2204 eis
855 2175 932 2204 nos
952 2161 1097 2218 potius
1113 2158 1351 2204 faciamus?
1373 2159 1415 2205 Si
1431 2168 1574 2203 autem
1590 2158 1737 2202 Chris·
1780 2191 1785 2219 ἱ

355 2237 448 2271 tum
472 2229 626 2273 dixeris
648 2230 943 2285 dialecticum,
968 2230 1165 2275 laudabis
1179 2229 1467 2284 dialecticam,
1483 2244 1615 2288 quam
1631 2227 1738 2271 mihi
1780 2219 1784 2241 ”

355 2313 435 2356 pro
454 2299 631 2343 crimine
652 2300 881 2359 objeceras.

414 2370 583 2412 XXIII.
619 2369 748 2422 Quod
767 2386 821 2413 ne
834 2370 980 2423 facias,
999 2369 1126 2415 video
1141 2369 1246 2428 quid
1262 2370 1442 2414 fortasse
1457 2369 1651 2413 dicturus
1666 2367 1735 2421 sis,
1776 2387 1777 2391 ¹

358 2451 440 2480 nec
469 2438 580 2492 illos,
615 2454 695 2483 nec
729 2438 850 2483 illum
883 2440 925 2483 in
955 2455 1003 2483 ea
1027 2440 1387 2484 sermocinatione
1417 2439 1581 2498 aliquid
1607 2439 1739 2496 egisse
1776 2451 1779 2473 ε

361 2504 598 2552 dialectice.
638 2510 680 2554 Si
711 2525 814 2569 ergo
846 2525 926 2555 nec
957 2510 1019 2554 illi
1051 2511 1126 2569 qui
1155 2510 1342 2569 captiose
1380 2519 1511 2569 atque
1541 2507 1740 2552 insidiose
1772 2500 1775 2518 ³

412 2595 420 2612 ¹
445 2590 564 2623 Matth.
586 2603 665 2630 xxiv,
696 2593 746 2624 18.

1768 2638 1773 2670 1

1767 2702 1771 2719 ι

1767 2739 1770 2763 Ι
