1825 3264
526 248 582 278 nn
614 247 803 277 mvn-uz
834 247 1050 277 accusm.
1397 237 1480 277 263

98 333 121 358 n
143 328 260 361 meas
282 315 315 370 ¹,
349 331 371 356 η
406 327 498 358 non
531 321 644 358 tuas.
674 314 772 358 Non
801 321 866 357 est
893 322 1037 358 autem
1066 314 1144 358 ista
1169 322 1336 373 operta,
1374 314 1478 373 quia

95 400 186 431 non
216 392 283 429 est
311 382 394 429 sub
421 381 584 437 modio,
618 381 694 427 sed
730 397 860 442 super
896 382 1227 439 candelabrum,
1256 393 1307 428 ut
1335 383 1479 429 luceat

94 454 300 502 omnibus
319 454 398 515 qui
418 454 465 498 in
479 452 612 498 domo
632 461 735 498 sunt
751 454 785 496 ².
809 455 866 497 Et
887 452 943 497 de
964 452 1037 498 illa
1061 453 1230 499 dictum
1244 463 1324 508 est,
1346 473 1366 497 α
1385 457 1484 500 Non

97 543 119 569 ιο
139 534 282 584 potest
304 525 454 570 civitas
474 524 684 570 abscondi
705 538 833 583 super
854 533 1049 569 montem
1071 525 1323 570 constituta.
1355 545 1372 566 »
1398 525 1484 570 Sed

95 596 328 643 Donatistis
358 595 479 642 velut
511 605 661 657 operta
696 604 776 650 est,
811 596 888 656 qui
917 594 1102 639 audiunt
1133 605 1221 640 tam
1250 595 1396 640 lucida
1438 605 1482 640 et

95 667 324 713 manifesta
353 667 615 723 testimonia,
646 682 746 728 quae
767 665 884 710 illam
908 675 1001 713 toto
1023 666 1130 711 orbe
1151 667 1453 712 demonstrant
1471 688 1481 724 3

94 750 139 784 et
160 739 331 783 malunt
352 738 507 784 clausis
528 737 664 784 oculis
685 737 910 783 offendere
937 738 983 782 in
1015 746 1208 782 montem
1228 773 1239 793 ,
1273 752 1406 799 quam
1436 738 1483 781 in

93 825 195 855 eum
230 809 495 868 aseendere3
525 811 602 870 qui
627 825 728 855 cum
759 819 868 855 esset
889 809 997 870 lapis
1023 810 1228 870 praecisus
1250 811 1306 854 de
1335 818 1485 854 monte

92 881 186 926 sine
202 880 402 925 manibus
421 881 454 936 ³,
477 881 614 925 crevit
631 890 676 926 et
691 880 832 926 factus
848 889 914 926 est
930 896 1056 926 mons
1073 881 1244 942 ingens,
1264 890 1309 925 et
1324 879 1483 939 imple-

95 959 159 996 vit
180 966 425 997 universam
449 960 622 996 terram.

152 1025 269 1067 XLI.
310 1026 455 1068 Potest
476 1032 520 1067 et
545 1022 628 1067 alio
648 1022 781 1068 modo
809 1021 995 1082 intelligi
1029 1042 1038 1067 z
1068 1041 1088 1065 «
1120 1022 1204 1067 Ubi
1225 1022 1378 1082 pascis,
1405 1022 1482 1066 ubi

96 1112 117 1137 »
155 1095 289 1140 cubas
320 1095 366 1139 in
397 1094 594 1139 meridie.
619 1113 640 1136 »
663 1095 802 1154 Ipsius
833 1095 949 1139 enim
975 1109 1060 1139 vox
1077 1103 1139 1138 est
1160 1095 1206 1138 in
1241 1093 1418 1138 Psalmis
1436 1108 1485 1137 ex

92 1180 276 1225 persona
308 1166 450 1223 Moysi
474 1165 626 1210 famuli
660 1166 770 1220 Dei,
800 1184 819 1207 «
846 1169 1071 1209 Dexteram
1097 1174 1217 1209 tuam
1254 1173 1403 1209 notam
1423 1164 1490 1208 fac

94 1254 116 1279 n
138 1237 261 1292 mihi,
282 1246 325 1280 et
347 1237 539 1282 eruditos
560 1236 692 1282 corde
707 1237 753 1280 in
770 1237 981 1296 sapientia
995 1237 1027 1280 ⁴.
1050 1255 1070 1277 »
1093 1239 1143 1280 In
1157 1235 1241 1280 illis
1258 1236 1375 1279 enim
1394 1251 1489 1279 me-

93 1306 220 1351 ridies
233 1306 409 1362 dicitur,
431 1317 609 1366 propter
626 1308 849 1366 ingentem
864 1307 1084 1366 sapientiae
1102 1306 1263 1361 lucem,
1278 1315 1321 1350 et
1334 1306 1489 1363 ingen-

92 1387 178 1423 tem
198 1379 418 1422 charitatis
435 1379 650 1423 ardorem.
671 1377 795 1422 Unde
812 1377 1046 1437 quemdam
1065 1392 1167 1421 cum
1187 1378 1488 1421 exhortaretur

93 1449 279 1508 Spiritus
303 1450 375 1493 Dei
400 1449 456 1494 ad
478 1449 592 1494 bona
612 1465 742 1508 opera
760 1465 837 1508 per
860 1449 1120 1508 Prophetam
1134 1483 1145 1503 ,
1161 1448 1246 1492 hoc
1268 1447 1331 1491 illi
1353 1448 1485 1491 etiam

93 1520 310 1579 promittit
329 1535 366 1561 t«
395 1522 452 1564 Et
473 1520 668 1564 tenebrae
689 1529 778 1564 tuae
799 1520 909 1564 sicut
926 1518 1126 1563 meridies
1144 1527 1274 1562 erunt
1296 1520 1327 1560 ⁵.
1353 1536 1372 1558 »
1402 1517 1486 1562 Sed

91 1589 126 1633 si
150 1589 303 1650 aliquis
336 1590 491 1634 mundi
518 1591 638 1635 locus
670 1589 981 1648 intelligendus
1007 1599 1146 1645 esset,
1172 1590 1294 1650 quod
1315 1587 1481 1632 dictum

92 1670 157 1706 est
177 1680 196 1704 «
221 1665 271 1706 In
292 1661 496 1721 meridie3
524 1681 544 1705 »
569 1672 715 1707 tamen
737 1662 827 1721 ipsa
848 1662 996 1719 verba⁷
1021 1662 1132 1706 sicut
1153 1661 1368 1720 dixi‚quae
1389 1675 1485 1704 om-

90 1731 163 1777 nia
186 1747 319 1776 unam
342 1732 512 1777 faciunt
527 1733 909 1792 interrogationem
924 1768 934 1786 ‚
959 1731 1083 1777 nullo
1106 1731 1238 1776 modo
1259 1732 1485 1791 permitte-

91 1812 190 1847 rent
215 1819 482 1864 quemquam
509 1804 566 1848 ad
595 1819 723 1848 suum
756 1819 929 1848 sensum
952 1804 1075 1848 istam
1098 1804 1361 1862 detorquere
1382 1816 1483 1846 sen-

91 1875 287 1919 tentiam.
324 1877 438 1920 Etsi
472 1885 681 1936 tanquam
710 1875 925 1935 quaerenti
958 1875 1034 1919 ubi
1063 1883 1284 1934 pasceret,
1325 1882 1369 1917 et
1406 1872 1483 1915 ubi

89 1945 286 2001 cubaret,
311 1947 366 1990 de
387 1956 558 1992 terreno
583 1947 680 1992 loeo
707 1946 1043 2007 responderetur
1065 1965 1074 1991 ε
1098 1965 1119 1988 «
1146 1949 1197 1990 In
1219 1944 1399 1997 meridie
1421 1964 1430 1989 z
1459 1962 1480 1984 »

91 2031 182 2060 non
208 2017 419 2062 continuo
446 2016 638 2062 Africam
667 2018 862 2076 accipere
889 2016 1163 2061 deberemus.
1197 2013 1341 2060 Africa
1365 2014 1480 2057 enirn

89 2086 135 2130 in
158 2095 280 2145 parte
300 2087 479 2146 quidem
510 2087 748 2132 meridiana
770 2087 925 2131 mundi
948 2096 1036 2142 est,
1072 2086 1146 2130 sed
1174 2085 1230 2129 ad
1258 2085 1453 2130 Africum
1468 2118 1479 2138 ,

89 2172 180 2202 non
197 2158 253 2201 ad
279 2161 488 2202 Austrum
511 2159 588 2202 ubi
611 2174 711 2203 vere
743 2157 942 2203 meridies
964 2167 1042 2202 est.
1069 2157 1135 2202 lbi
1154 2157 1270 2200 enim
1293 2155 1357 2200 sol
1379 2155 1482 2200 facit

89 2227 284 2273 medium
296 2229 431 2285 diem,
448 2231 529 2274 sub
543 2246 629 2290 qua
646 2230 743 2274 coeli
762 2230 888 2289 plaga
906 2229 1051 2289 potius
1073 2231 1290 2288 AEgyptus
1309 2227 1480 2271 inveni-

89 2307 176 2344 tur.
191 2301 234 2345 Si
245 2316 348 2359 ergo
365 2316 548 2361 sponsus
565 2301 621 2346 ab
643 2316 798 2361 sponsa
815 2311 1023 2360 tanquam
1042 2300 1098 2344 de
1115 2299 1211 2344 loco
1229 2297 1480 2341 familiarius

15 2420 17 2427 y
88 2368 266 2426 dilecto,
283 2380 326 2416 et
343 2371 476 2415 cubili
492 2370 684 2431 quodam
697 2387 775 2417 suo
797 2381 960 2416 secreto
975 2372 1281 2428 interrogatus,
1298 2382 1479 2427 respon-

89 2440 214 2486 deret
227 2456 316 2486 esse
329 2441 375 2486 in
391 2441 570 2486 meridie
586 2462 598 2499 3
613 2440 754 2486 multo
767 2441 1040 2501 probabilius
1052 2441 1243 2486 Ecclesia
1265 2438 1477 2485 catholica

139 2559 149 2574 ¹
170 2554 263 2586 Joan.
282 2563 348 2595 xxi,
386 2565 438 2595 ¹7·
454 2570 495 2578 —
512 2560 525 2575 ²
548 2554 669 2588 Matth.
688 2565 723 2595 v,
753 2553 803 2588 15.
824 2571 861 2578 -
879 2552 892 2577 3
924 2556 1002 2588 Dan.
1029 2565 1063 2596 ιι,
1090 2554 1142 2587 35.
1157 2569 1198 2578 --
1214 2552 1230 2583 4
1250 2553 1329 2587 Psal.
1350 2563 1477 2593 Lunx,

95 2611 144 2642 12.
163 2606 232 2633 -5
248 2608 320 2643 lsai.
340 2619 430 2650 tvm,
452 2619 501 2642 10.
