1825 3264
362 257 416 292 70
801 260 833 286 s.
872 260 1099 290 suatim-im
1135 259 1314 285 nrrscom

363 350 383 372 »
419 329 641 374 cinorosns
660 359 671 380 ,
701 325 868 384 inquit,
895 324 970 384 qui
998 323 1208 368 sacrificat
1238 321 1345 365 mihi
1377 319 1594 376 vitulum,
1621 321 1745 380 quasi

363 418 382 441 »
418 412 566 442 canem
587 395 773 450 occidat,
791 403 834 438 et
852 394 927 455 qui
948 394 1073 454 ponit
1099 391 1400 450 similaginem,
1428 391 1552 452 quasi
1567 390 1745 449 sangui-

358 488 378 511 »
415 483 517 512 nem
531 466 764 526 porcinum
781 464 953 509 fundat.
977 463 1138 509 Scitote
1153 471 1344 507 vestrum
1367 462 1644 516 sacrificium,
1669 461 1747 521 qui

357 558 377 580 »
418 539 660 583 humanum
681 535 935 595 sanguinem
954 536 1045 595 jam
1066 532 1237 578 fudistis
1258 535 1287 576 ¹.
1312 551 1332 574 »ι
1349 535 1406 577 Et
1422 533 1579 577 iterum
1601 549 1651 577 z«
1669 533 1749 577 Sa-

360 631 378 652 »
414 608 572 654 crificia
592 622 744 652 eorum
762 607 884 666 quasi
897 606 1019 666 panis
1032 604 1191 659 luctus,
1207 604 1348 649 omnis
1365 604 1440 664 qui
1462 602 1746 648 manducabit

361 702 378 722 »
415 695 466 724 ex
488 679 580 734 illo,
605 678 910 738 inquinabitur
922 680 953 720 2.
982 695 1003 718 u

414 752 552 796 CXX.
586 752 863 795 Ancum-mus
885 747 1109 808 respondit
1135 766 1143 792 :
1163 749 1252 792 Nos
1272 745 1458 791 dicimus
1479 744 1566 790 tale
1587 744 1747 805 cuique

355 821 615 866 sacrificium
633 821 742 875 fieri,
763 819 904 880 qualis
921 818 1087 864 accedit
1103 826 1153 861 ut
1168 817 1340 872 offerat,
1360 825 1403 861 et
1419 815 1559 876 qualis
1582 814 1750 860 accedit

358 900 408 936 ut
430 900 587 945 sumat,
613 899 655 934 et
677 905 750 934 eos
771 889 827 934 de
848 889 1065 934 sacrificiis
1087 888 1240 933 talium
1265 886 1531 932 manducare
1556 908 1567 944 3
1593 886 1668 946 qui
1692 885 1748 929 ad

356 962 428 1007 illa
466 961 571 1005 tales
601 959 817 1005 accedunt
849 960 999 1020 quales
1020 968 1064 1004 et
1085 958 1147 1002 illi
1173 967 1275 1003 sunt
1302 977 1312 1002 :
1343 958 1492 1016 itaque
1525 956 1560 1001 si
1593 955 1752 1001 offerat

355 1037 446 1077 Deo
468 1031 624 1087 malus,
650 1040 693 1075 et
715 1031 897 1090 accipiat
922 1030 1025 1074 inde
1047 1030 1189 1074 bonus
1205 1064 1216 1083 ,
1238 1028 1323 1073 tale
1342 1029 1502 1088 cuique
1523 1042 1614 1071 esse
1638 1042 1750 1087 qua-

357 1103 409 1147 lis
444 1102 628 1162 quisque
656 1101 789 1145 fuerit
819 1122 830 1158 3
853 1100 955 1160 quia
980 1109 1023 1143 et
1044 1099 1154 1143 illud
1183 1099 1394 1157 scriptum
1416 1107 1479 1142 est
1505 1117 1514 1142 ε
1544 1116 1566 1139 α
1591 1097 1750 1142 Omnia

360 1191 381 1213 »
422 1173 588 1216 munda
614 1171 788 1215 mundis
810 1172 841 1214 ³.
872 1188 891 1211 n
918 1173 999 1214 Per
1019 1170 1132 1213 hanc
1165 1168 1424 1213 sententiam
1446 1166 1681 1212 veridicam
1709 1176 1753 1212 et

358 1242 617 1287 catholicam
643 1242 775 1286 etiam
811 1256 885 1285 vos
919 1240 1067 1300 Optati
1099 1240 1308 1284 sacrificio
1331 1254 1421 1283 non
1443 1238 1540 1283 estis
1572 1237 1748 1298 polluti,

359 1313 392 1357 si
414 1312 527 1356 facta
550 1313 640 1371 ejus
672 1311 962 1371 displicebant
992 1310 1130 1355 vobis.
1161 1312 1270 1355 Nam
1304 1309 1457 1369 utique
1490 1308 1613 1368 panis
1638 1308 1753 1353 illius

360 1383 484 1443 panis
512 1382 656 1427 luctus
691 1390 802 1437 etat,
826 1381 908 1426 sub
938 1382 1062 1441 cujus
1084 1380 1386 1440 iniquitatibus
1407 1378 1551 1424 Africa
1573 1388 1662 1424 tota
1679 1379 1750 1424 lu-

364 1453 519 1512 gebat:
547 1452 621 1496 sed
642 1467 800 1511 panem
822 1452 967 1496 luctus
989 1451 1190 1495 omnibus
1204 1451 1327 1495 vobis
1342 1465 1623 1495 communem
1645 1465 1751 1506 esse²

365 1524 561 1568 omnium
592 1532 783 1567 vestrum
808 1521 972 1566 malum
995 1522 1233 1566 schismatis
1262 1520 1380 1565 facit.
1411 1523 1520 1566 Nam
1542 1520 1751 1565 secudum

364 1593 537 1638 concilii
554 1593 683 1637 vestri
700 1593 957 1637 sententiam
972 1591 1217 1636 Felicianus
1237 1592 1499 1636 Mustitanus
1509 1591 1753 1635 humanum

363 1665 618 1724 sanguinem
631 1663 761 1708 fudit.
777 1664 944 1708 Dixistis
962 1665 1094 1719 enim,
1120 1679 1220 1708 cum
1243 1679 1315 1724 eos
1336 1663 1648 1708 damnaretis⁴:
1666 1665 1753 1707 Ve-

366 1737 481 1781 loces
499 1735 629 1795 pedes
643 1751 794 1781 eorum
816 1736 873 1780 ad
893 1734 1214 1779 effundendum
1229 1735 1502 1794 sanguinem.
1518 1734 1630 1779 Vide
1650 1749 1754 1794 ergo

369 1807 497 1867 quale
526 1807 783 1850 sacrificium
802 1806 973 1861 offerat,
1003 1821 1134 1865 quem
1152 1804 1420 1850 sacerdotem
1445 1805 1632 1861 habetis,
1653 1820 1755 1850 cum

370 1893 471 1922 eum
498 1877 754 1936 sacrilegum
780 1877 1086 1921 damnaveritis
1106 1896 1114 1921 ;
1133 1885 1175 1920 et
1193 1877 1228 1921 si
1244 1877 1328 1921 hoc
1341 1876 1465 1921 vobis
1480 1876 1591 1920 nihil
1607 1876 1756 1921 obesse

372 1949 664 2003 arbitramini,
690 1964 796 2007 rogo
828 1964 902 1992 vos
922 1983 932 2003 ,
968 1949 1134 1993 vanitas
1160 1948 1478 1993 calumniarum
1513 1955 1756 1993 vestrarum

373 2016 476 2078 quid
498 2018 639 2062 oberit
660 2019 754 2062 orbi
775 2020 1023 2063 terrarum?
1783 2073 1788 2075 λ

429 2090 587 2133 CXXI.
617 2092 876 2133 Pssnmmus
909 2089 1017 2133 dixit
1043 2109 1051 2133 :
1082 2108 1102 2131 «
1130 2088 1172 2134 Si
1190 2103 1360 2147 precem
1385 2088 1574 2133 Domino
1595 2087 1752 2143 facitis,

371 2166 444 2200 aut
463 2157 643 2201 funditis
661 2159 916 2211 orationem,
935 2157 1042 2202 nihil
1058 2159 1180 2202 vobis
1194 2159 1366 2217 penitus
1382 2157 1754 2217 prodest.Vestras

369 2228 485 2270 enim
522 2227 686 2271 debiles
722 2243 868 2287 preces
900 2237 1079 2272 cruenta
1110 2237 1251 2272 vestra
1274 2227 1537 2272 conscientia
1559 2238 1716 2274 vacuat
1742 2247 1751 2273 z

369 2298 471 2356 quia
487 2298 694 2342 Dominus
713 2301 825 2342 Deus
843 2313 997 2357 puram
1015 2298 1148 2357 magis
1170 2298 1479 2343 conscientiam
1503 2313 1634 2358 quam
1656 2313 1756 2358 pre-

366 2382 434 2411 ces
469 2368 672 2422 exaudit,
698 2368 885 2413 Domino
909 2369 1081 2413 Christo
1115 2367 1288 2413 dicente
1314 2388 1323 2413 :
1353 2387 1373 2412 «
1397 2371 1495 2414 Non
1516 2368 1657 2414 omnis
1677 2370 1754 2429 qui

365 2455 383 2477 »
419 2437 524 2482 dicit
547 2439 671 2494 mihi,
691 2439 889 2494 Domine,
916 2440 1116 2495 Domine,
1141 2439 1323 2485 intrabit
1343 2440 1390 2484 in
1411 2454 1596 2499 regnum
1617 2438 1754 2484 eoelo-

412 2545 419 2560 ¹
445 2539 514 2571 lsai.
547 2549 652 2581 xcxvi,
673 2541 701 2573 3.
728 2558 769 2565 —
791 2547 802 2564 ¹
821 2544 917 2583 Osee,
946 2553 990 2582 ix,
1019 2541 1052 2583 4.
1068 2539 1136 2566 ...3
1164 2542 1226 2574 Tit.
1257 2554 1279 2582 1,
1314 2541 1364 2574 15.
1380 2559 1420 2566 —
1439 2540 1456 2571 4
1480 2542 1515 2573 In
1533 2540 1670 2574 concilio
1687 2543 1750 2575 Ba-

368 2604 496 2629 Halessssl.
