1825 3264
285 254 446 283 con-riu
478 256 742 284 enuscomum
776 255 1063 296 DONATISTAM,
1098 259 1180 285 mn.
1218 259 1264 285 ιι.
1390 248 1473 287 373

92 322 195 366 victi
219 323 408 376 taceatis,
430 338 479 367 ac
498 338 575 368 vos
604 321 839 383 aliquando
861 325 917 368 ab
939 340 1082 369 errore
1104 325 1476 384 perniciosissimae

92 391 366 436 dissensionis
389 392 444 436 ad
462 393 670 437 unitatem
686 393 942 438 catholicam
961 397 1235 440 convertatis.

149 464 265 506 XLI.
304 462 444 517 Unde,
470 479 524 507 ne
541 463 721 523 longum
745 463 916 519 faciam,
943 481 993 509 ex
1013 467 1092 511 bac
1112 467 1202 525 ipsa
1225 467 1401 526 epistola
1420 466 1476 514 ad

91 534 374 588 Jubaianum,
397 535 572 579 attende
597 534 703 595 quid
724 535 932 594 ingeram,
955 536 1073 595 quod
1097 547 1288 582 vestrum
1309 547 1475 584 evertat

89 613 133 648 et
155 604 354 648 absumat
378 620 582 649 errorem.
608 607 719 650 Cum
739 606 853 649 enim
878 606 1137 665 persuadere
1154 618 1385 653 conaretur
1405 610 1475 654 vel

88 683 260 719 sanctus
274 676 534 734 Cyprianus,
552 675 620 719 vel
636 677 901 736 quicumque
914 677 1032 721 illam
1046 677 1212 736 scripsit
1228 679 1472 738 epistolam,

87 745 312 789 haereticos
327 745 380 789 ad
396 746 630 790 Ecclesiam
643 748 864 792 venientes
879 748 1095 807 baptizare
1106 760 1306 808 oportere
1321 772 1333 808 3
1353 750 1476 810 quod

86 813 286 859 videlicet
321 815 560 873 baptismus
583 816 730 860 nullus
758 816 1037 876 deputandus
1064 829 1189 874 esset,
1218 836 1348 879 quem
1373 820 1475 865 foris

87 884 201 942 apud
236 885 460 929 haereticos
491 886 751 945 accepissent
779 906 787 931 :
813 889 1016 947 opposuit
1043 890 1124 932 sibi
1157 892 1470 950 quaestionem,

84 963 125 998 et
149 954 207 998 ait
229 973 236 999 :
258 974 278 997 «
302 956 384 1000 Sed
402 956 516 1000 dicet
533 955 702 1016 aliquis,
719 957 835 1010 Quid
853 973 956 1016 ergo
971 959 1045 1002 fiet
1063 959 1118 1003 de
1135 961 1200 1004 his
1215 961 1291 1021 qui
1306 962 1350 1004 in
1365 976 1475 1020 prae-

83 1025 260 1069 teritum
282 1025 337 1069 de
367 1027 514 1070 haeresi
538 1027 592 1070 ad
617 1028 852 1071 Ecclesiam
874 1029 1097 1073 venientes
1129 1031 1222 1074 sine
1256 1031 1474 1090 baptismo

82 1096 253 1140 admissi
276 1099 409 1140 sunt?
434 1101 589 1142 Potens
609 1108 672 1143 est
693 1099 899 1143 Dominus
924 1100 1214 1145 misericordia
1232 1116 1307 1145 sua
1330 1101 1472 1145 indul-

84 1166 272 1225 gentiam
297 1166 415 1220 dare,
442 1177 484 1211 et
505 1183 576 1212 eos
596 1169 671 1228 qui
689 1168 744 1212 ad
769 1169 1000 1213 Ecclesiam
1025 1169 1276 1229 simpliciter
1298 1172 1472 1216 admissi

82 1236 125 1280 in
150 1235 340 1281 Ecclesia
368 1238 658 1292 dormierunt,
685 1241 739 1283 ab
765 1239 968 1284 Ecclesiae
989 1256 1078 1284 suae
1098 1242 1354 1286 muneribus
1383 1256 1471 1286 non

82 1323 292 1367 separare.
315 1327 333 1349 »
356 1311 439 1352 Ista
455 1309 582 1353 nobis
605 1310 855 1369 simplicitas
875 1312 1052 1366 sufficit,
1078 1313 1147 1356 cui
1171 1313 1470 1357 testimonium

80 1380 282 1438 perhibet,
305 1382 394 1438 ipse
411 1381 656 1440 Cyprianus
672 1418 682 1436 ,
717 1391 885 1426 tantum
916 1382 1079 1425 bonum
1112 1383 1358 1441 intelligens
1383 1399 1472 1428 esse

79 1451 293 1494 unitatem
317 1452 507 1509 corporis
529 1453 705 1505 Christi,
737 1453 843 1497 utin
867 1468 959 1496 carn
978 1452 1231 1511 simpliciter
1245 1453 1468 1509 admissos,

79 1521 206 1564 etiam
225 1520 321 1564 illos
344 1537 452 1581 quos
471 1537 560 1565 csse
583 1523 674 1566 sine
692 1523 905 1581 baptismo
922 1524 1231 1577 arbitrabatur,
1251 1524 1305 1567 de
1322 1523 1471 1568 divina

77 1591 368 1636 misericordia
394 1593 548 1635 mereri
569 1592 913 1651 indulgentiam,
938 1604 981 1637 et
1008 1594 1061 1637 ab
1087 1594 1290 1638 Ecclesiae
1315 1610 1471 1638 mune-

77 1662 195 1705 ribus
218 1677 304 1705 non
321 1663 524 1720 separari,
547 1663 613 1720 pia
636 1663 898 1720 cogitatione
918 1674 1213 1720 praesumeret.
1242 1667 1346 1707 Haec
1368 1680 1470 1709 con-

76 1733 262 1776 suetudo
283 1732 485 1776 Ecelesiae
508 1733 591 1776 fuit
610 1743 708 1777 ante
726 1734 960 1778 concilium
978 1735 1204 1793 Cypriani,
1222 1736 1315 1780 haec
1336 1751 1468 1793 supe-

76 1803 158 1847 rari
177 1813 220 1846 et
235 1802 393 1846 auferri
410 1818 498 1847 non
515 1805 656 1862 potuit
681 1820 758 1848 nec
778 1805 962 1848 concilio
984 1807 1217 1864 Cypriani,
1243 1815 1292 1849 ut
1315 1822 1364 1848 cx
1381 1807 1471 1849 hae-

76 1874 157 1916 resi
189 1873 435 1926 venientes,
472 1889 561 1916 non
594 1874 772 1932 quidem
806 1875 896 1917 sine
932 1874 1175 1932 baptismo,
1199 1876 1309 1919 sicut
1333 1875 1463 1931 dicit,

75 1944 176 2002 quia
201 1942 317 1985 idem
339 1943 574 2000 baptismus
593 1944 720 1986 etiam
745 1943 847 1987 loris
865 1944 924 1987 cis
942 1944 1095 1997 inerat,
1117 1944 1191 1988 sed
1206 1961 1293 1988 non
1312 1946 1467 2003 prode-

74 2021 156 2065 rat,
183 2022 481 2056 verumtamen
498 2012 764 2071 simpliciter,
790 2014 900 2056 sicut
924 2015 1026 2056 item
1048 2014 1177 2067 dicit,
1203 2014 1374 2058 admissi
1409 2014 1465 2058 de

76 2084 152 2127 Dci
171 2084 461 2128 misericordia
477 2083 792 2141 indulgentiam
809 2093 1096 2138 mererentur,
1113 2094 1154 2128 et
1171 2101 1192 2128 a
1209 2085 1464 2129 muneribus

74 2169 162 2198 non
185 2165 488 2212 separarentur
508 2155 725 2199 Ecclesiae.
755 2158 858 2199 Haec
875 2154 1146 2214 simplicitas,
1176 2157 1309 2214 magis
1328 2170 1462 2216 quam

75 2225 322 2282 duplicitas,
349 2225 553 2270 Ecclesiae
577 2226 739 2285 placuit
764 2228 976 2271 universae
998 2237 1091 2271 toto
1122 2237 1333 2271 terrarum
1356 2227 1462 2272 orbe

73 2295 261 2339 diffusae.

134 2367 273 2409 XLII.
295 2367 375 2410 Cui
392 2366 636 2424 Cyprianus
653 2367 743 2425 ipse
760 2367 888 2425 quale
906 2368 1202 2411 testimonium
1217 2368 1460 2426 perhibeat,

78 2436 179 2479 audi
211 2451 260 2478 cx
283 2435 474 2493 Epistola
507 2451 638 2494 quam
675 2436 730 2479 de
751 2437 916 2479 unitate
942 2437 1195 2496 conscripsit
1218 2457 1225 2481 :
1247 2456 1266 2478 «
1292 2437 1458 2492 Avelle,

78 2505 234 2564 inquit,
266 2504 434 2548 radium
467 2505 566 2548 solis
603 2520 625 2548 a
661 2519 870 2564 corpore,
895 2504 1151 2550 divisionem
1182 2507 1290 2551 lucis
1318 2508 1460 2552 unitas

125 2597 132 2612 ¹
152 2589 246 2622 Liber
259 2590 299 2621 de
315 2590 559 2630 simplic-icitatc
576 2590 778 2630 sufflatorium
796 2590 893 2622 ctiam
909 2590 1102 2623 inscribitur„
