1825 3264
317 266 398 306 158
743 275 777 301 s.
812 272 1046 302 Incusum
1079 273 1260 300 zmseon

313 342 456 402 potuit
471 338 700 384 maledicta
717 340 897 399 jactare.
923 342 1184 399 Quanquam
1204 345 1326 381 tanta
1354 334 1703 380 manifestatione

311 413 477 457 clarent
497 425 598 471 quae
618 409 815 455 dicturus
835 426 933 456 sum
948 446 960 466 ‚
991 419 1041 455 ut
1062 411 1191 454 etiam
1214 408 1249 453 si
1270 406 1416 452 studio
1445 407 1637 466 partium
1658 414 1703 451 et

311 482 413 528 odio
434 481 519 526 mei
544 489 699 526 vestrae
719 490 886 526 mentes
908 497 932 525 a
954 496 1023 525 me
1045 480 1290 525 alienentur
1304 513 1316 534 ,
1336 477 1645 523 tantummodo
1666 476 1703 521 si

310 564 496 614 utraque
515 551 683 612 legatis,
718 562 835 597 certe
855 551 972 612 apud
1002 552 1286 610 vosmetipsos
1307 551 1352 595 in
1376 548 1584 607 cordibus
1606 563 1702 594 ves-

312 625 388 670 tris
409 639 561 669 verum
582 638 652 668 me
675 623 831 669 dixisse
853 622 1095 669 fateamini.

368 697 490 740 XVI.
536 697 629 753 Ego
669 695 785 739 enim
817 693 1082 754 respondens
1110 693 1262 753 primae
1295 692 1405 752 parti
1436 692 1702 751 scriptorum

312 767 403 826 ejus
435 769 477 822 1,
502 779 602 827 quae
629 775 737 811 tunc
757 767 804 810 in
835 782 990 812 manus
1025 781 1141 810 meas
1171 774 1350 810 venerat
1370 799 1381 820 ‚
1416 763 1706 823 praetermisso

311 837 556 882 convicioso
578 846 622 881 et
655 837 863 896 sacrilego
884 837 1163 897 multiloquio
1179 871 1190 892 ‚
1210 836 1288 880 ubi
1317 836 1378 880 ait
1414 853 1423 880 :
1454 853 1472 875 «
1498 833 1569 878 Bis
1592 834 1705 892 bap-

315 907 440 951 tisma
466 907 591 951 nobis
613 907 828 967 objiciunt
842 908 870 951 ii
884 942 894 962 ,
919 908 997 968 qui
1018 909 1100 951 sub
1117 907 1295 952 nomine
1313 905 1518 965 baptismi
1541 904 1708 948 animas

314 993 411 1023 suas
445 993 491 1022 re
522 977 692 1022 lavacro
724 979 979 1037 polluerunt
1001 1013 1012 1033 ‚
1052 978 1214 1038 quibus
1249 977 1455 1038 equidem
1492 975 1709 1021 obscoenis

313 1048 462 1093 sordes
482 1058 653 1092 cunctae
684 1048 935 1093 mundiores
957 1057 1060 1092 sunt
1085 1070 1096 1106 3
1127 1063 1237 1107 quos
1259 1062 1461 1107 perversa
1491 1044 1709 1090 munditia

315 1134 426 1178 aqua
447 1134 524 1162 sua
545 1119 728 1177 contigit
749 1118 971 1178 inquinari
992 1137 1000 1163 :
1031 1137 1051 1160 »
1078 1118 1188 1163 illud
1211 1117 1333 1178 quod
1360 1118 1560 1178 sequitur
1582 1115 1708 1160 tenui

315 1189 636 1234 discutiendum
650 1199 693 1233 et
707 1188 1014 1246 refellendum,
1031 1191 1153 1250 quod
1168 1190 1227 1234 ait
1246 1209 1256 1235 ε
1271 1189 1577 1235 «Conscientia
1591 1201 1710 1232 nam·
1759 1227 1762 1232 .

315 1275 402 1320 que
419 1259 562 1304 dantis
585 1259 851 1323 attenditur,
877 1276 978 1320 quae
999 1260 1151 1305 abluat
1170 1260 1435 1320 accipientis.
1460 1279 1479 1302 »
1506 1262 1564 1304 Et
1585 1273 1711 1319 quae-

316 1331 420 1386 sivi,
452 1332 572 1374 unde
600 1331 844 1376 abluendus
882 1332 938 1376 sit
970 1334 1046 1391 qui
1082 1332 1239 1391 accipit
1272 1331 1568 1391 baptismum,
1608 1343 1711 1373 cum

317 1399 460 1444 dantis
479 1400 648 1460 polluta
659 1402 922 1448 conscientia
937 1411 1017 1459 est,
1042 1411 1086 1447 et
1098 1403 1182 1447 hoc
1197 1400 1269 1446 ille
1286 1402 1363 1462 qui
1376 1410 1439 1446 est
1452 1409 1712 1460 accepturus

318 1471 494 1529 ignorat
510 1473 528 1514 P

375 1543 519 1586 XVII.
561 1543 712 1602 Legite
749 1558 866 1588 nunc
886 1545 978 1604 ejus
1007 1543 1300 1604 copiosissima
1334 1541 1584 1597 maledicta,
1609 1555 1712 1602 quae

318 1613 363 1655 in
385 1613 643 1658 meinssatus
663 1623 706 1658 et
727 1615 861 1659 iratus
882 1616 1041 1660 effudit
1062 1635 1073 1672 3
1097 1625 1141 1660 et
1162 1615 1306 1660 videte
1323 1625 1471 1659 utrum
1492 1612 1712 1674 quaerenti

318 1683 426 1726 mihi
448 1685 744 1744 responderit,
767 1686 884 1730 unde
913 1687 968 1731 sit
984 1686 1234 1731 abluendus
1256 1687 1333 1746 qui
1355 1685 1522 1746 accepit
1543 1685 1711 1744 baptis—

319 1768 463 1809 mum,
488 1771 587 1799 cuni
611 1755 753 1800 dantis
778 1757 946 1816 polluta
977 1757 1239 1802 conscientia
1262 1767 1326 1802 est
1343 1792 1354 1813 ‚
1377 1767 1420 1801 et
1436 1759 1522 1802 hoc
1542 1757 1714 1814 ignorat

319 1826 546 1884 accipiens.
576 1827 766 1872 Obsecro
802 1843 892 1882 vos,
930 1828 1113 1888 quaerite
1139 1837 1320 1883 attente,
1344 1843 1495 1872 omnes
1523 1826 1713 1871 excutite

318 1895 495 1953 paginas
510 1932 521 1951 ,
544 1912 694 1942 omnes
716 1899 986 1943 dinumerate
1010 1898 1240 1943 versiculos
1255 1934 1266 1953 ,
1293 1899 1438 1943 omnia
1458 1898 1593 1943 verba
1614 1911 1714 1942 ver·

320 1974 424 2021 sate,
450 1981 600 2011 omnes
616 1967 805 2025 syllabas
826 1968 1052 2013 enucleate
1079 1990 1089 2026 3
1115 1979 1158 2013 et
1179 1969 1309 2013 dicite
1328 1957 1451 2024 mihi,
1473 1970 1508 2013 si
1529 1970 1713 2012 invene-

320 2037 428 2091 ritis,
455 2039 529 2082 ubi
556 2041 842 2100 responderit,
868 2056 966 2086 cum
989 2041 1130 2086 dantis
1151 2041 1415 2086 conscientia
1440 2040 1608 2100 polluta
1629 2048 1712 2095 est,

319 2109 437 2152 unde
455 2111 509 2153 sit
525 2113 615 2171 ejus
633 2111 850 2156 abluenda
868 2113 944 2172 qui
967 2114 1050 2157 hoc
1071 2123 1330 2173 accepturus
1347 2113 1520 2172 ignorat
1540 2114 1560 2156 Ρ

377 2180 540 2224 XVIII.
568 2184 685 2234 Quid
706 2184 821 2226 enim
840 2184 894 2227 ad
912 2199 1002 2227 rem
1019 2183 1243 2243 pertinuit,
1267 2184 1369 2243 quia
1387 2184 1573 2227 verbum
1592 2181 1713 2227 addi-

319 2247 398 2303 dit,
434 2250 555 2309 quod
576 2267 600 2295 a
624 2267 690 2296 me
731 2252 894 2298 diceret
927 2253 1055 2297 fuisse
1087 2255 1360 2298 subtractum
1381 2288 1392 2308 ,
1419 2263 1557 2312 atque,
1582 2253 1644 2296 ita
1667 2266 1714 2296 se

320 2320 534 2379 scripsisse
555 2324 782 2367 contendit
810 2343 818 2368 ε
857 2342 875 2366 (ι
896 2325 1171 2369 Conscientia
1193 2339 1384 2384 namque
1401 2332 1548 2368 sancte
1565 2322 1710 2367 dantis

322 2390 576 2447 attenditur,
598 2409 697 2453 quae
716 2393 864 2439 abluat
877 2396 1141 2454 accipientis.
1157 2412 1177 2435 »
1197 2397 1304 2440 Nam
1323 2404 1372 2439 ut
1390 2395 1594 2440 noveritis
1616 2408 1709 2438 non
1742 2431 1752 2439 .

318 2476 340 2503 a
363 2476 432 2504 me
454 2462 585 2508 fuisse
606 2466 896 2522 subtractum,
926 2466 1035 2511 nihil
1057 2467 1384 2527 inquisitionem
1407 2481 1548 2510 meam
1569 2466 1712 2526 impe-

319 2529 384 2575 dit
406 2531 604 2578 additum
625 2570 636 2590 ‚
672 2536 781 2580 nihil
807 2538 898 2598 ejus
929 2536 1128 2583 sublevat
1161 2536 1473 2582 defecdonem.
1511 2534 1581 2581 Ad
1617 2536 1707 2596 ipsa

373 2622 379 2635 ¹
402 2617 479 2650 Vide
495 2628 600 2661 supra,
618 2618 674 2654 lib.
699 2631 722 2659 ι,
739 2631 809 2663 cap.
834 2632 861 2653 1.
