1825 3264
311 279 472 310 coN'rnA
506 279 707 309 LITTERAS
739 280 974 319 PETIIJANI,
1013 283 1093 309 Lm.
1131 284 1178 309 11.
1357 271 1436 309 133

52 351 247 398 cundum
279 348 549 394 intellectum
575 348 740 392 tuum?
775 345 884 390 Vide
923 348 1137 405 primum,
1172 357 1319 392 utrum
1350 363 1437 393 non

0 456 2 477 ÷
52 423 107 468 sis
121 424 211 482 ipse
233 429 447 481 peccator.
472 420 584 466 Nolo
605 419 711 462 mihi
733 417 865 473 dicas,
890 419 986 463 Non
1005 433 1100 461 sum
1118 420 1319 474 traditor,
1347 435 1436 465 non

0 525 2 549 4
51 507 146 538 sum
181 492 452 537 thurificator
473 526 482 546 ,
526 505 615 535 non
649 503 745 533 sum
779 497 1044 548 persecutor.
1087 491 1176 533 Nec
1214 505 1296 548 ego
1330 491 1438 550 qui-

51 564 166 618 dem,
193 564 226 607 si
260 563 445 607 Domino
473 561 645 621 placet,
687 559 850 620 aliquid
883 560 1041 603 horum
1065 573 1160 603 sum
1187 580 1197 616 3
1221 575 1300 604 nec
1322 560 1439 605 orbis

51 643 178 679 terrae
210 634 286 694 qui
321 649 409 678 non
439 631 800 677 commovebitur.
845 631 929 675 Sed
952 630 1045 684 dic,
1070 629 1104 673 si
1128 628 1260 676 audes
1298 649 1307 674 ι
1339 633 1438 676 Non

51 719 146 750 sum
166 713 380 764 peccator.
400 702 478 747 Ille
489 703 651 763 quippe
666 702 746 746 ait:
766 701 922 745 Oleum
939 701 1190 761 peccatoris.
1211 700 1439 760 Quidquid

49 776 164 821 enim
182 776 227 820 in
252 785 294 820 te
308 775 376 820 vel
391 775 496 819 levis
517 774 683 834 peccati
700 773 829 818 fuerit
846 773 1090 826 inventum,
1107 771 1225 817 unde
1248 774 1440 818 ostendis

49 862 139 892 non
158 847 375 905 pertinere
397 846 452 890 ad
474 845 518 889 id
540 845 661 905 quod
682 844 847 889 dictum
865 854 953 889 est:
983 843 1141 888 Oleum
1163 845 1400 903 peccatoris
1423 846 1442 889 Ρ

49 919 207 971 Quaero
224 917 339 961 enim
362 925 511 960 utrum
529 931 623 960 ores
646 916 852 960 Oratione
873 916 1119 960 Dominica?
1144 915 1187 959 Si
1209 915 1324 959 enim
1350 931 1441 960 non

48 1003 142 1032 oras
163 1003 212 1032 ea
239 987 445 1031 Oratione
463 1023 474 1042 ,
500 1002 587 1047 qua
618 987 826 1031 Dominus
846 1001 970 1032 orare
988 984 1231 1046 Discipulos
1264 984 1437 1042 docuit,

47 1059 165 1102 unde
177 1057 304 1102 aliam
320 1057 505 1102 didicisti
524 1073 603 1117 pro
620 1059 858 1118 majoribus
874 1058 1038 1102 meritis
1059 1058 1142 1102 tuis
1155 1056 1439 1102 excedentem

47 1128 199 1172 merita
221 1127 528 1188 Apostolorum
551 1131 569 1172 Ρ
593 1129 635 1172 Si
657 1138 803 1172 autem
826 1129 886 1172 sic
909 1144 1004 1173 oras
1023 1164 1033 1184 ,
1065 1137 1116 1172 ut
1137 1127 1210 1172 ille
1234 1129 1439 1187 Magister

45 1201 201 1244 docere
224 1198 425 1257 dignatus
444 1209 522 1254 est,
548 1198 772 1259 quomodo
794 1198 902 1243 dicis
931 1219 939 1244 z
966 1218 987 1241 «
1012 1198 1191 1242 Dimitte
1212 1198 1338 1242 nobis
1361 1198 1441 1242 de-

50 1289 69 1312 »
87 1271 174 1314 bita
186 1280 346 1324 nostra,
365 1271 475 1314 sicut
488 1279 529 1314 et
548 1285 626 1314 nos
648 1270 906 1314 dimittimus
929 1269 1201 1313 debitoribus
1220 1269 1404 1314 nostris?
1417 1288 1436 1312 »

46 1343 196 1400 Neque
225 1340 340 1384 enim
371 1340 425 1384 de
455 1340 537 1384 illis
555 1341 740 1399 peccatis
763 1341 847 1384 hoc
870 1341 1060 1399 petimus
1078 1375 1088 1394 ,
1115 1356 1214 1400 quae
1238 1341 1363 1384 nobis
1396 1341 1441 1384 in

46 1412 260 1471 baptismo
277 1411 450 1455 dimissa
467 1420 583 1455 sunt.
612 1413 726 1468 Ergo
748 1411 827 1454 ista
849 1411 983 1455 verba
1013 1410 1219 1455 orationis
1243 1419 1320 1455 aut
1346 1426 1437 1456 non

47 1492 89 1528 te
104 1482 364 1543 permittunt
387 1497 474 1526 esse
493 1482 569 1526 Dei
592 1481 917 1541 deprecatorem
935 1517 945 1536 ,
967 1491 1042 1526 aut
1064 1483 1267 1542 aperiunt
1290 1497 1440 1542 pecca-

46 1548 201 1599 torem.
222 1557 336 1598 Eant
352 1569 487 1608 nunc,
501 1563 544 1598 et
565 1552 818 1598 osculentur
832 1553 910 1597 tibi
925 1561 1057 1612 caput
1073 1553 1150 1612 qui
1168 1552 1244 1596 abs
1266 1561 1308 1596 te
1328 1553 1438 1613 bap-

46 1624 163 1669 tizati
181 1634 298 1679 sunt,
319 1639 507 1685 quorum
529 1625 668 1684 capita
689 1623 785 1668 oleo
801 1634 878 1668 tuo
902 1624 1140 1683 perierunt.
1167 1622 1251 1667 Sed
1266 1631 1315 1667 tu
1337 1623 1439 1668 vide

45 1694 150 1756 quid
164 1695 234 1750 sis,
256 1695 324 1739 vel
349 1694 456 1755 quid
479 1695 533 1738 de
554 1704 596 1738 te
614 1695 786 1739 sentias.
806 1698 945 1739 Ita-ne
964 1709 1067 1738 vero
1088 1695 1289 1753 Optatus,
1308 1709 1442 1755 quem

45 1767 222 1825 Pagani,
234 1765 394 1820 Judaei,
406 1766 655 1820 Christiani,
673 1765 976 1821 nostri,vestri,
989 1781 1065 1824 per
1077 1764 1267 1810 Africam
1283 1775 1436 1821 totam,

46 1836 203 1893 furem,
225 1848 459 1898 raptorem,
481 1837 766 1898 proditorem,
789 1853 1105 1897 oppressorem,
1126 1847 1434 1897 separatorem,

45 1917 88 1954 et
104 1908 219 1953 illius
234 1912 245 1935 ¹
261 1923 394 1970 quem
411 1908 590 1969 quidam
607 1918 800 1953 vestrum
816 1910 908 1969 ejus
926 1908 1036 1952 dixit
1048 1909 1264 1954 Comitem
1281 1912 1437 1962 Deum,

46 1995 134 2024 non
158 1980 343 2025 amicum
358 2016 368 2035 ,
394 1996 482 2024 non
507 1981 737 2035 clientem,
755 1980 830 2024 sed
849 1980 1080 2024 satellitem
1102 1980 1290 2023 clamant
1305 2015 1315 2034 ,
1347 1996 1438 2025 non

43 2048 127 2094 suit
158 2051 226 2094 vel
247 2050 578 2110 qualiscumque
601 2053 834 2109 peccator?
854 2049 971 2103 Quid
993 2066 1095 2109 ergo
1112 2050 1274 2094 facient
1292 2085 1302 2104 ,
1329 2051 1433 2110 qui-

48 2122 127 2165 bus
150 2122 272 2165 unxit
297 2122 437 2180 capita
467 2137 564 2166 reus
597 2122 784 2166 criminis
823 2121 1018 2181 capitalis
1053 2123 1070 2165 P
1097 2125 1252 2166 Nonne
1285 2131 1329 2166 et
1357 2122 1439 2181 ipsi

45 2192 169 2238 vobis
187 2193 328 2252 capita
352 2192 619 2248 osculantur,
637 2194 692 2237 de
705 2209 892 2253 quorum
908 2193 1124 2253 capitibus
1142 2207 1218 2252 per
1230 2193 1349 2236 hunc
1367 2193 1439 2236 in-

46 2262 269 2308 tellectum
295 2273 380 2307 tam
415 2263 526 2307 male
559 2263 764 2324 judicatis
784 2266 801 2306 ‘3
843 2263 1002 2309 Saltem
1039 2263 1210 2324 prodite
1240 2262 1360 2318 illos,
1396 2273 1440 2308 et

48 2336 278 2380 admonete
314 2345 362 2379 ut
381 2345 602 2380 sanentur.
632 2340 699 2381 An
721 2337 844 2381 vobis
875 2337 1020 2396 potius
1043 2345 1174 2396 caput
1197 2335 1439 2379 sanandum

48 2415 111 2450 est
146 2407 204 2450 ita
234 2406 557 2450 delirantibus?
587 2408 704 2460 Quid
733 2423 859 2466 ergo,
895 2408 1063 2468 inquies
1083 2442 1093 2461 ,
1124 2407 1229 2450 dixit
1262 2405 1442 2449 David?

48 2477 164 2530 Quid
195 2492 263 2520 mc
293 2477 532 2536 interrogas
556 2479 574 2521 Ρ
598 2481 742 2536 Ipsum
769 2479 987 2536 interroga
1015 2498 1023 2522 :
1061 2477 1282 2536 superiore
1314 2492 1442 2522 versu

51 2547 127 2591 tibi
149 2547 382 2606 respondet
408 2567 416 2591 :
443 2567 462 2590 «
491 2547 776 2595 Emendabit,
801 2550 942 2608 inquit
963 2584 973 2603 ,
995 2563 1064 2592 me
1081 2549 1222 2607 justus
1246 2548 1288 2591 in
1312 2549 1440 2592 mise-

101 2639 107 2654 ¹
130 2632 268 2663 Gildoni<
