1825 3264
329 291 410 331 492
765 304 798 329 s.
834 302 1061 332 Auous‘rmt
1094 305 1274 333 EPlseoPI

326 380 422 415 cato
451 371 541 429 ejus
573 385 660 414 non
695 372 988 416 communicas
1010 391 1017 416 :
1040 371 1115 416 sed
1138 372 1240 416 hinc
1268 385 1497 430 agnoscere
1524 373 1705 431 cogeris,

325 450 489 502 quanta
520 442 741 501 impietate
773 442 982 503 objiciatis
1009 443 1103 487 orbi
1126 444 1359 488 christiano
1386 441 1454 487 vel
1479 442 1601 499 falsa,
1639 443 1709 488 vel

326 521 441 557 certe
461 513 608 570 ignota
630 512 807 556 crimina
830 511 1034 558 Afrorum
1055 535 1066 572 3
1091 529 1190 558 cum
1208 513 1283 558 tibi
1308 513 1436 574 objici
1457 512 1567 558 nolis
1588 513 1710 573 quod

326 582 381 626 de
423 581 559 627 altero
591 583 698 637 scis,
734 583 836 642 quia
876 584 960 628 hoc
1002 585 1059 628 eis
1097 600 1186 629 non
1220 593 1341 644 potes
1365 582 1622 643 persuadere
1642 619 1653 638 ,
1686 599 1709 628 a

325 668 512 714 quorum
535 669 623 697 non
651 653 712 698 vis
734 655 936 698 societate
964 654 1198 699 discedere.
1235 658 1299 699 Ita
1333 671 1387 699 ne
1410 655 1579 699 deseras
1601 669 1710 714 quos

326 734 453 784 putas
476 725 629 779 bonos,
658 724 768 769 ferre
798 726 961 784 cogeris
989 741 1098 786 quos
1126 727 1238 771 nosti
1263 726 1414 771 malos.
1449 730 1510 770 Ac
1530 741 1607 786 per
1627 726 1711 770 hoc

327 811 475 840 omnes
505 797 724 841 convincit
751 797 906 841 veritas
938 797 1098 855 malos,
1135 799 1209 857 qui
1238 807 1414 857 propter
1449 797 1586 840 aliena
1625 796 1711 840 cri·

325 867 443 912 mina
473 883 549 911 seu
577 883 677 912 vera
711 884 786 912 seu
819 867 923 912 falsa
944 904 955 924 ,
990 869 1154 913 caeteris
1182 878 1327 913 tamen
1361 867 1603 926 incognita,
1632 865 1712 910 sibi

327 946 472 981 autem
500 953 589 982 non
611 937 818 982 obfutura
835 974 845 993 ,
872 932 1067 999 disrupta
1091 939 1258 982 unitate
1283 947 1347 982 tot
1370 938 1565 996 gentium
1587 935 1711 980 dese-

326 1017 510 1051 ruerunt
532 1009 685 1052 bonos.
714 1011 806 1053 Hoc
838 1018 925 1052 tam
950 1023 1159 1067 magnum
1183 1008 1304 1052 nefas
1327 1007 1460 1066 partis
1485 1006 1636 1050 Donati
1658 1020 1713 1049 ne

327 1078 472 1137 aliquo
495 1079 626 1122 modo
648 1095 852 1124 excusare
870 1080 1046 1139 possetis
1065 1114 1075 1134 ,
1102 1095 1229 1124 causa
1252 1079 1372 1123 vobis
1394 1078 1714 1122 Maximianen-

326 1149 433 1192 sium
458 1158 688 1208 procurata
710 1159 788 1205 est,
814 1151 857 1193 in
877 1166 965 1210 quo
983 1150 1103 1194 velut
1125 1149 1301 1209 speculo
1319 1158 1505 1194 vestram
1523 1149 1713 1208 pravita-

327 1228 412 1263 tem
432 1230 707 1280 conspectam
724 1221 759 1265 si
776 1221 1000 1265 volueritis
1021 1222 1246 1280 corrigatis
1269 1240 1277 1266 z
1297 1222 1331 1265 si
1354 1230 1498 1264 autem
1520 1219 1714 1264 nolueri-

327 1290 394 1343 tis,
434 1290 535 1335 nolo
564 1290 805 1351 quidquam
841 1293 1012 1350 gravius
1044 1291 1202 1346 dicere,
1229 1291 1407 1352 quando
1439 1291 1526 1335 scio
1566 1300 1607 1335 te
1641 1305 1715 1334 cor

324 1360 499 1404 habere.
527 1361 642 1415 Quid
661 1362 775 1405 enim
798 1371 949 1406 contra
971 1363 1048 1407 ista
1066 1363 1261 1407 dicturus
1283 1377 1326 1406 es
1345 1364 1363 1404 ’ἲ

384 1433 566 1476 XXXV.
594 1435 730 1488 Bene,
753 1433 854 1493 quia
872 1434 962 1493 ipse
979 1434 1145 1488 scribis,
1173 1453 1192 1475 «
1215 1448 1315 1477 cum
1337 1433 1392 1476 de
1409 1431 1716 1476 Maximianen-

326 1503 444 1546 sibus
461 1503 675 1548 damnatis
699 1513 741 1548 et
760 1505 942 1564 receptis
959 1504 1130 1563 legisses
1152 1514 1292 1550 totum
1316 1503 1435 1564 quod
1458 1502 1616 1547 inserui
1638 1502 1712 1546 lit-

326 1573 426 1617 teris
458 1574 579 1629 meis‚
614 1574 741 1619 valde
779 1585 821 1620 te
854 1575 983 1620 fuisse
1010 1584 1272 1636 permotum.
1304 1594 1322 1616 υ
1349 1574 1508 1628 Credo,
1541 1588 1714 1632 prorsus

325 1642 452 1687 video
473 1659 644 1688 causam
665 1680 675 1699 ,
702 1661 801 1705 quae
822 1645 949 1690 valde
971 1645 1173 1691 debuerit
1193 1660 1458 1705 permovere.
1481 1643 1714 1688 Videamus

325 1727 442 1771 ergo,
461 1722 534 1758 tua
552 1715 628 1759 ista
647 1717 861 1774 permotio
878 1732 1067 1776 quanam
1089 1717 1256 1761 reddita
1279 1717 1444 1761 ratione
1465 1715 1611 1760 sedata
1629 1724 1710 1760 est.

331 1802 350 1824 «
377 1784 532 1827 Statim
554 1793 595 1827 te
614 1783 720 1828 dicis
742 1800 765 1828 a
784 1787 933 1830 vestris
956 1787 1165 1846 episcopis
1187 1786 1436 1844 diligentius
1457 1785 1683 1845 inquisisse
1699 1819 1711 1840 ,

327 1862 457 1913 atque
474 1854 572 1913 ipsis
590 1853 865 1911 docentibus,
884 1865 927 1900 et
944 1856 1168 1901 decretum
1188 1857 1374 1912 concilii,
1395 1866 1438 1901 et
1455 1856 1714 1901 sententiam
1781 1875 1784 1890 τ
1821 1858 1825 1871 ‘

326 1923 369 1967 in
397 1939 468 1969 eos
501 1926 577 1985 qui
606 1925 799 1970 damnati
835 1936 937 1971 sunt
968 1927 1127 1972 dictam
1147 1963 1157 1983 ,
1187 1937 1229 1972 et
1258 1929 1319 1973 rei
1351 1928 1483 1972 totius
1516 1927 1714 1972 ordinem

326 1997 591 2054 cognovisse.
627 2016 646 2038 »
683 1998 846 2042 Deinde
875 1999 1004 2043 etiam
1033 2014 1101 2042 me
1138 1998 1316 2043 credens
1345 1998 1488 2043 adhuc
1518 1998 1714 2055 ignorare

327 2066 435 2126 quid
465 2077 633 2125 gestum
657 2068 709 2113 sit
734 2104 744 2123 ,
771 2078 902 2129 atque
923 2067 1176 2124 admonens,
1201 2078 1248 2113 ut
1270 2067 1375 2128 quid
1401 2069 1575 2122 habeat,
1602 2067 1713 2112 veri-

326 2145 390 2180 tas
412 2137 616 2183 discerem
639 2175 649 2194 ,
677 2141 856 2184 narrasti
881 2139 1008 2200 plane
1030 2156 1118 2185 non
1141 2141 1249 2201 quid
1270 2141 1424 2184 veritas
1446 2140 1621 2194 habeat,
1640 2139 1712 2183 sed

327 2207 435 2266 quid
469 2209 652 2254 incautis
679 2218 722 2253 et
753 2209 1073 2269 negligentibus
1096 2210 1225 2255 vestri
1247 2225 1326 2270 pro
1347 2210 1528 2253 veritate
1549 2223 1712 2268 suppo·

328 2287 449 2322 nant.
475 2279 588 2323 Dicis
610 2280 726 2324 enim
748 2315 759 2335 ,
789 2299 809 2322 «
839 2296 940 2325 cum
963 2297 1095 2341 quam
1117 2281 1328 2340 plurimos
1350 2280 1573 2339 episcopos
1595 2293 1713 2324 error

328 2349 408 2391 sibi
443 2350 691 2394 Maximiani
728 2351 888 2395 sociare
915 2351 1215 2406 contenderet,
1256 2360 1478 2396 contracto
1510 2366 1533 2394 a
1564 2349 1713 2395 vestris

329 2420 514 2465 concilio
543 2422 589 2465 in
617 2437 688 2466 eos
711 2437 859 2466 omnes
887 2423 961 2483 qui
992 2424 1036 2466 in
1061 2424 1149 2483 ejus
1176 2423 1403 2468 schismate
1430 2421 1713 2481 perstitissent

329 2489 540 2547 prolatam
565 2507 654 2536 esse
675 2494 949 2548 sententiam,
973 2509 1105 2553 quam
1129 2509 1198 2538 me
1223 2508 1398 2554 quoque
1418 2491 1570 2551 legisse
1590 2506 1712 2536 com-

330 2572 542 2603 memoras
569 2580 577 2605 :
604 2578 702 2621 quae
724 2559 822 2607 cum
847 2564 1058 2608 sententia
1079 2579 1290 2608 consensu
1309 2563 1504 2608 omnium
1523 2563 1711 2606 firmare—

331 2635 415 2674 tur,
441 2628 650 2686 placuisse
676 2641 822 2677 tamen
843 2633 1018 2677 decreto
1042 2633 1212 2678 concilii
1235 2634 1485 2678 dilationem
1505 2630 1708 2690 temporis
