1825 3264
360 235 410 271 34
786 239 817 268 8.
856 241 1083 267 sconsum
1120 239 1297 266 Eplseom

358 309 639 368 respondent,
661 305 867 359 Quamvis
894 319 1118 364 nunquam
1148 302 1396 362 probaveris
1413 336 1424 354 ‚
1462 300 1561 346 talia
1582 310 1737 363 *tamen

353 378 577 437 displicent
600 376 737 420 nobis.
761 376 802 420 Si
828 384 972 419 autem
996 374 1123 418 dicis:
1143 376 1255 417 Ecce
1276 387 1344 416 me
1364 372 1504 416 furem
1529 371 1632 416 fecit
1649 373 1738 431 Op-

355 458 465 492 tatus
490 446 560 490 ille
583 461 714 506 quem
747 459 967 498 noveram,
992 445 1091 503 quia
1118 442 1283 501 collega
1305 457 1426 486 meus
1455 441 1554 497 fuit,
1574 451 1616 486 et
1637 455 1735 485 cum

350 516 425 561 illo
448 516 501 561 ad
520 517 653 561 altare
675 516 878 560 accedere
895 514 1089 558 solebam
1111 528 1211 557 cum
1225 513 1304 557 ista
1326 513 1637 566 committeret,
1662 509 1738 555 sed

352 603 437 631 non
461 602 581 641 curo,
603 586 703 646 quia
720 585 815 629 leve
832 593 1132 643 estpeccatum
1153 601 1163 628 2
1185 592 1226 628 te
1245 591 1390 627 autem
1410 581 1470 626 illi
1486 581 1737 626 traditorem

349 657 697 716 homicidamque
726 654 937 699 fecerunt.
970 653 1249 713 Respondeo,
1274 669 1363 698 non
1386 668 1455 697 me
1477 651 1733 707 concedere,

349 738 398 771 ut
428 743 505 785 ego
531 742 706 788 quoque
738 726 919 770 traditor
951 734 994 769 et
1022 725 1239 770 homicida
1268 724 1408 785 sactus
1440 726 1519 768 sim
1549 723 1738 783 peccatis

347 797 511 851 alienis,
537 798 636 858 quia
664 807 709 841 tu
735 806 774 840 te
800 796 939 840 alieno
962 804 1140 855 peccato
1171 794 1313 839 furem
1333 794 1496 839 factum
1516 810 1606 838 esse
1626 809 1736 839 con-

347 866 480 912 fessus
499 884 541 912 cs
562 888 570 912 ;
594 883 733 928 neque
755 867 868 911 enim
879 867 1046 927 judicio
1065 876 1228 922 nostro,
1254 866 1328 911 sed
1352 882 1424 911 ore
1447 875 1524 911 tuo
1548 864 1620 909 fur
1641 865 1736 910 fac-

347 947 414 982 tus
437 954 492 982 es.
523 941 607 983 Nos
629 938 743 982 enim
776 937 958 982 dicimus
989 953 1353 998 unumquemque
1380 938 1591 982 sarcinam
1614 951 1735 981 suam

347 1018 532 1067 portare,
554 1010 664 1052 sicut
683 1007 914 1067 Apostolus
939 1010 1056 1053 testis
1071 1011 1160 1053 est¹
1184 1028 1192 1053 2
1219 1019 1266 1053 tu
1288 1024 1391 1052 vero
1413 1024 1502 1052 non
1524 1008 1625 1067 quia
1647 1006 1737 1051 fur·

345 1088 436 1122 tum
463 1078 618 1133 fecisti,
643 1078 709 1122 vel
743 1077 860 1124 furto
888 1080 1167 1133 consensisti,
1194 1078 1268 1124 sed
1292 1080 1394 1138 quia
1416 1078 1461 1122 id
1481 1079 1603 1138 quod
1626 1077 1736 1123 alius

341 1149 441 1193 fecit
466 1149 518 1194 ad
542 1160 583 1194 te
606 1151 820 1209 pertinere
841 1151 1086 1195 existimasti
1107 1185 1117 1205 ,
1151 1149 1234 1194 sub
1256 1149 1422 1193 sarcina
1443 1150 1591 1209 Optati
1619 1147 1736 1193 ultro

342 1229 436 1263 tuos
467 1221 669 1265 humeros
701 1221 950 1267 subdidisti.
982 1223 1091 1266 Nam
1117 1220 1227 1263 sicut
1254 1218 1487 1279 Apostolus
1519 1220 1604 1273 ait,
1634 1233 1734 1262 cum

342 1289 396 1333 dc
423 1291 530 1334 cibis
551 1290 805 1349 loqueretur
834 1311 842 1334 ;
882 1310 900 1332 «
931 1291 1026 1336 Scio
1065 1299 1108 1335 ct
1130 1289 1306 1334 confido
1333 1291 1378 1333 in
1402 1290 1585 1334 Domino
1605 1291 1731 1344 Jesu‚

346 1378 363 1399 »
400 1360 500 1419 quia
518 1359 626 1403 nibil
647 1376 879 1404 commune
904 1377 978 1419 per
999 1362 1158 1420 ipsum,
1179 1361 1254 1405 sed
1276 1362 1314 1405 ei
1333 1361 1409 1421 qui
1423 1361 1634 1405 existimat
1653 1358 1735 1404 ali-

346 1449 364 1469 »
400 1430 506 1489 quid
524 1447 755 1475 commune
771 1447 876 1486 esse,
899 1432 959 1476 illi
978 1448 1212 1477 commune
1230 1441 1293 1477 est
1307 1435 1351 1477 ‘²2
1376 1451 1395 1473 »
1419 1431 1569 1476 eadem
1586 1430 1734 1489 regula

341 1499 425 1544 dici
450 1510 614 1559 potest,
648 1502 786 1545 aliena
822 1513 995 1561 peccata
1019 1504 1074 1547 ad
1102 1519 1174 1547 eos
1208 1518 1297 1547 non
1332 1503 1549 1562 pertinere
1571 1502 1736 1562 quibus
1788 1499 1791 1505 ’

340 1569 566 1628 displi<,ent
583 1593 593 1629 3
613 1571 687 1615 scd
709 1573 741 1616 si
765 1573 860 1632 quis
883 1573 1097 1617 existimat
1119 1573 1174 1617 ad
1191 1589 1235 1617 se
1254 1573 1486 1633 pertinere,
1511 1573 1734 1632 pertinent

344 1641 397 1683 ad
420 1656 534 1684 cuin.
562 1644 834 1702 Quapropter
856 1653 906 1687 tu
931 1659 1007 1688 nos
1031 1659 1118 1688 non
1143 1653 1262 1688 tenes
1280 1643 1525 1697 traditores,
1551 1658 1631 1687 nec
1649 1643 1733 1687 ho-

345 1711 540 1766 micidas,
568 1714 693 1758 etiam
717 1716 747 1757 si
772 1714 936 1775 aliquid
962 1714 1046 1759 tale
1068 1716 1226 1774 probes
1256 1716 1310 1759 de
1333 1715 1381 1759 iis
1404 1715 1480 1774 qui
1502 1714 1732 1758 nobiscum

342 1793 605 1827 sacramenta
639 1787 962 1830 communicant
984 1807 993 1830 ι
1018 1795 1060 1830 te
1083 1795 1246 1841 autem,
1271 1787 1398 1830 ctiam
1425 1786 1460 1829 si
1477 1785 1557 1829 tibi
1579 1784 1732 1843 displi-

342 1862 435 1896 ceat
465 1853 679 1914 quidquid
710 1855 809 1899 fecit
830 1859 1015 1915 Optatus
1033 1893 1042 1911 ‚
1070 1854 1211 1900 furem
1234 1866 1381 1901 tamen
1404 1865 1619 1915 tenemu&
1642 1870 1731 1900 non

343 1938 416 1980 per
438 1923 700 1969 calumniam
725 1936 931 1979 nostram,
954 1927 1027 1971 sed
1051 1943 1127 1986 per
1149 1927 1409 1973 sententiam
1439 1935 1574 1971 tuam.
1598 1928 1654 1970 Et
1676 1941 1732 1969 ne

342 2003 465 2050 putes
488 1995 570 2039 hoc
592 1995 686 2039 leve
719 2012 805 2040 esse
823 2033 833 2050 ,
861 1997 1117 2056 Apostolum
1140 1996 1233 2056 lege
1257 1996 1474 2041 dicentem
1503 2015 1512 2041 :
1538 2014 1558 2037 «
1579 1998 1732 2056 Neque

346 2082 363 2102 »
400 2063 515 2108 sures
541 2081 723 2123 regnum
755 2068 828 2111 Dei
849 2068 1183 2127 possidebunt?
1213 2087 1232 2108 »
1259 2067 1343 2120 Qui
1366 2075 1512 2111 autem
1546 2081 1728 2125 regnum

346 2133 416 2174 Dei
436 2149 520 2176 non
546 2135 846 2191 possidebunt,
873 2153 960 2181 non
978 2147 1107 2181 erunt
1129 2138 1281 2197 utique
1301 2138 1356 2182 ad
1374 2136 1596 2182 dexteram
1616 2137 1731 2180 inter

341 2200 435 2245 illos
454 2238 463 2255 ,
495 2203 655 2262 quibus
684 2205 851 2249 dicetur
879 2225 886 2249 :
927 2226 945 2247 «
972 2207 1152 2259 Venite,
1194 2207 1414 2252 benedicti
1438 2207 1575 2252 Patris
1613 2207 1726 2261 mei,

346 2290 363 2311 »
402 2273 606 2331 percipite
639 2290 821 2333 regnum
848 2276 964 2335 quod
999 2277 1119 2321 vobis
1143 2287 1343 2337 paratum
1374 2287 1438 2322 est
1471 2278 1527 2321 ab
1562 2278 1729 2336 origine

345 2360 362 2381 »
402 2342 550 2386 mundi
574 2343 598 2387 ¹.
641 2364 658 2383 »
694 2346 734 2388 Si
764 2345 825 2388 ibi
860 2362 947 2390 non
978 2357 1134 2402 erunt,
1163 2348 1239 2392 ubi
1262 2357 1391 2392 erunt
1419 2348 1500 2392 nisi
1524 2347 1577 2392 ad
1602 2347 1728 2392 sinis-

340 2414 472 2455 tram?
495 2416 612 2457 Inter
633 2413 727 2458 illos
751 2430 852 2473 ergo
871 2418 1030 2476 quibus
1051 2417 1221 2463 dicetur
1238 2437 1247 2463 :
1263 2438 1284 2461 «
1302 2421 1365 2463 Ite
1378 2419 1423 2462 in
1440 2418 1584 2477 ignem
1599 2427 1728 2462 aeter-

340 2499 359 2521 »
376 2497 496 2536 num,
509 2485 584 2543 qui
600 2494 772 2543 paratus
783 2495 846 2530 est
856 2485 1030 2532 diabolo
1044 2497 1086 2532 et
1099 2488 1261 2547 angelis
1270 2491 1377 2549 ejus.
1387 2506 1408 2530 »
1421 2492 1599 2533 Frustra
1620 2503 1723 2547 ergo

387 2574 394 2588 ¹
423 2568 489 2598 Gal.
515 2579 561 2608 vi,
581 2568 612 2600 5.
627 2586 666 2591 —
686 2577 697 2592 ²
719 2573 808 2603 Rom.
833 2582 900 2612 xiv,
923 2570 1031 2613 14-
1050 2571 1062 2595 ³
1084 2583 1095 2605 ι
1119 2574 1193 2606 Cor.
1210 2584 1259 2614 vr,
1282 2582 1331 2606 10.
1346 2571 1545 2606 —kuattth
1572 2583 1648 2612 xxv,
1668 2571 1721 2614 34-
