1825 3264
319 279 480 309 cowrnA
514 278 714 309 numus
750 282 982 322 Paruum,
1019 286 1099 313 Lm.
1136 287 1184 312 ιι.
1390 275 1444 313 93

62 353 205 388 autem
225 342 326 388 foris
342 354 483 400 erant,
500 360 599 390 ecce
616 354 660 390 et
680 346 722 390 in
743 346 802 390 eis
815 348 890 406 qui
912 347 1015 392 foris
1033 357 1205 405 sunt‚et
1218 349 1371 409 utique
1392 350 1447 393 ad

60 414 193 457 vitam
211 423 416 459 aeternam
433 450 443 469 ,
471 415 573 475 quia
596 416 853 460 charitatem
871 432 958 461 non
982 418 1147 462 habent
1165 429 1208 463 et
1231 420 1446 464 unitatem

61 499 148 528 non
171 494 345 541 tenent,
373 487 587 546 pertinere
609 503 698 532 non
716 497 913 546 possunt,
938 489 1050 532 inest
1076 497 1218 533 tamen
1242 491 1446 535 sanctitas

61 555 248 600 nominis
265 557 424 602 Christi
441 573 630 618 quorum
649 558 1000 617 praedicationem
1017 559 1250 618 Apostolus
1270 570 1448 621 propter

59 627 195 686 ipsam
216 629 402 673 nominis
424 630 713 684 sanctitatem,
741 630 938 690 quamvis
955 629 1051 674 illos
1070 630 1326 687 detestetur,
1347 647 1448 689 gau-

6 749 9 763 1
60 695 206 742 dendo
230 699 472 743 confirmat.
498 703 631 744 Recte
655 715 758 758 ergo
781 700 861 758 ipsi
882 700 1049 744 nomini
1068 716 1156 744 non
1177 700 1361 746 facimus
1381 701 1448 745 in-

7 827 11 830 *
54 767 242 827 juriam,
279 784 378 813 cum
411 769 465 813 ad
493 785 571 814 nos
599 771 783 814 veniunt
811 770 886 831 qui
915 770 1017 815 foris
1045 779 1169 815 erant
1196 790 1204 816 :
1234 771 1310 815 sed
1336 772 1449 831 ipsos

57 838 342 896 corrigimus,
379 838 490 884 illud
529 841 809 886 honoramus.
842 843 928 885 Vos
961 841 1108 901 itaque
1142 841 1284 886 videte
1316 858 1448 902 quam

58 907 222 952 nefarie
242 909 287 952 in
313 910 394 965 eis,
416 926 603 970 quorum
629 911 741 956 facta
764 911 875 955 sicut
893 911 1068 955 videtur
1090 911 1267 971 arguitis
1283 947 1293 966 ,
1319 912 1449 956 etiam

55 989 371 1024 sacramentum
404 982 590 1026 nominis
621 982 799 1036 Christi,
827 981 949 1043 quod
980 983 1025 1026 in
1051 983 1111 1027 eis
1138 992 1336 1027 sanctum
1361 992 1446 1037 est,

0 1047 6 1054 '
57 1051 306 1094 exsufflatis.
329 1054 385 1095 Et
408 1061 455 1096 tu
475 1053 653 1112 quidem
672 1054 788 1108 istos,
814 1069 924 1113 quos
942 1055 1300 1098 commemoravit
1319 1057 1450 1112 Apos-

59 1120 196 1175 tolus,
230 1122 342 1166 sicut
372 1124 502 1166 verba
532 1134 605 1167 tna
635 1124 851 1177 indicant,
884 1123 986 1168 foris
1019 1123 1074 1167 ab
1101 1124 1291 1167 Ecclesia
1322 1123 1451 1168 fuisse

59 1191 294 1235 arbitraris.
324 1195 385 1236 Ita
403 1208 502 1236 cum
537 1193 660 1236 times
683 1209 705 1236 a
729 1193 950 1237 catholicis
977 1194 1061 1251 pati
1084 1194 1446 1252 persecutionem,

59 1260 113 1304 de
130 1277 214 1320 qua
239 1261 365 1305 nobis
382 1261 605 1322 loquendo
622 1263 728 1306 facis
745 1263 952 1306 invidiam
969 1297 979 1317 ,
1007 1263 1271 1307 confirmasti
1293 1265 1336 1307 in
1356 1263 1449 1306 hae-

58 1331 197 1375 reticis
218 1331 378 1376 Christi
402 1348 577 1386 nomen,
595 1333 664 1376 cui
688 1333 998 1392 rebaptizando
1021 1333 1128 1376 facis
1147 1333 1368 1392 injuriam.

116 1403 354 1446 CLXXXI.
386 1406 646 1447 Paruimus
664 1402 771 1446 dixit
798 1422 805 1446 :
845 1422 863 1443 «
891 1404 934 1447 Si
956 1403 1089 1460 igitur
1111 1411 1231 1446 tanta
1251 1403 1449 1462 potentia

59 1470 159 1515 fidei
174 1487 261 1516 non
278 1482 341 1517 est
359 1471 577 1533 aliquibus
592 1473 832 1526 adversata,
858 1488 944 1532 qua
969 1481 1015 1516 tu
1037 1473 1203 1517 ratione
1220 1488 1450 1532 perseque-

60 1543 130 1596 ris,
146 1552 195 1586 ut
213 1559 339 1600 cogas
361 1544 559 1588 homines
576 1544 796 1604 inquinari
819 1545 836 1587 Ξ)
857 1562 876 1585 »

118 1615 376 1658 CLXXXII.
413 1617 688 1659 Avensa-inus
725 1614 947 1672 respondit
983 1632 991 1657 :
1030 1616 1118 1658 Nec
1150 1615 1450 1673 persequimur

0 1683 5 1693 '
61 1698 160 1738 vos,
185 1684 265 1728 nisi
287 1684 660 1744 quemadmodum
689 1684 962 1744 persequitur
993 1684 1147 1728 veritas
1176 1683 1408 1728 falsitatem
1438 1703 1446 1728 :

60 1771 140 1800 nec
164 1755 218 1799 ad
240 1771 317 1800 nos
330 1758 532 1816 pertinet,
549 1758 580 1801 si
602 1757 700 1816 quis
718 1772 792 1800 vos
808 1756 930 1799 aliter
947 1765 1201 1815 persecutus
1219 1765 1282 1799 est
1299 1776 1309 1813 3
1339 1756 1451 1799 sicut

62 1841 140 1870 nec
163 1828 217 1870 ad
242 1843 314 1872 vos
331 1827 548 1888 quidquid
563 1829 693 1872 vestri
712 1827 906 1871 similiter
923 1826 1089 1871 faciunt
1114 1843 1122 1868 ι
1147 1842 1227 1871 nec
1244 1841 1321 1871 vos
1334 1827 1451 1884 cogi-

62 1912 156 1942 mus
179 1899 415 1958 inquinari,
441 1899 514 1943 sed
537 1899 768 1943 suademus
791 1899 944 1942 sanari.

122 1970 407 2013 CLXXXIII.
431 1973 693 2014 PET1L1ANUS
717 1970 844 2013 dixit:
867 1969 1030 2021 «Quod
1055 1969 1087 2011 si
1109 1968 1203 2026 cogi
1221 1982 1297 2026 per
1314 1966 1453 2025 legem

64 2037 251 2098 aliquem
267 2039 334 2083 vel
357 2038 411 2084 ad
431 2041 544 2084 bona
566 2039 779 2093 licuisset,
802 2055 877 2083 vos
898 2039 995 2097 ipsi,
1021 2038 1179 2091 miseri,
1207 2053 1230 2080 a
1252 2036 1376 2080 nobis
1399 2035 1454 2080 ad

64 2107 197 2152 fidem
216 2109 486 2167 purissimam
511 2110 604 2166 cogi
626 2108 851 2153 debuistis.
882 2107 966 2153 Sed
989 2108 1115 2162 absit,
1142 2108 1249 2151 absit
1267 2122 1290 2150 a
1308 2115 1452 2151 nostra

65 2180 347 2235 conscientia,
371 2190 418 2224 ut
439 2180 493 2224 ad
514 2189 702 2225 nostram
727 2181 856 2224 fidem
871 2178 1059 2239 aliquem
1079 2177 1406 2237 compellamus.
1433 2197 1450 2217 »

124 2252 402 2296 CLXXXIV.
431 2254 482 2296 Αι
500 2269 706 2295 cosmus
728 2249 948 2309 respondit
969 2269 976 2293 ;
1004 2268 1020 2289 «
1040 2249 1102 2292 Ad
1126 2249 1255 2292 fidem
1275 2246 1453 2307 quidem

66 2320 213 2365 nullus
235 2331 298 2365 est
319 2321 540 2380 cogendus
567 2322 744 2375 invitus,
779 2320 853 2364 sed
878 2336 953 2379 per
983 2320 1271 2373 severitatem,
1298 2319 1385 2362 imo
1412 2326 1454 2360 et

67 2406 144 2450 per
160 2392 496 2436 misericordiam
523 2393 612 2446 Dei,
637 2391 968 2436 tribulationum
991 2389 1171 2448 flagellis
1190 2390 1301 2433 solet
1320 2388 1453 2446 pcrti-

69 2461 137 2505 dia
159 2461 367 2518 castigari.
386 2461 612 2520 Numquid
634 2462 734 2520 quia
753 2477 892 2505 mores
911 2461 1064 2519 optimi
1085 2460 1281 2502 libertate
1304 2457 1455 2501 volun-

71 2531 167 2575 tatis
181 2530 419 2590 eliguntur,
431 2530 529 2575 ideo
543 2547 681 2576 mores
692 2532 863 2590 pessimi
882 2547 969 2575 non
986 2530 1089 2588 legis
1103 2529 1351 2588 integritate
1368 2543 1452 2588 pu-

70 2603 251 2647 niuntur
278 2604 295 2645 Ρ
336 2602 419 2647 Sed
441 2610 585 2647 tamen
606 2600 717 2646 male
741 2601 913 2646 vivendi
943 2600 1073 2645 ultrix
1096 2599 1319 2660 disciplina
1344 2613 1454 2659 prae-
