1825 3264
505 213 558 240 na
590 211 777 240 UMTATE
811 211 1025 239 zccmsm.
1376 194 1461 236 255

78 279 194 324 enim
208 292 286 323 nos
297 278 356 323 ita
376 276 558 322 dicimus
576 293 652 338 per
673 286 815 322 totum
829 277 980 321 orbem
995 273 1185 320 diffundi
1207 273 1460 328 Ecclesiam,

78 359 127 395 ut
142 351 189 395 in
208 350 485 395 sacramentis
507 351 600 410 ejus
623 349 734 394 solos
771 348 909 393 bonos
940 363 1030 392 esse
1052 340 1271 402 dicamus,
1302 361 1352 391 ac
1373 360 1465 389 non

28 415 34 419 ’
77 419 207 465 etiam
222 419 374 476 malm,
393 429 438 464 et
453 435 526 465 eos
543 421 673 464 etiam
696 418 836 463 multo
856 418 1017 478 plures,
1040 427 1089 462 ut
1109 417 1155 461 in
1176 431 1327 462 eorum
1343 429 1465 460 com·

76 491 299 552 paratione
311 492 440 552 pauci
457 492 559 547 sint,
575 507 675 537 cum
693 506 771 551 per
790 506 835 534 se
857 489 970 549 ipsos
987 489 1209 548 ingentem
1231 501 1461 532 numerum

75 557 253 606 faciant.

142 632 324 676 XXXV.
375 632 597 676 Habemus
637 629 971 676 innumerabilia
1009 630 1255 674 testimonia
1275 663 1286 683 ‚
1328 636 1371 672 et
1410 627 1465 671 de

71 701 380 747 commixtione
403 701 619 747 malorum
640 717 742 747 cum
765 701 890 746 bonis
911 701 957 745 in
975 700 1129 745 eadem
1156 698 1466 744 communione

73 772 330 816 sacramenti
352 793 363 830 3
387 773 499 817 sicut
522 773 657 817 Judas
687 773 742 817 ab
764 771 889 816 initio
912 771 1052 816 malus
1081 771 1195 814 inter
1219 771 1354 814 bonos
1382 783 1466 812 un-

74 841 216 887 decim
234 852 512 888 conversatus
529 852 593 887 est
614 862 622 888 :
644 852 687 887 et
709 841 764 886 de
788 843 1003 887 bonorum
1026 841 1271 901 paucitate,
1290 848 1466 898 propter

74 912 290 958 malorum
310 914 503 974 plurium
525 914 894 973 comparationem
915 934 926 971 3
945 923 988 957 et
1010 927 1156 957 rursus
1181 910 1234 955 de
1249 911 1466 955 bonorum

44 978 50 982 ’
74 983 356 1028 multitudine
377 1000 454 1044 per
469 999 513 1029 se
530 985 666 1044 ipsam
688 983 975 1029 considerata.
998 986 1064 1028 Ex
1087 983 1268 1044 quibus,
1295 996 1349 1025 ne
1365 980 1466 1024 lon-

75 1068 178 1112 gum
201 1054 379 1110 faciam,
405 1071 543 1116 pauca
564 1071 875 1100 commemoro.
904 1058 979 1099 Est
999 1055 1045 1098 in
1063 1052 1466 1099 Canticiscantico-

74 1139 169 1169 rum
185 1159 196 1179 ‚
225 1124 346 1185 quod
368 1125 423 1170 de
443 1135 587 1170 sancta
610 1124 804 1171 Ecclesia
827 1125 993 1170 dictum
1016 1125 1156 1169 omnis
1184 1122 1457 1169 Christianus

74 1195 268 1254 agnoscit
294 1215 302 1240 ε
335 1216 354 1237 «
381 1196 502 1242 Sicut
524 1195 664 1240 lilium
683 1196 727 1240 in
751 1195 894 1240 medio
920 1196 1160 1255 spinarum,
1187 1193 1245 1237 ita
1268 1191 1465 1252 proxima

78 1284 98 1307 »
122 1281 217 1311 mea
242 1268 286 1311 in
316 1267 460 1312 medio
494 1267 682 1312 filiarum
710 1269 741 1310 ¹.
771 1285 791 1308 »
820 1268 946 1311 Unde
972 1265 1162 1326 appellat
1188 1264 1353 1324 spinas,
1387 1261 1467 1306 nisi

76 1346 253 1398 propter
271 1338 586 1398 malignitatem
604 1340 807 1382 morum?
830 1341 887 1382 Et
909 1338 1080 1382 easdem
1102 1335 1220 1380 unde
1242 1335 1366 1389 filias,
1386 1333 1466 1377 nisi

74 1417 252 1468 propter
274 1410 630 1454 communionem
652 1418 1022 1453 sacramentorum
1044 1409 1060 1449 ἵ
1093 1407 1223 1451 Videt
1242 1406 1373 1450 etiam
1395 1405 1467 1448 hic

74 1480 276 1524 Ezechiel
296 1481 487 1540 signatos
506 1479 720 1541 quosdam
738 1515 748 1535 ,
779 1495 834 1524 ne
857 1494 962 1525 cum
983 1478 1105 1522 malis
1124 1478 1288 1537 pariter
1310 1475 1465 1520 interi-

76 1561 188 1607 rent,
211 1552 267 1596 de
282 1553 443 1612 quibus
458 1553 495 1596 ei
513 1552 672 1596 dicitur
698 1571 707 1596 2
737 1570 757 1593 «
784 1551 868 1604 Qui
886 1559 1066 1609 gemunt
1083 1558 1126 1593 et
1148 1556 1335 1592 moerent
1363 1561 1467 1606 pec-

81 1639 101 1663 »
129 1631 222 1667 cata
251 1632 295 1667 et
327 1622 577 1682 iniquitates
604 1621 755 1681 populi
778 1622 879 1676 mei,
906 1620 1142 1681 quaefiunt
1166 1619 1211 1662 in
1228 1617 1373 1662 medio
1394 1632 1467 1661 eo-

77 1692 465 1752 rum2.»Populum
488 1703 617 1737 stium
636 1708 724 1736 non
747 1692 927 1745 diceret,
953 1705 1084 1751 quem
1107 1689 1206 1734 solis
1223 1688 1307 1732 illis
1327 1686 1469 1731 iliaesis

79 1763 218 1822 perire
241 1770 340 1808 m0x
357 1764 500 1824 jubet,
524 1763 605 1807 nisi
626 1778 727 1807 eum
750 1761 962 1822 populum
986 1761 1061 1821 qui
1091 1761 1181 1820 ejus
1200 1766 1470 1803 sacramenta

79 1833 288 1892 gestabat.
329 1833 438 1878 Dicit
470 1843 513 1878 et
547 1834 758 1878 Dominus
794 1833 849 1877 de
878 1831 1229 1891 superseminatis
1264 1829 1434 1874 zizaniis
1455 1862 1466 1883 ‚

83 1920 101 1942 α
135 1903 270 1948 Sinite
289 1912 475 1964 utraque
496 1919 686 1948 crescere
708 1918 847 1963 usque
880 1902 935 1946 ad
970 1917 1150 1946 messem
1173 1902 1189 1927 ³
1219 1920 1229 1946 2
1257 1919 1276 1941 »
1309 1899 1353 1943 id
1375 1908 1467 1953 est,

79 1973 276 2018 triticum
311 1984 354 2019 et
381 1975 559 2019 zizania.
586 1978 643 2019 Et
664 1975 755 2033 ipse
771 1975 1083 2033 interpretatur
1105 1987 1310 2024 messem,
1341 1971 1472 2013 finem

12 2075 16 2093 t
79 2059 169 2088 esse
191 2044 338 2089 saeculi
365 2067 375 2103 3
400 2061 554 2105 agrum
584 2061 708 2099 vero,
734 2045 810 2088 ubi
841 2054 1078 2103 utrumque
1107 2044 1368 2087 seminatum
1387 2050 1472 2095 est,

80 2114 296 2159 mundum
320 2131 424 2160 esse.
453 2118 640 2175 Oportet
661 2116 809 2176 itaque
827 2131 965 2174 usque
982 2115 1026 2158 in
1044 2115 1175 2157 finem
1199 2112 1345 2157 saeculi
1368 2126 1476 2155 cres-

12 2210 17 2223 ·
80 2201 176 2231 cere
197 2196 434 2248 utrumque
452 2203 529 2247 per
548 2186 1021 2246 mundum Undejam
1047 2200 1134 2229 non
1160 2185 1475 2243 permittuntur

14 2272 16 2275 ·
79 2257 148 2302 isti
171 2258 390 2318 suspicari,
413 2267 488 2302 aut
510 2272 695 2302 asserere
713 2256 832 2317 quod
854 2257 1010 2301 dicunt
1027 2291 1037 2309 ‚
1063 2270 1214 2300 omnes
1238 2255 1374 2298 bonos
1396 2252 1477 2296 de-

14 2342 15 2347 *
82 2326 232 2373 fecisse
264 2329 319 2374 de
349 2328 516 2373 mundo
534 2363 545 2382 ‚
586 2337 635 2372 ut
657 2329 701 2371 in
723 2327 811 2371 sola
841 2336 963 2386 parte
990 2326 1144 2370 Donati
1181 2332 1472 2368 remanerent.

83 2400 309 2444 Conantur
340 2400 456 2443 enim
490 2408 640 2443 contra
673 2398 982 2457 apertissimam
1023 2395 1283 2440 sententiam
1307 2393 1480 2438 Domini

85 2468 268 2515 dicentis
294 2489 302 2515 ε
330 2489 350 2512 «
372 2473 484 2529 Ager
501 2478 565 2513 est
582 2470 651 2513 hic
670 2468 860 2513 mundus
883 2487 891 2512 :
911 2477 969 2521 et,
998 2467 1134 2512 Sinite
1154 2475 1338 2526 utraque
1360 2480 1476 2510 cres-

136 2561 145 2579 ¹
165 2557 256 2589 Cant.
278 2566 315 2597 ii,
333 2564 365 2588 2.
385 2571 426 2578 —-
442 2561 454 2578 ²
475 2554 593 2588 Ezech.
613 2564 659 2595 ix,
679 2553 712 2595 4.
727 2551 796 2577 —3
815 2551 937 2585 Matth.
957 2562 1027 2593 xm,
1048 2551 1103 2585 30.
