1825 3264
329 332 410 370 470
765 337 796 367 s.
834 337 1061 368 Aucus'rnu
1096 334 1274 366 zmscort

330 418 399 450 tur
414 414 573 450 tantam
591 404 872 449 commovisse
887 403 1229 461 indignationem
1249 401 1457 460 sacrilego
1477 403 1705 446 schismate

327 484 600 535 perpetrato,
634 485 683 518 ut
714 489 794 517 nec
829 474 960 533 ipsius
1003 473 1263 527 Maximiani,
1295 487 1375 516 nec
1405 470 1704 517 ordinatorum

328 547 418 605 ejus
437 547 526 604 jam
550 553 659 588 esset
681 544 861 587 ulterius
881 541 1122 587 differenda
1143 541 1378 585 damnatio.

384 617 460 658 IX.
496 616 599 657 Haec
633 628 732 657 cum
762 614 818 656 ita
846 614 946 667 sint,
979 627 1068 656 non
1094 626 1170 655 vos
1192 620 1336 656 tamen
1366 625 1446 670 pro
1472 609 1706 655 Caeciliano

323 685 423 729 talia
445 693 714 743 permovent,
735 692 884 727 contra
902 696 1032 742 quem
1051 690 1298 725 manentem
1316 689 1359 725 et
1378 679 1542 739 populo
1559 679 1707 739 praesi-

324 753 517 807 dentem,
543 763 685 797 erecto
708 752 830 796 altari
850 761 1000 796 contra
1020 751 1169 803 altare,
1195 749 1420 794 ordinatus
1441 759 1505 793 est
1527 749 1707 808 Majori-

324 839 420 867 nus.
446 825 608 867 Contra
635 837 765 882 quem
793 837 881 866 non
903 837 925 864 a
947 821 1069 865 vobis
1089 820 1194 874 duo,
1218 820 1330 863 sicut
1351 828 1501 864 contra
1525 818 1708 862 Primia-

325 908 430 935 num
465 907 487 935 a
520 891 945 944 maximianensibus,
977 889 1053 933 sed
1081 904 1218 932 unum
1251 886 1470 947 profertur
1490 887 1707 947 judicium

324 961 553 1005 horrendae
580 961 828 1004 temeritatis
854 959 1128 1003 festinatione
1160 957 1461 1002 acceleratum.
1483 958 1568 1010 Qui
1599 972 1707 1012 non,

325 1031 435 1074 sicut
460 1030 720 1082 Primianus,
748 1028 890 1072 noluit
912 1027 966 1071 ad
987 1043 1030 1071 se
1053 1027 1200 1070 venire
1223 1026 1424 1084 collegas,
1450 1025 1526 1070 sed
1548 1025 1710 1070 invita-

326 1100 387 1143 vit
418 1099 561 1157 potius
596 1107 643 1141 ut
675 1099 868 1140 venirent
894 1118 905 1153 3
929 1097 1048 1156 quod
1073 1111 1154 1140 nec
1176 1096 1256 1154 ipsi
1278 1097 1322 1139 in
1345 1097 1411 1140 sui
1432 1094 1602 1140 concilii
1629 1093 1710 1139 de-

327 1178 445 1213 creto
477 1168 597 1228 quod
632 1177 783 1212 contra
815 1183 915 1211 eum
947 1166 1255 1220 condiderunt,
1287 1176 1428 1211 tacere
1451 1175 1708 1226 potuerunt.

328 1241 412 1282 Pro
434 1253 523 1297 quo
545 1253 631 1281 non
656 1253 810 1292 unum,
835 1238 945 1281 sicut
969 1253 1046 1295 pro
1070 1237 1310 1291 Primiano,
1341 1235 1416 1280 sed
1444 1245 1633 1296 quatuor
1649 1239 1711 1294 (7)

327 1308 561 1367 posteriora
576 1307 740 1366 judicia
761 1309 1012 1351 recitantur.
1030 1307 1149 1366 Ejus,
1165 1322 1254 1350 non
1267 1307 1481 1361 absentes,
1499 1307 1610 1351 sicut
1623 1306 1712 1350 Pri-

328 1377 462 1420 miani
487 1412 499 1430 ‚
522 1378 597 1421 sed
619 1387 849 1435 praesentes
866 1386 967 1420 sunt
983 1377 1214 1420 adversarii
1232 1375 1445 1420 confutati
1464 1411 1476 1431 ,
1500 1375 1618 1436 apud
1640 1391 1712 1421 eos

325 1446 514 1505 judices,
544 1447 589 1489 in
620 1462 729 1505 quos
759 1447 1027 1505 judicaturos
1061 1455 1393 1496 consenserunt;
1426 1445 1543 1504 apud
1570 1445 1713 1504 ipsum

330 1517 458 1559 etiam
495 1517 796 1574 imperatorem
829 1517 1182 1569 Constantinum,
1216 1514 1333 1574 apud
1364 1531 1495 1574 quem
1522 1515 1714 1574 primum

330 1586 608 1630 Caecilianum
646 1596 957 1631 accusaverunt
980 1621 990 1641 ,
1019 1586 1135 1645 apud
1159 1601 1291 1645 quem
1313 1595 1461 1644 postea
1483 1585 1538 1629 de
1555 1584 1715 1646 judici-

332 1656 414 1698 bus
438 1656 646 1713 episcopis
664 1690 674 1709 ,
701 1672 723 1699 a
746 1657 905 1714 quibus
931 1656 1005 1699 ille
1027 1657 1162 1714 ipsam
1184 1671 1356 1700 causam
1379 1655 1518 1700 voluit
1539 1654 1710 1710 audiri,

335 1732 540 1781 tanquam
575 1740 661 1767 non
701 1735 815 1768 recte
837 1725 1136 1784 judicantibus
1168 1727 1309 1784 questi
1339 1733 1466 1782 sunt,
1501 1725 1555 1770 ad
1582 1739 1714 1785 quem

333 1808 479 1837 rursus
513 1795 566 1837 ab
596 1795 730 1839 altero
753 1795 983 1854 episcopali
1009 1795 1174 1855 judicio
1210 1805 1514 1853 provocarunt,
1549 1806 1598 1841 ut
1620 1796 1714 1854 ipso

333 1863 460 1905 etiam
503 1874 600 1920 post
640 1879 775 1906 unum
803 1874 846 1907 et
878 1863 1061 1907 alterum
1090 1864 1330 1923 episcopale
1359 1864 1573 1924 judicium
1602 1865 1716 1908 inter

333 1942 475 1990 partes
515 1943 802 1991 cognoscente
842 1944 1148 1992 superarentur
1180 1953 1188 1979 :
1213 1950 1400 1994 quorum
1443 1950 1531 1979 non
1574 1933 1716 1979 defuit

333 2001 461 2044 etiam
486 2011 637 2060 quarta
671 2003 900 2046 convictio.
939 2006 1044 2048 Nam
1079 2019 1178 2047 cum
1208 2004 1251 2047 in
1283 2003 1502 2048 Caeciliani
1531 2005 1714 2063 propriis

334 2071 586 2114 criminibus
609 2072 939 2116 calumniatores
962 2073 1123 2116 inventi
1146 2073 1342 2128 fuissent,
1367 2082 1411 2117 et
1432 2074 1470 2116 ei
1488 2074 1542 2117 de
1560 2072 1714 2118 Felicis

333 2141 626 2197 Aptugnensis
648 2141 904 2185 ordinatoris
926 2145 1016 2201 ejus
1039 2142 1271 2187 traditione
1290 2144 1572 2202 quaestionem
1594 2144 1715 2188 intu-
1758 2139 1762 2142 ’

334 2206 496 2261 Essent,
521 2209 636 2252 Felix
655 2211 781 2254 etiam
801 2211 891 2269 ipse
910 2221 1116 2270 purgatus
1134 2222 1198 2256 est
1214 2212 1510 2271 proconsulari
1528 2212 1712 2272 judicio,

333 2275 483 2319 eodem
496 2277 587 2336 ipso
600 2281 901 2333 Constantino,
921 2290 970 2323 ut
991 2297 1116 2324 causa
1131 2283 1220 2340 ejus
1235 2280 1538 2336 discuteretur,
1550 2283 1715 2341 juben-

334 2354 375 2388 te
392 2380 401 2398 ,
431 2362 560 2405 quem
592 2347 653 2390 illi
682 2349 859 2392 assiduis
887 2350 1304 2409 interpellationibus
1328 2350 1584 2410 fatigabant.
1611 2354 1715 2398 Haec

331 2416 685 2461 Maximianenses
704 2417 908 2463 adversus
934 2420 1200 2464 Primianum
1220 2436 1308 2464 non
1325 2430 1612 2465 exercuerunt
1627 2437 1714 2467 ma-

333 2483 389 2537 la,
410 2501 488 2529 nec
503 2487 627 2530 toties
644 2488 743 2531 victi
762 2498 862 2532 sunt
877 2523 887 2543 ,
909 2505 987 2533 nec
1003 2500 1233 2549 praesentes
1246 2491 1349 2535 victi
1362 2500 1463 2535 sunt
1475 2526 1486 2545 ‚
1504 2506 1584 2535 nec
1595 2492 1714 2551 apud

332 2568 418 2605 ρος,
447 2571 554 2613 quos
572 2557 651 2614 ipsi
669 2558 909 2616 elegerunt,
926 2559 1091 2619 judices
1108 2561 1208 2604 victi
1226 2570 1326 2605 sunt
1343 2579 1351 2605 z
1368 2570 1411 2605 et
1429 2570 1573 2605 tamen
1590 2563 1712 2622 quod

331 2621 604 2666 manifestum
630 2636 692 2668 est
717 2661 726 2678 ,
753 2628 829 2684 ipsi
851 2643 873 2671 a
897 2638 1035 2672 vestra
1058 2630 1364 2674 communione
1384 2631 1565 2674 schisma
1589 2630 1708 2675 fece—
