<?xml version="1.0" encoding="UTF-8"?>
<!DOCTYPE html PUBLIC "-//W3C//DTD XHTML 1.0 Transitional//EN"
    "http://www.w3.org/TR/xhtml1/DTD/xhtml1-transitional.dtd">
<html xmlns="http://www.w3.org/1999/xhtml" xml:lang="en" lang="en">
 <head>
  <title>
</title>
<meta http-equiv="Content-Type" content="text/html;charset=utf-8" />
  <meta name='ocr-system' content='tesseract 3.04.00' />
  <meta name='ocr-capabilities' content='ocr_page ocr_carea ocr_par ocr_line ocrx_word'/>
</head>
<body>
  <div class='ocr_page' id='page_1' title='image "./operaomniaaccura32auguuoft_0291.png"; bbox 0 0 1825 3264; ppageno 0'>
   <div class='ocr_carea' id='block_1_1' title="bbox 528 262 1473 303">
    <p class='ocr_par' dir='ltr' id='par_1_1' title="bbox 528 262 1473 303">
     <span class='ocr_line' id='line_1_1' title="bbox 528 262 1473 303; baseline 0.001 -2"><span class='ocrx_word' id='word_1_1' title='bbox 528 275 582 302; x_wconf 84' lang='lat' dir='ltr'>m.</span> <span class='ocrx_word' id='word_1_2' title='bbox 615 272 803 302; x_wconf 64' lang='lat' dir='ltr'>rmum</span> <span class='ocrx_word' id='word_1_3' title='bbox 837 275 1050 302; x_wconf 72' lang='lat' dir='ltr'>Eccmzsm.</span> <span class='ocrx_word' id='word_1_4' title='bbox 1394 262 1473 303; x_wconf 74' lang='lat'>281</span> 
     </span>
    </p>
   </div>
   <div class='ocr_carea' id='block_1_2' title="bbox 88 339 1491 2661">
    <p class='ocr_par' dir='ltr' id='par_1_2' title="bbox 88 339 1491 2661">
     <span class='ocr_line' id='line_1_2' title="bbox 94 339 1480 401; baseline -0.001 -15"><span class='ocrx_word' id='word_1_5' title='bbox 94 341 376 401; x_wconf 87' lang='lat' dir='ltr'>deputantur.</span> <span class='ocrx_word' id='word_1_6' title='bbox 411 342 532 385; x_wconf 88' lang='lat' dir='ltr'>Hanc</span> <span class='ocrx_word' id='word_1_7' title='bbox 564 341 685 385; x_wconf 90' lang='lat' dir='ltr'>vobis</span> <span class='ocrx_word' id='word_1_8' title='bbox 724 339 1000 385; x_wconf 87' lang='lat' dir='ltr'>dilectionem</span> <span class='ocrx_word' id='word_1_9' title='bbox 1045 341 1207 385; x_wconf 91' lang='lat' dir='ltr'>debent</span> <span class='ocrx_word' id='word_1_10' title='bbox 1247 341 1480 386; x_wconf 85' lang='lat' dir='ltr'>Christiani</span> 
     </span>
     <span class='ocr_line' id='line_1_3' title="bbox 93 410 1482 471; baseline 0 -15"><span class='ocrx_word' id='word_1_11' title='bbox 93 410 294 456; x_wconf 85' lang='lat' dir='ltr'>catholici</span> <span class='ocrx_word' id='word_1_12' title='bbox 313 413 616 470; x_wconf 83' lang='lat' dir='ltr'><strong>Imperatores,</strong></span> <span class='ocrx_word' id='word_1_13' title='bbox 628 420 677 456; x_wconf 91' lang='lat' dir='ltr'>ut</span> <span class='ocrx_word' id='word_1_14' title='bbox 690 410 909 468; x_wconf 86' lang='lat' dir='ltr'>sacrilegia</span> <span class='ocrx_word' id='word_1_15' title='bbox 926 419 1083 465; x_wconf 89' lang='lat' dir='ltr'>vestra,</span> <span class='ocrx_word' id='word_1_16' title='bbox 1098 420 1141 455; x_wconf 91' lang='lat' dir='ltr'>et</span> <span class='ocrx_word' id='word_1_17' title='bbox 1158 421 1336 471; x_wconf 88' lang='lat' dir='ltr'>propter</span> <span class='ocrx_word' id='word_1_18' title='bbox 1346 411 1482 456; x_wconf 87' lang='lat' dir='ltr'>chris-</span> 
     </span>
     <span class='ocr_line' id='line_1_4' title="bbox 92 481 1483 542; baseline 0 -16"><span class='ocrx_word' id='word_1_19' title='bbox 92 483 252 526; x_wconf 87' lang='lat' dir='ltr'>tianam</span> <span class='ocrx_word' id='word_1_20' title='bbox 284 481 664 527; x_wconf 88' lang='lat' dir='ltr'>mansuetudinem</span> <span class='ocrx_word' id='word_1_21' title='bbox 693 498 783 527; x_wconf 88' lang='lat' dir='ltr'>non</span> <span class='ocrx_word' id='word_1_22' title='bbox 805 497 884 542; x_wconf 88' lang='lat' dir='ltr'>pro</span> <span class='ocrx_word' id='word_1_23' title='bbox 908 482 1062 526; x_wconf 87' lang='lat' dir='ltr'>merito</span> <span class='ocrx_word' id='word_1_24' title='bbox 1085 481 1304 541; x_wconf 89' lang='lat' dir='ltr'>punienda</span> <span class='ocrx_word' id='word_1_25' title='bbox 1332 482 1483 527; x_wconf 89' lang='lat' dir='ltr'>decer-</span> 
     </span>
     <span class='ocr_line' id='line_1_5' title="bbox 92 552 1482 613; baseline 0 -16"><span class='ocrx_word' id='word_1_26' title='bbox 92 562 222 608; x_wconf 85' lang='lat' dir='ltr'>nant,</span> <span class='ocrx_word' id='word_1_27' title='bbox 249 562 291 598; x_wconf 89' lang='lat' dir='ltr'>et</span> <span class='ocrx_word' id='word_1_28' title='bbox 317 563 495 613; x_wconf 88' lang='lat' dir='ltr'>propter</span> <span class='ocrx_word' id='word_1_29' title='bbox 524 554 800 599; x_wconf 77' lang='lat' dir='ltr'>christianam</span> <span class='ocrx_word' id='word_1_30' title='bbox 831 552 1165 598; x_wconf 89' lang='lat' dir='ltr'>sollicitudinem</span> <span class='ocrx_word' id='word_1_31' title='bbox 1188 569 1277 598; x_wconf 91' lang='lat' dir='ltr'>non</span> <span class='ocrx_word' id='word_1_32' title='bbox 1303 555 1482 598; x_wconf 90' lang='lat' dir='ltr'>omnino</span> 
     </span>
     <span class='ocr_line' id='line_1_6' title="bbox 93 624 1483 684; baseline 0 -16"><span class='ocrx_word' id='word_1_33' title='bbox 93 624 307 684; x_wconf 89' lang='lat' dir='ltr'>impunita</span> <span class='ocrx_word' id='word_1_34' title='bbox 350 624 588 669; x_wconf 86' lang='lat' dir='ltr'>dimittant.</span> <span class='ocrx_word' id='word_1_35' title='bbox 623 627 717 670; x_wconf 88' lang='lat' dir='ltr'>Hoc</span> <span class='ocrx_word' id='word_1_36' title='bbox 752 624 796 668; x_wconf 91' lang='lat' dir='ltr'>in</span> <span class='ocrx_word' id='word_1_37' title='bbox 840 624 898 668; x_wconf 89' lang='lat' dir='ltr'>eis</span> <span class='ocrx_word' id='word_1_38' title='bbox 938 626 1051 668; x_wconf 89' lang='lat' dir='ltr'>Deus</span> <span class='ocrx_word' id='word_1_39' title='bbox 1084 633 1290 683; x_wconf 80' lang='lat' dir='ltr'>operatur</span> <span class='ocrx_word' id='word_1_40' title='bbox 1309 659 1320 678; x_wconf 97' lang='lat'>,</span> <span class='ocrx_word' id='word_1_41' title='bbox 1360 625 1483 683; x_wconf 87' lang='lat' dir='ltr'>cujus</span> 
     </span>
     <span class='ocr_line' id='line_1_7' title="bbox 93 692 1483 754; baseline -0.001 -16"><span class='ocrx_word' id='word_1_42' title='bbox 93 693 428 752; x_wconf 86' lang='lat' dir='ltr'>misericordiam</span> <span class='ocrx_word' id='word_1_43' title='bbox 445 696 572 740; x_wconf 87' lang='lat' dir='ltr'>etiam</span> <span class='ocrx_word' id='word_1_44' title='bbox 596 695 642 739; x_wconf 91' lang='lat' dir='ltr'>in</span> <span class='ocrx_word' id='word_1_45' title='bbox 659 696 726 739; x_wconf 90' lang='lat' dir='ltr'>his</span> <span class='ocrx_word' id='word_1_46' title='bbox 744 693 950 739; x_wconf 89' lang='lat' dir='ltr'>molestiis</span> <span class='ocrx_word' id='word_1_47' title='bbox 965 729 976 748; x_wconf 91' lang='lat'>,</span> <span class='ocrx_word' id='word_1_48' title='bbox 1000 692 1055 737; x_wconf 89' lang='lat' dir='ltr'>de</span> <span class='ocrx_word' id='word_1_49' title='bbox 1076 694 1238 753; x_wconf 88' lang='lat' dir='ltr'>quibus</span> <span class='ocrx_word' id='word_1_50' title='bbox 1251 695 1483 754; x_wconf 89' lang='lat' dir='ltr'>conqueri·</span> 
     </span>
     <span class='ocr_line' id='line_1_8' title="bbox 91 765 1485 826; baseline 0.001 -18"><span class='ocrx_word' id='word_1_51' title='bbox 91 766 221 820; x_wconf 90' lang='lat' dir='ltr'>mini,</span> <span class='ocrx_word' id='word_1_52' title='bbox 247 781 334 810; x_wconf 91' lang='lat' dir='ltr'>non</span> <span class='ocrx_word' id='word_1_53' title='bbox 353 766 484 810; x_wconf 88' lang='lat' dir='ltr'>vultis</span> <span class='ocrx_word' id='word_1_54' title='bbox 508 781 737 826; x_wconf 82' lang='lat' dir='ltr'>agnocere.</span> <span class='ocrx_word' id='word_1_55' title='bbox 763 769 848 811; x_wconf 91' lang='lat' dir='ltr'>Nos</span> <span class='ocrx_word' id='word_1_56' title='bbox 874 774 1038 820; x_wconf 87' lang='lat' dir='ltr'>autem,</span> <span class='ocrx_word' id='word_1_57' title='bbox 1064 774 1279 826; x_wconf 89' lang='lat' dir='ltr'>quantum</span> <span class='ocrx_word' id='word_1_58' title='bbox 1300 766 1344 809; x_wconf 93' lang='lat' dir='ltr'>in</span> <span class='ocrx_word' id='word_1_59' title='bbox 1361 765 1485 810; x_wconf 90' lang='lat' dir='ltr'>nobis</span> 
     </span>
     <span class='ocr_line' id='line_1_9' title="bbox 91 836 1486 897; baseline 0.001 -19"><span class='ocrx_word' id='word_1_60' title='bbox 91 843 180 890; x_wconf 93' lang='lat' dir='ltr'>est,</span> <span class='ocrx_word' id='word_1_61' title='bbox 200 845 415 896; x_wconf 88' lang='lat' dir='ltr'>quantum</span> <span class='ocrx_word' id='word_1_62' title='bbox 449 837 660 882; x_wconf 87' lang='lat' dir='ltr'>Dominus</span> <span class='ocrx_word' id='word_1_63' title='bbox 693 836 829 882; x_wconf 91' lang='lat' dir='ltr'>donat</span> <span class='ocrx_word' id='word_1_64' title='bbox 851 846 983 897; x_wconf 88' lang='lat' dir='ltr'>atque</span> <span class='ocrx_word' id='word_1_65' title='bbox 1006 836 1240 896; x_wconf 90' lang='lat' dir='ltr'>permittit,</span> <span class='ocrx_word' id='word_1_66' title='bbox 1265 851 1346 880; x_wconf 90' lang='lat' dir='ltr'>nec</span> <span class='ocrx_word' id='word_1_67' title='bbox 1373 837 1486 895; x_wconf 90' lang='lat' dir='ltr'>ipsas</span> 
     </span>
     <span class='ocr_line' id='line_1_10' title="bbox 91 904 1487 966; baseline 0 -16"><span class='ocrx_word' id='word_1_68' title='bbox 91 904 207 966; x_wconf 85' lang='lat' dir='ltr'>leges</span> <span class='ocrx_word' id='word_1_69' title='bbox 233 906 465 952; x_wconf 77' lang='lat' dir='ltr'>lenissimae</span> <span class='ocrx_word' id='word_1_70' title='bbox 498 908 773 953; x_wconf 73' lang='lat' dir='ltr'>coercitionis</span> <span class='ocrx_word' id='word_1_71' title='bbox 797 907 1001 953; x_wconf 91' lang='lat' dir='ltr'>adversus</span> <span class='ocrx_word' id='word_1_72' title='bbox 1022 923 1098 953; x_wconf 92' lang='lat' dir='ltr'>vos</span> <span class='ocrx_word' id='word_1_73' title='bbox 1120 921 1348 952; x_wconf 87' lang='lat' dir='ltr'>movemus</span> <span class='ocrx_word' id='word_1_74' title='bbox 1366 941 1377 960; x_wconf 96' lang='lat'>,</span> <span class='ocrx_word' id='word_1_75' title='bbox 1406 907 1487 950; x_wconf 89' lang='lat' dir='ltr'>nisi</span> 
     </span>
     <span class='ocr_line' id='line_1_11' title="bbox 91 976 1487 1039; baseline 0.001 -19"><span class='ocrx_word' id='word_1_76' title='bbox 91 985 142 1020; x_wconf 91' lang='lat' dir='ltr'>ut</span> <span class='ocrx_word' id='word_1_77' title='bbox 160 976 348 1022; x_wconf 83' lang='lat' dir='ltr'>Ecclesia</span> <span class='ocrx_word' id='word_1_78' title='bbox 369 979 582 1023; x_wconf 87' lang='lat' dir='ltr'>catholica</span> <span class='ocrx_word' id='word_1_79' title='bbox 595 1014 606 1034; x_wconf 94' lang='lat'>,</span> <span class='ocrx_word' id='word_1_80' title='bbox 632 987 810 1039; x_wconf 86' lang='lat' dir='ltr'>propter</span> <span class='ocrx_word' id='word_1_81' title='bbox 831 979 1106 1023; x_wconf 89' lang='lat' dir='ltr'>infirmorum</span> <span class='ocrx_word' id='word_1_82' title='bbox 1120 976 1396 1036; x_wconf 86' lang='lat' dir='ltr'>fragilitatem</span> <span class='ocrx_word' id='word_1_83' title='bbox 1409 1011 1419 1031; x_wconf 99' lang='lat'>,</span> <span class='ocrx_word' id='word_1_84' title='bbox 1437 986 1487 1021; x_wconf 88' lang='lat' dir='ltr'>ut</span> 
     </span>
     <span class='ocr_line' id='line_1_12' title="bbox 90 1047 1482 1110; baseline 0 -19"><span class='ocrx_word' id='word_1_85' title='bbox 90 1048 149 1091; x_wconf 91' lang='lat' dir='ltr'>eis</span> <span class='ocrx_word' id='word_1_86' title='bbox 169 1047 297 1093; x_wconf 88' lang='lat' dir='ltr'>liceat</span> <span class='ocrx_word' id='word_1_87' title='bbox 319 1050 410 1093; x_wconf 88' lang='lat' dir='ltr'>sine</span> <span class='ocrx_word' id='word_1_88' title='bbox 431 1050 586 1094; x_wconf 88' lang='lat' dir='ltr'>timore</span> <span class='ocrx_word' id='word_1_89' title='bbox 608 1051 772 1109; x_wconf 82' lang='lat' dir='ltr'>erigere</span> <span class='ocrx_word' id='word_1_90' title='bbox 798 1049 904 1110; x_wconf 89' lang='lat' dir='ltr'>quid</span> <span class='ocrx_word' id='word_1_91' title='bbox 932 1059 1109 1094; x_wconf 87' lang='lat' dir='ltr'>teneant</span> <span class='ocrx_word' id='word_1_92' title='bbox 1132 1048 1200 1093; x_wconf 88' lang='lat' dir='ltr'>vel</span> <span class='ocrx_word' id='word_1_93' title='bbox 1225 1057 1482 1108; x_wconf 90' lang='lat' dir='ltr'>sequantur,</span> 
     </span>
     <span class='ocr_line' id='line_1_13' title="bbox 89 1119 1486 1181; baseline 0 -18"><span class='ocrx_word' id='word_1_94' title='bbox 89 1134 113 1163; x_wconf 88' lang='lat' dir='ltr'>a</span> <span class='ocrx_word' id='word_1_95' title='bbox 135 1121 286 1163; x_wconf 90' lang='lat' dir='ltr'>vestris</span> <span class='ocrx_word' id='word_1_96' title='bbox 305 1121 546 1165; x_wconf 90' lang='lat' dir='ltr'>terroribus</span> <span class='ocrx_word' id='word_1_97' title='bbox 563 1121 700 1166; x_wconf 84' lang='lat' dir='ltr'>libera</span> <span class='ocrx_word' id='word_1_98' title='bbox 730 1130 959 1181; x_wconf 84' lang='lat' dir='ltr'>praestetur</span> <span class='ocrx_word' id='word_1_99' title='bbox 984 1141 992 1166; x_wconf 90' lang='lat'>:</span> <span class='ocrx_word' id='word_1_100' title='bbox 1024 1130 1074 1165; x_wconf 93' lang='lat' dir='ltr'>ut</span> <span class='ocrx_word' id='word_1_101' title='bbox 1101 1121 1136 1165; x_wconf 92' lang='lat' dir='ltr'>si</span> <span class='ocrx_word' id='word_1_102' title='bbox 1161 1119 1326 1180; x_wconf 89' lang='lat' dir='ltr'>aliquid</span> <span class='ocrx_word' id='word_1_103' title='bbox 1357 1120 1486 1164; x_wconf 89' lang='lat' dir='ltr'>vestri</span> 
     </span>
     <span class='ocr_line' id='line_1_14' title="bbox 89 1188 1486 1251; baseline 0 -19"><span class='ocrx_word' id='word_1_104' title='bbox 89 1188 135 1232; x_wconf 88' lang='lat' dir='ltr'>in</span> <span class='ocrx_word' id='word_1_105' title='bbox 152 1198 320 1234; x_wconf 90' lang='lat' dir='ltr'>nostros</span> <span class='ocrx_word' id='word_1_106' title='bbox 344 1190 553 1236; x_wconf 88' lang='lat' dir='ltr'>violenter</span> <span class='ocrx_word' id='word_1_107' title='bbox 580 1192 778 1246; x_wconf 85' lang='lat' dir='ltr'>fecerint,</span> <span class='ocrx_word' id='word_1_108' title='bbox 805 1200 909 1236; x_wconf 86' lang='lat' dir='ltr'>tunc</span> <span class='ocrx_word' id='word_1_109' title='bbox 929 1207 1020 1245; x_wconf 91' lang='lat' dir='ltr'>vos,</span> <span class='ocrx_word' id='word_1_110' title='bbox 1045 1206 1155 1251; x_wconf 90' lang='lat' dir='ltr'>quos</span> <span class='ocrx_word' id='word_1_111' title='bbox 1177 1200 1387 1250; x_wconf 88' lang='lat' dir='ltr'>tanquam</span> <span class='ocrx_word' id='word_1_112' title='bbox 1406 1189 1486 1233; x_wconf 92' lang='lat' dir='ltr'>ob-</span> 
     </span>
     <span class='ocr_line' id='line_1_15' title="bbox 92 1259 1491 1321; baseline 0.001 -18"><span class='ocrx_word' id='word_1_113' title='bbox 92 1259 202 1304; x_wconf 88' lang='lat' dir='ltr'>sides</span> <span class='ocrx_word' id='word_1_114' title='bbox 222 1261 267 1305; x_wconf 90' lang='lat' dir='ltr'>in</span> <span class='ocrx_word' id='word_1_115' title='bbox 291 1260 438 1306; x_wconf 81' lang='lat' dir='ltr'>fundis</span> <span class='ocrx_word' id='word_1_116' title='bbox 451 1264 550 1306; x_wconf 88' lang='lat' dir='ltr'>etin</span> <span class='ocrx_word' id='word_1_117' title='bbox 568 1263 817 1307; x_wconf 81' lang='lat' dir='ltr'>civitatibus</span> <span class='ocrx_word' id='word_1_118' title='bbox 838 1263 1064 1317; x_wconf 78' lang='lat' dir='ltr'>habemuS,</span> <span class='ocrx_word' id='word_1_119' title='bbox 1088 1277 1177 1306; x_wconf 90' lang='lat' dir='ltr'>non</span> <span class='ocrx_word' id='word_1_120' title='bbox 1193 1261 1338 1321; x_wconf 90' lang='lat' dir='ltr'>qualia</span> <span class='ocrx_word' id='word_1_121' title='bbox 1352 1260 1491 1305; x_wconf 74' lang='lat' dir='ltr'>ve‘stri</span> 
     </span>
     <span class='ocr_line' id='line_1_16' title="bbox 94 1329 1486 1392; baseline -0.001 -17"><span class='ocrx_word' id='word_1_122' title='bbox 94 1329 278 1387; x_wconf 87' lang='lat' dir='ltr'>faciunt,</span> <span class='ocrx_word' id='word_1_123' title='bbox 294 1332 533 1391; x_wconf 87' lang='lat' dir='ltr'>patiamini,</span> <span class='ocrx_word' id='word_1_124' title='bbox 550 1333 625 1377; x_wconf 82' lang='lat' dir='ltr'>sed</span> <span class='ocrx_word' id='word_1_125' title='bbox 643 1349 719 1392; x_wconf 91' lang='lat' dir='ltr'>per</span> <span class='ocrx_word' id='word_1_126' title='bbox 736 1333 932 1378; x_wconf 85' lang='lat' dir='ltr'>ordinata</span> <span class='ocrx_word' id='word_1_127' title='bbox 944 1333 1108 1392; x_wconf 87' lang='lat' dir='ltr'>judicia</span> <span class='ocrx_word' id='word_1_128' title='bbox 1123 1332 1305 1391; x_wconf 87' lang='lat' dir='ltr'>subjecti</span> <span class='ocrx_word' id='word_1_129' title='bbox 1318 1331 1486 1390; x_wconf 86' lang='lat' dir='ltr'>legibus</span> 
     </span>
     <span class='ocr_line' id='line_1_17' title="bbox 92 1402 1483 1464; baseline -0.001 -19"><span class='ocrx_word' id='word_1_130' title='bbox 92 1402 254 1447; x_wconf 89' lang='lat' dir='ltr'>damno</span> <span class='ocrx_word' id='word_1_131' title='bbox 272 1404 523 1462; x_wconf 86' lang='lat' dir='ltr'>pecuniario</span> <span class='ocrx_word' id='word_1_132' title='bbox 541 1404 769 1464; x_wconf 84' lang='lat' dir='ltr'>vapuletis.</span> <span class='ocrx_word' id='word_1_133' title='bbox 787 1404 915 1457; x_wconf 86' lang='lat' dir='ltr'>Quod</span> <span class='ocrx_word' id='word_1_134' title='bbox 939 1405 972 1448; x_wconf 90' lang='lat' dir='ltr'>si</span> <span class='ocrx_word' id='word_1_135' title='bbox 994 1403 1117 1448; x_wconf 86' lang='lat' dir='ltr'>vobis</span> <span class='ocrx_word' id='word_1_136' title='bbox 1136 1418 1265 1462; x_wconf 84' lang='lat' dir='ltr'>grave</span> <span class='ocrx_word' id='word_1_137' title='bbox 1284 1402 1483 1460; x_wconf 80' lang='lat' dir='ltr'>videtur3</span> 
     </span>
     <span class='ocr_line' id='line_1_18' title="bbox 91 1472 1487 1533; baseline 0.001 -18"><span class='ocrx_word' id='word_1_138' title='bbox 91 1473 220 1517; x_wconf 83' lang='lat' dir='ltr'>vestri</span> <span class='ocrx_word' id='word_1_139' title='bbox 233 1473 356 1517; x_wconf 89' lang='lat' dir='ltr'>nobis</span> <span class='ocrx_word' id='word_1_140' title='bbox 367 1483 563 1533; x_wconf 85' lang='lat' dir='ltr'>parcant,</span> <span class='ocrx_word' id='word_1_141' title='bbox 576 1484 616 1518; x_wconf 90' lang='lat' dir='ltr'>et</span> <span class='ocrx_word' id='word_1_142' title='bbox 631 1475 869 1533; x_wconf 87' lang='lat' dir='ltr'>quiescant.</span> <span class='ocrx_word' id='word_1_143' title='bbox 887 1475 926 1519; x_wconf 92' lang='lat' dir='ltr'>Si</span> <span class='ocrx_word' id='word_1_144' title='bbox 939 1483 1083 1518; x_wconf 89' lang='lat' dir='ltr'>autem</span> <span class='ocrx_word' id='word_1_145' title='bbox 1101 1474 1144 1516; x_wconf 91' lang='lat' dir='ltr'>in</span> <span class='ocrx_word' id='word_1_146' title='bbox 1155 1488 1233 1517; x_wconf 91' lang='lat' dir='ltr'>nos</span> <span class='ocrx_word' id='word_1_147' title='bbox 1245 1487 1333 1516; x_wconf 92' lang='lat' dir='ltr'>non</span> <span class='ocrx_word' id='word_1_148' title='bbox 1347 1472 1487 1532; x_wconf 84' lang='lat' dir='ltr'>quies-</span> 
     </span>
     <span class='ocr_line' id='line_1_19' title="bbox 89 1543 1484 1605; baseline 0 -18"><span class='ocrx_word' id='word_1_149' title='bbox 89 1543 228 1588; x_wconf 89' lang='lat' dir='ltr'>cendo</span> <span class='ocrx_word' id='word_1_150' title='bbox 245 1544 308 1588; x_wconf 90' lang='lat' dir='ltr'>illi</span> <span class='ocrx_word' id='word_1_151' title='bbox 330 1545 514 1588; x_wconf 85' lang='lat' dir='ltr'>saeviunt</span> <span class='ocrx_word' id='word_1_152' title='bbox 531 1580 541 1600; x_wconf 93' lang='lat'>,</span> <span class='ocrx_word' id='word_1_153' title='bbox 559 1546 634 1605; x_wconf 89' lang='lat' dir='ltr'>qui</span> <span class='ocrx_word' id='word_1_154' title='bbox 658 1545 725 1589; x_wconf 90' lang='lat' dir='ltr'>vel</span> <span class='ocrx_word' id='word_1_155' title='bbox 747 1545 829 1589; x_wconf 85' lang='lat' dir='ltr'>sub</span> <span class='ocrx_word' id='word_1_156' title='bbox 852 1545 996 1599; x_wconf 91' lang='lat' dir='ltr'>vobis,</span> <span class='ocrx_word' id='word_1_157' title='bbox 1019 1543 1088 1588; x_wconf 91' lang='lat' dir='ltr'>vel</span> <span class='ocrx_word' id='word_1_158' title='bbox 1108 1544 1334 1588; x_wconf 90' lang='lat' dir='ltr'>vobiscum</span> <span class='ocrx_word' id='word_1_159' title='bbox 1355 1553 1484 1599; x_wconf 75' lang='lat' dir='ltr'>sunt,</span> 
     </span>
     <span class='ocr_line' id='line_1_20' title="bbox 88 1613 1482 1675; baseline 0.001 -18"><span class='ocrx_word' id='word_1_160' title='bbox 88 1613 209 1674; x_wconf 91' lang='lat' dir='ltr'>quod</span> <span class='ocrx_word' id='word_1_161' title='bbox 228 1615 283 1658; x_wconf 90' lang='lat' dir='ltr'>de</span> <span class='ocrx_word' id='word_1_162' title='bbox 304 1615 430 1660; x_wconf 90' lang='lat' dir='ltr'>nobis</span> <span class='ocrx_word' id='word_1_163' title='bbox 460 1616 789 1675; x_wconf 87' lang='lat' dir='ltr'>conqueramini</span> <span class='ocrx_word' id='word_1_164' title='bbox 812 1631 900 1660; x_wconf 89' lang='lat' dir='ltr'>non</span> <span class='ocrx_word' id='word_1_165' title='bbox 924 1616 1091 1660; x_wconf 86' lang='lat' dir='ltr'>habetis</span> <span class='ocrx_word' id='word_1_166' title='bbox 1109 1650 1120 1669; x_wconf 97' lang='lat'>,</span> <span class='ocrx_word' id='word_1_167' title='bbox 1146 1615 1222 1675; x_wconf 92' lang='lat' dir='ltr'>qui</span> <span class='ocrx_word' id='word_1_168' title='bbox 1245 1615 1290 1658; x_wconf 91' lang='lat' dir='ltr'>in</span> <span class='ocrx_word' id='word_1_169' title='bbox 1311 1624 1452 1658; x_wconf 86' lang='lat' dir='ltr'>vestra</span> <span class='ocrx_word' id='word_1_170' title='bbox 1471 1649 1482 1667; x_wconf 94' lang='lat'>,</span> 
     </span>
     <span class='ocr_line' id='line_1_21' title="bbox 88 1683 1484 1745; baseline 0.001 -18"><span class='ocrx_word' id='word_1_171' title='bbox 88 1683 157 1727; x_wconf 91' lang='lat' dir='ltr'>vel</span> <span class='ocrx_word' id='word_1_172' title='bbox 172 1694 412 1729; x_wconf 88' lang='lat' dir='ltr'>vestrorum</span> <span class='ocrx_word' id='word_1_173' title='bbox 438 1695 651 1745; x_wconf 84' lang='lat' dir='ltr'>potestate</span> <span class='ocrx_word' id='word_1_174' title='bbox 674 1686 913 1745; x_wconf 86' lang='lat' dir='ltr'>posuimus,</span> <span class='ocrx_word' id='word_1_175' title='bbox 934 1695 984 1729; x_wconf 89' lang='lat' dir='ltr'>ut</span> <span class='ocrx_word' id='word_1_176' title='bbox 1008 1686 1138 1730; x_wconf 89' lang='lat' dir='ltr'>etiam</span> <span class='ocrx_word' id='word_1_177' title='bbox 1158 1694 1370 1729; x_wconf 88' lang='lat' dir='ltr'>sectantes</span> <span class='ocrx_word' id='word_1_178' title='bbox 1392 1685 1484 1728; x_wconf 89' lang='lat' dir='ltr'>hae-</span> 
     </span>
     <span class='ocr_line' id='line_1_22' title="bbox 88 1755 1482 1817; baseline 0.001 -19"><span class='ocrx_word' id='word_1_179' title='bbox 88 1770 224 1799; x_wconf 89' lang='lat' dir='ltr'>resem</span> <span class='ocrx_word' id='word_1_180' title='bbox 246 1765 427 1801; x_wconf 85' lang='lat' dir='ltr'>vestram</span> <span class='ocrx_word' id='word_1_181' title='bbox 449 1792 460 1812; x_wconf 92' lang='lat'>,</span> <span class='ocrx_word' id='word_1_182' title='bbox 486 1757 606 1802; x_wconf 80' lang='lat' dir='ltr'>nulla</span> <span class='ocrx_word' id='word_1_183' title='bbox 629 1757 788 1801; x_wconf 84' lang='lat' dir='ltr'>damna</span> <span class='ocrx_word' id='word_1_184' title='bbox 807 1757 1030 1817; x_wconf 88' lang='lat' dir='ltr'>patiamini</span> <span class='ocrx_word' id='word_1_185' title='bbox 1050 1792 1062 1812; x_wconf 88' lang='lat'>,</span> <span class='ocrx_word' id='word_1_186' title='bbox 1093 1757 1126 1801; x_wconf 92' lang='lat' dir='ltr'>si</span> <span class='ocrx_word' id='word_1_187' title='bbox 1149 1755 1290 1801; x_wconf 89' lang='lat' dir='ltr'>nullas</span> <span class='ocrx_word' id='word_1_188' title='bbox 1317 1757 1482 1801; x_wconf 89' lang='lat' dir='ltr'>Catho-</span> 
     </span>
     <span class='ocr_line' id='line_1_23' title="bbox 88 1824 1484 1887; baseline 0 -17"><span class='ocrx_word' id='word_1_189' title='bbox 88 1824 170 1871; x_wconf 89' lang='lat' dir='ltr'>lica</span> <span class='ocrx_word' id='word_1_190' title='bbox 189 1862 199 1880; x_wconf 96' lang='lat'>,</span> <span class='ocrx_word' id='word_1_191' title='bbox 219 1827 307 1871; x_wconf 86' lang='lat' dir='ltr'>sive</span> <span class='ocrx_word' id='word_1_192' title='bbox 336 1843 358 1871; x_wconf 85' lang='lat' dir='ltr'>a</span> <span class='ocrx_word' id='word_1_193' title='bbox 380 1828 503 1872; x_wconf 89' lang='lat' dir='ltr'>vobis</span> <span class='ocrx_word' id='word_1_194' title='bbox 521 1863 532 1883; x_wconf 88' lang='lat'>,</span> <span class='ocrx_word' id='word_1_195' title='bbox 558 1829 588 1872; x_wconf 88' lang='lat' dir='ltr'>si</span> <span class='ocrx_word' id='word_1_196' title='bbox 598 1829 638 1871; x_wconf 92' lang='lat' dir='ltr'>bi</span> <span class='ocrx_word' id='word_1_197' title='bbox 659 1844 680 1872; x_wconf 88' lang='lat' dir='ltr'>a</span> <span class='ocrx_word' id='word_1_198' title='bbox 702 1829 854 1872; x_wconf 86' lang='lat' dir='ltr'>vestris</span> <span class='ocrx_word' id='word_1_199' title='bbox 874 1829 1100 1873; x_wconf 85' lang='lat' dir='ltr'>violentias</span> <span class='ocrx_word' id='word_1_200' title='bbox 1122 1829 1327 1887; x_wconf 89' lang='lat' dir='ltr'>patiatur.</span> <span class='ocrx_word' id='word_1_201' title='bbox 1355 1826 1484 1880; x_wconf 88' lang='lat' dir='ltr'>Quod</span> 
     </span>
     <span class='ocr_line' id='line_1_24' title="bbox 93 1897 1483 1958; baseline 0.001 -18"><span class='ocrx_word' id='word_1_202' title='bbox 93 1897 125 1941; x_wconf 90' lang='lat' dir='ltr'>si</span> <span class='ocrx_word' id='word_1_203' title='bbox 154 1898 312 1958; x_wconf 82' lang='lat' dir='ltr'>aliquae</span> <span class='ocrx_word' id='word_1_204' title='bbox 338 1897 464 1943; x_wconf 81' lang='lat' dir='ltr'>faetae</span> <span class='ocrx_word' id='word_1_205' title='bbox 489 1898 651 1944; x_wconf 87' lang='lat' dir='ltr'>fuerint</span> <span class='ocrx_word' id='word_1_206' title='bbox 669 1935 679 1954; x_wconf 93' lang='lat'>,</span> <span class='ocrx_word' id='word_1_207' title='bbox 706 1900 829 1944; x_wconf 90' lang='lat' dir='ltr'>vobis</span> <span class='ocrx_word' id='word_1_208' title='bbox 850 1899 996 1944; x_wconf 83' lang='lat' dir='ltr'>invitis</span> <span class='ocrx_word' id='word_1_209' title='bbox 1019 1908 1061 1943; x_wconf 89' lang='lat' dir='ltr'>ct</span> <span class='ocrx_word' id='word_1_210' title='bbox 1084 1913 1358 1958; x_wconf 86' lang='lat' dir='ltr'>compescere</span> <span class='ocrx_word' id='word_1_211' title='bbox 1394 1913 1483 1942; x_wconf 89' lang='lat' dir='ltr'>non</span> 
     </span>
     <span class='ocr_line' id='line_1_25' title="bbox 90 1967 1483 2029; baseline 0.001 -18"><span class='ocrx_word' id='word_1_212' title='bbox 90 1967 334 2013; x_wconf 85' lang='lat' dir='ltr'>valentibus</span> <span class='ocrx_word' id='word_1_213' title='bbox 355 1991 366 2027; x_wconf 81' lang='lat'>3</span> <span class='ocrx_word' id='word_1_214' title='bbox 390 1970 724 2014; x_wconf 88' lang='lat' dir='ltr'>misericorditer</span> <span class='ocrx_word' id='word_1_215' title='bbox 756 1970 856 2029; x_wconf 91' lang='lat' dir='ltr'>ipsis</span> <span class='ocrx_word' id='word_1_216' title='bbox 884 1971 1054 2014; x_wconf 90' lang='lat' dir='ltr'>damnis</span> <span class='ocrx_word' id='word_1_217' title='bbox 1076 1979 1118 2013; x_wconf 92' lang='lat' dir='ltr'>et</span> <span class='ocrx_word' id='word_1_218' title='bbox 1136 1971 1253 2029; x_wconf 84' lang='lat' dir='ltr'>juste</span> <span class='ocrx_word' id='word_1_219' title='bbox 1275 1968 1483 2013; x_wconf 87' lang='lat' dir='ltr'>admone-</span> 
     </span>
     <span class='ocr_line' id='line_1_26' title="bbox 89 2038 1483 2099; baseline 0 -17"><span class='ocrx_word' id='word_1_220' title='bbox 89 2038 213 2091; x_wconf 88' lang='lat' dir='ltr'>mini,</span> <span class='ocrx_word' id='word_1_221' title='bbox 229 2039 379 2097; x_wconf 88' lang='lat' dir='ltr'>quales</span> <span class='ocrx_word' id='word_1_222' title='bbox 396 2040 591 2083; x_wconf 91' lang='lat' dir='ltr'>habeatis</span> <span class='ocrx_word' id='word_1_223' title='bbox 607 2055 629 2083; x_wconf 88' lang='lat' dir='ltr'>a</span> <span class='ocrx_word' id='word_1_224' title='bbox 653 2040 813 2099; x_wconf 89' lang='lat' dir='ltr'>quibus</span> <span class='ocrx_word' id='word_1_225' title='bbox 837 2055 914 2083; x_wconf 88' lang='lat' dir='ltr'>vos</span> <span class='ocrx_word' id='word_1_226' title='bbox 936 2039 1221 2083; x_wconf 87' lang='lat' dir='ltr'>contaminari</span> <span class='ocrx_word' id='word_1_227' title='bbox 1244 2054 1331 2083; x_wconf 88' lang='lat' dir='ltr'>non</span> <span class='ocrx_word' id='word_1_228' title='bbox 1353 2048 1483 2097; x_wconf 86' lang='lat' dir='ltr'>puta-</span> 
     </span>
     <span class='ocr_line' id='line_1_27' title="bbox 92 2109 1480 2169; baseline 0.001 -18"><span class='ocrx_word' id='word_1_229' title='bbox 92 2109 158 2162; x_wconf 83' lang='lat' dir='ltr'>tis,</span> <span class='ocrx_word' id='word_1_230' title='bbox 179 2118 310 2168; x_wconf 89' lang='lat' dir='ltr'>atque</span> <span class='ocrx_word' id='word_1_231' title='bbox 326 2110 426 2154; x_wconf 90' lang='lat' dir='ltr'>hinc</span> <span class='ocrx_word' id='word_1_232' title='bbox 439 2109 680 2168; x_wconf 85' lang='lat' dir='ltr'>intelligere</span> <span class='ocrx_word' id='word_1_233' title='bbox 693 2109 915 2168; x_wconf 86' lang='lat' dir='ltr'>cogimini,</span> <span class='ocrx_word' id='word_1_234' title='bbox 931 2124 1062 2169; x_wconf 89' lang='lat' dir='ltr'>quam</span> <span class='ocrx_word' id='word_1_235' title='bbox 1077 2110 1225 2153; x_wconf 87' lang='lat' dir='ltr'>inanes</span> <span class='ocrx_word' id='word_1_236' title='bbox 1243 2109 1480 2153; x_wconf 89' lang='lat' dir='ltr'>calumnias</span> 
     </span>
     <span class='ocr_line' id='line_1_28' title="bbox 91 2179 1481 2240; baseline 0 -17"><span class='ocrx_word' id='word_1_237' title='bbox 91 2179 294 2224; x_wconf 83' lang='lat' dir='ltr'>Ecclesiae</span> <span class='ocrx_word' id='word_1_238' title='bbox 330 2181 490 2225; x_wconf 90' lang='lat' dir='ltr'>Christi</span> <span class='ocrx_word' id='word_1_239' title='bbox 522 2190 614 2225; x_wconf 92' lang='lat' dir='ltr'>toto</span> <span class='ocrx_word' id='word_1_240' title='bbox 644 2181 751 2225; x_wconf 87' lang='lat' dir='ltr'>orbe</span> <span class='ocrx_word' id='word_1_241' title='bbox 788 2180 961 2224; x_wconf 84' lang='lat' dir='ltr'>diffusae</span> <span class='ocrx_word' id='word_1_242' title='bbox 996 2179 1178 2225; x_wconf 89' lang='lat' dir='ltr'>faciatis.</span> <span class='ocrx_word' id='word_1_243' title='bbox 1211 2182 1363 2240; x_wconf 91' lang='lat' dir='ltr'>Neque</span> <span class='ocrx_word' id='word_1_244' title='bbox 1391 2181 1481 2240; x_wconf 90' lang='lat' dir='ltr'>jam</span> 
     </span>
     <span class='ocr_line' id='line_1_29' title="bbox 89 2250 1480 2313; baseline 0.001 -19"><span class='ocrx_word' id='word_1_245' title='bbox 89 2251 214 2295; x_wconf 89' lang='lat' dir='ltr'>nobis</span> <span class='ocrx_word' id='word_1_246' title='bbox 238 2250 462 2310; x_wconf 85' lang='lat' dir='ltr'>objiciatis,</span> <span class='ocrx_word' id='word_1_247' title='bbox 486 2252 605 2313; x_wconf 90' lang='lat' dir='ltr'>quod</span> <span class='ocrx_word' id='word_1_248' title='bbox 623 2253 924 2312; x_wconf 88' lang='lat' dir='ltr'>persequimur</span> <span class='ocrx_word' id='word_1_249' title='bbox 939 2267 1035 2309; x_wconf 65' lang='lat' dir='ltr'>vos,</span> <span class='ocrx_word' id='word_1_250' title='bbox 1057 2252 1130 2296; x_wconf 91' lang='lat' dir='ltr'>sed</span> <span class='ocrx_word' id='word_1_251' title='bbox 1146 2251 1295 2296; x_wconf 86' lang='lat' dir='ltr'>vestris</span> <span class='ocrx_word' id='word_1_252' title='bbox 1320 2251 1480 2311; x_wconf 88' lang='lat' dir='ltr'>potius,</span> 
     </span>
     <span class='ocr_line' id='line_1_30' title="bbox 90 2321 1478 2381; baseline -0.001 -15"><span class='ocrx_word' id='word_1_253' title='bbox 90 2321 122 2366; x_wconf 92' lang='lat' dir='ltr'>si</span> <span class='ocrx_word' id='word_1_254' title='bbox 147 2331 189 2364; x_wconf 83' lang='lat' dir='ltr'>et</span> <span class='ocrx_word' id='word_1_255' title='bbox 218 2337 295 2366; x_wconf 88' lang='lat' dir='ltr'>nos</span> <span class='ocrx_word' id='word_1_256' title='bbox 324 2322 410 2366; x_wconf 87' lang='lat' dir='ltr'>suis</span> <span class='ocrx_word' id='word_1_257' title='bbox 432 2322 646 2367; x_wconf 85' lang='lat' dir='ltr'>violentiis</span> <span class='ocrx_word' id='word_1_258' title='bbox 675 2322 894 2376; x_wconf 81' lang='lat' dir='ltr'>infestari,</span> <span class='ocrx_word' id='word_1_259' title='bbox 924 2333 967 2367; x_wconf 90' lang='lat' dir='ltr'>et</span> <span class='ocrx_word' id='word_1_260' title='bbox 988 2339 1064 2367; x_wconf 87' lang='lat' dir='ltr'>vos</span> <span class='ocrx_word' id='word_1_261' title='bbox 1089 2321 1273 2381; x_wconf 88' lang='lat' dir='ltr'>publicis</span> <span class='ocrx_word' id='word_1_262' title='bbox 1307 2321 1478 2380; x_wconf 83' lang='lat' dir='ltr'>legibus</span> 
     </span>
     <span class='ocr_line' id='line_1_31' title="bbox 90 2391 1481 2451; baseline 0 -16"><span class='ocrx_word' id='word_1_263' title='bbox 90 2392 259 2435; x_wconf 84' lang='lat' dir='ltr'>malunt</span> <span class='ocrx_word' id='word_1_264' title='bbox 278 2393 604 2451; x_wconf 84' lang='lat' dir='ltr'>conteri,quam</span> <span class='ocrx_word' id='word_1_265' title='bbox 618 2408 662 2436; x_wconf 90' lang='lat' dir='ltr'>se</span> <span class='ocrx_word' id='word_1_266' title='bbox 675 2409 696 2436; x_wconf 87' lang='lat' dir='ltr'>a</span> <span class='ocrx_word' id='word_1_267' title='bbox 714 2391 840 2436; x_wconf 90' lang='lat' dir='ltr'>solito</span> <span class='ocrx_word' id='word_1_268' title='bbox 860 2392 1007 2437; x_wconf 87' lang='lat' dir='ltr'>furore</span> <span class='ocrx_word' id='word_1_269' title='bbox 1024 2394 1178 2437; x_wconf 89' lang='lat' dir='ltr'>sedari.</span> <span class='ocrx_word' id='word_1_270' title='bbox 1200 2394 1240 2437; x_wconf 91' lang='lat' dir='ltr'>Si</span> <span class='ocrx_word' id='word_1_271' title='bbox 1255 2393 1359 2451; x_wconf 90' lang='lat' dir='ltr'>quid</span> <span class='ocrx_word' id='word_1_272' title='bbox 1380 2407 1481 2435; x_wconf 84' lang='lat' dir='ltr'>sane</span> 
     </span>
     <span class='ocr_line' id='line_1_32' title="bbox 89 2462 1481 2522; baseline 0.001 -17"><span class='ocrx_word' id='word_1_273' title='bbox 89 2477 112 2506; x_wconf 92' lang='lat' dir='ltr'>a</span> <span class='ocrx_word' id='word_1_274' title='bbox 131 2464 289 2506; x_wconf 87' lang='lat' dir='ltr'>nostris</span> <span class='ocrx_word' id='word_1_275' title='bbox 308 2462 554 2506; x_wconf 67' lang='lat' dir='ltr'>christianae</span> <span class='ocrx_word' id='word_1_276' title='bbox 574 2463 794 2506; x_wconf 87' lang='lat' dir='ltr'>charitatis</span> <span class='ocrx_word' id='word_1_277' title='bbox 814 2463 993 2507; x_wconf 89' lang='lat' dir='ltr'>modum</span> <span class='ocrx_word' id='word_1_278' title='bbox 1016 2472 1256 2522; x_wconf 88' lang='lat' dir='ltr'>votumque</span> <span class='ocrx_word' id='word_1_279' title='bbox 1276 2478 1365 2506; x_wconf 92' lang='lat' dir='ltr'>non</span> <span class='ocrx_word' id='word_1_280' title='bbox 1389 2478 1481 2507; x_wconf 92' lang='lat' dir='ltr'>cus-</span> 
     </span>
     <span class='ocr_line' id='line_1_33' title="bbox 89 2533 1481 2594; baseline 0.001 -17"><span class='ocrx_word' id='word_1_281' title='bbox 89 2533 358 2578; x_wconf 89' lang='lat' dir='ltr'>todientibus</span> <span class='ocrx_word' id='word_1_282' title='bbox 377 2569 386 2586; x_wconf 89' lang='lat'>,</span> <span class='ocrx_word' id='word_1_283' title='bbox 412 2533 558 2578; x_wconf 89' lang='lat' dir='ltr'>odiose</span> <span class='ocrx_word' id='word_1_284' title='bbox 581 2544 624 2578; x_wconf 87' lang='lat' dir='ltr'>et</span> <span class='ocrx_word' id='word_1_285' title='bbox 647 2535 884 2594; x_wconf 87' lang='lat' dir='ltr'>perniciose</span> <span class='ocrx_word' id='word_1_286' title='bbox 907 2535 1107 2594; x_wconf 89' lang='lat' dir='ltr'>patimini</span> <span class='ocrx_word' id='word_1_287' title='bbox 1131 2570 1142 2589; x_wconf 91' lang='lat'>,</span> <span class='ocrx_word' id='word_1_288' title='bbox 1169 2550 1258 2578; x_wconf 92' lang='lat' dir='ltr'>non</span> <span class='ocrx_word' id='word_1_289' title='bbox 1277 2549 1367 2578; x_wconf 82' lang='lat' dir='ltr'>esse</span> <span class='ocrx_word' id='word_1_290' title='bbox 1386 2534 1481 2579; x_wconf 84' lang='lat' dir='ltr'>illos</span> 
     </span>
     <span class='ocr_line' id='line_1_34' title="bbox 91 2602 1480 2661; baseline 0.001 -14"><span class='ocrx_word' id='word_1_291' title='bbox 91 2613 258 2648; x_wconf 89' lang='lat' dir='ltr'>nostros</span> <span class='ocrx_word' id='word_1_292' title='bbox 278 2604 364 2649; x_wconf 90' lang='lat' dir='ltr'>cito</span> <span class='ocrx_word' id='word_1_293' title='bbox 381 2602 560 2649; x_wconf 81' lang='lat' dir='ltr'>dixerim</span> <span class='ocrx_word' id='word_1_294' title='bbox 581 2626 592 2661; x_wconf 90' lang='lat'>-,</span> <span class='ocrx_word' id='word_1_295' title='bbox 616 2605 690 2649; x_wconf 90' lang='lat' dir='ltr'>sed</span> <span class='ocrx_word' id='word_1_296' title='bbox 705 2613 780 2650; x_wconf 86' lang='lat' dir='ltr'>aut</span> <span class='ocrx_word' id='word_1_297' title='bbox 802 2603 988 2660; x_wconf 84' lang='lat' dir='ltr'>futuros,</span> <span class='ocrx_word' id='word_1_298' title='bbox 1007 2604 1040 2649; x_wconf 85' lang='lat' dir='ltr'>si</span> <span class='ocrx_word' id='word_1_299' title='bbox 1055 2620 1099 2649; x_wconf 89' lang='lat' dir='ltr'>se</span> <span class='ocrx_word' id='word_1_300' title='bbox 1110 2605 1389 2660; x_wconf 83' lang='lat' dir='ltr'>correxerint,</span> <span class='ocrx_word' id='word_1_301' title='bbox 1405 2614 1480 2649; x_wconf 88' lang='lat' dir='ltr'>aut</span> 
     </span>
    </p>
   </div>
  </div>
 </body>
</html>
