1825 3264
344 261 426 309 106
737 266 742 268 ’
776 274 810 304 s.
846 275 1078 304 Auens-run
1109 274 1289 303 znscom

341 356 458 392 certe
473 359 547 389 vos
558 342 644 388 illis
655 343 746 388 sine
757 341 894 388 dubio
908 340 1250 396 ostenderetis,si
1262 339 1431 385 velletis
1441 348 1492 385 ut
1506 340 1725 400 viverentg
1750 394 1754 399 ι

340 415 410 461 vel
435 423 552 459 certe
573 413 695 474 quod
718 412 894 458 tertium
933 420 1026 467 est,
1065 412 1180 471 ipsos
1211 410 1386 455 sibimet
1412 409 1555 469 legere
1585 418 1728 456 vestra

340 486 505 530 malitia
531 485 788 545 permisisset
810 503 818 529 :
843 485 1008 544 primus
1035 483 1268 528 Davidicus
1290 482 1484 527 Psalmus
1513 481 1601 528 illis
1631 493 1728 527 om*

342 558 447 602 nino
468 555 683 611 suaderet,
709 564 758 600 ut
779 555 1011 601 Christiani
1043 554 1239 599 viverent
1261 562 1305 598 et
1330 562 1595 613 regnarent3
1619 559 1729 614 quos

341 626 518 687 quidem
541 626 654 671 male
675 625 919 685 decepistis,
947 625 1054 668 dum
1077 625 1198 669 vobis
1214 639 1304 669 sese
1323 624 1620 669 committunt.
1641 625 1729 670 Vos

340 713 534 759 namque
556 697 641 742 illis
671 713 771 758 quae
800 696 912 742 mala
938 704 1039 740 sunt
1070 696 1234 755 fingitis
1252 731 1263 751 ,
1289 705 1331 740 et
1353 711 1453 756 quae
1482 695 1599 740 bona
1627 703 1730 740 sunt

340 769 582 814 occultatis.
597 771 691 813 Hoc
705 767 881 812 tandem
897 767 1044 825 legant
1061 766 1127 812 vel
1147 767 1296 822 serius,
1322 765 1444 827 quod
1461 765 1564 811 olim
1586 765 1731 824 legere

340 840 603 885 debuerunt.
625 839 742 892 Quid
769 838 882 883 enim
903 837 1010 882 dicit
1029 839 1047 879 ⁴?
1069 856 1090 880 «
1114 840 1170 882 Et
1197 851 1316 881 nunc
1340 852 1462 896 reges
1482 835 1713 894 intelligite

342 929 363 953 »
386 910 616 955 erudimini
630 911 707 971 qui
716 909 919 970 judicatis
929 919 1102 954 terram.
1117 909 1282 953 Servite
1296 909 1483 954 Domino
1499 909 1543 952 in
1557 907 1728 963 timore,
1748 927 1756 935 ·

343 1000 364 1024 »
389 991 432 1026 et
447 981 638 1026 exultate
669 983 709 1025 ei
730 996 830 1025 cum
852 990 1039 1025 tremore
1063 999 1071 1026 :
1098 978 1415 1041 apprehendite
1439 978 1733 1038 disciplinam,

342 1071 362 1094 n
392 1051 627 1112 nequando
657 1053 868 1096 irascatur
887 1053 1122 1105 Dominus,
1149 1059 1191 1094 et
1219 1050 1403 1109 pereatis
1424 1050 1479 1094 de
1502 1050 1571 1093 via
1598 1050 1728 1109 justa.
1752 1055 1754 1058 ’
1793 1110 1796 1114 λ

341 1142 362 1165 »
389 1125 501 1168 Cum
534 1124 736 1167 exarserit
773 1137 908 1182 quam
943 1122 1031 1166 cito
1064 1121 1127 1165 ira
1148 1121 1282 1180 ipsius
1314 1135 1445 1180 super
1472 1135 1549 1165 vos
1575 1139 1584 1164 :
1619 1119 1735 1164 beati

344 1184 362 1235 ἦ)
389 1209 538 1238 omnes
552 1195 626 1253 qui
640 1193 871 1238 confidunt
887 1193 933 1236 in
947 1195 1039 1238 60¹.
1056 1211 1076 1234 »
1094 1195 1396 1252 Imperatores,
1415 1191 1614 1252 inquam,
1639 1205 1735 1236 suae

339 1266 532 1310 sionibus
555 1265 766 1324 premitis,
794 1274 843 1309 ut
865 1264 1069 1319 Pilatum,
1096 1279 1252 1324 quem,
1277 1272 1327 1308 ut
1355 1263 1566 1317 diximus,
1591 1255 1744 1307 Judaei'

340 1345 587 1396 presserunt
603 1371 613 1391 ,
640 1335 741 1380 licet
772 1336 863 1395 ipse
895 1335 1145 1379 clamaverit
1170 1334 1319 1379 lavans
1342 1333 1695 1394 publice-manus
1720 1351 1731 1379 :
1799 1382 1801 1386 Α

344 1410 368 1448 (ί
390 1407 520 1450 Liber
542 1421 637 1450 sum
662 1422 684 1450 a
708 1407 918 1465 sanguine
942 1406 1069 1466 hujus
1091 1406 1231 1466 justi²
1256 1425 1264 1450 :
1294 1424 1314 1446 »
1337 1415 1482 1450 tamen
1509 1403 1732 1466 quomodo
1782 1451 1785 1453 ,

339 1485 521 1535 potesta
536 1476 716 1520 crimine
739 1476 929 1520 mundus
951 1492 1041 1521 esse
1059 1477 1136 1537 qui
1157 1475 1296 1521 feeit?
1316 1475 1400 1521 Sed
1422 1483 1472 1520 ut
1493 1484 1642 1521 ¹vetera
1663 1484 1732 1521 ta·
1786 1533 1791 1541 .

339 1562 459 1591 ceam
471 1547 516 1590 in
528 1547 678 1591 vestris
697 1547 903 1606 exemplis
917 1546 1129 1591 advertite
1143 1547 1426 1607 imperatores
1438 1562 1570 1607 quam
1587 1546 1734 1607 plures
1787 1584 1789 1587 ,

338 1633 386 1662 ac
402 1618 570 1677 judices
593 1628 754 1663 vestros
784 1620 1131 1678 persecutionem
1155 1619 1281 1663 nohis
1305 1617 1508 1663 faciendo
1537 1618 1728 1678 periisse.

340 1690 397 1732 Ut
416 1687 659 1748 relinquam
677 1691 911 1744 Neronem,
936 1690 1011 1750 qui
1036 1689 1200 1749 primus
1223 1699 1286 1733 est
1310 1697 1563 1748 persecutus
1584 1689 1733 1734 Chris-

338 1759 476 1802 tianos
502 1780 512 1815 3
539 1759 834 1803 Domitianum
866 1759 1064 1804 similiter
1086 1760 1267 1806 Neronis
1291 1762 1523 1804 maximam
1542 1768 1728 1820 partem,

342 1830 588 1889 Trajamnm
615 1831 811 1885 Getam2,
832 1832 1030 1886 Decium,
1053 1829 1349 1886 Valerianum,
1377 1830 1696 1876 Diocletianum
1717 1865 1730 1886 ‚

337 1900 465 1958 periit
480 1900 608 1944 etiam
626 1901 913 1945 Maximianus
933 1921 942 1946 ε
965 1902 1040 1962 qui
1065 1917 1166 1946 cum
1185 1903 1315 1946 thura
1339 1901 1644 1962 praedicarent,
1668 1903 1733 1946 in-

336 1970 473 2014 censis
496 1971 720 2015 codicibus
735 1972 987 2027 Dominicis,
1007 1973 1171 2032 primus
1190 1971 1485 2029 Marcellinus,
1504 1973 1732 2033 episcopus
1751 1970 1755 1975 ’

338 2043 637 2085 Romanorum
662 2042 738 2102 qui
769 2041 875 2097 suit,
911 2043 986 2087 sed
1019 2052 1062 2087 et
1084 2043 1357 2101 Carthaginis
1386 2043 1656 2099 Mensurius,
1689 2051 1750 2088 ets
1791 2041 1793 2043 ’

338 2111 612 2166 Caecilianus,
637 2127 689 2156 ex
707 2114 808 2172 ipsis
829 2114 1044 2172 sacrilegis
1061 2114 1263 2169 flammis,
1285 2123 1334 2158 ut
1352 2113 1512 2159 favillae
1531 2114 1602 2159 vel
1613 2114 1733 2159 cine-

339 2195 405 2223 res
420 2191 734 2226 remanserunt.
751 2183 907 2227 Thuris
925 2185 1040 2228 enim
1056 2185 1320 2229 conscientia
1333 2199 1484 2230 omnes
1497 2185 1729 2245 implicuit,

339 2249 416 2309 qui
432 2251 654 2296 Mensurio
669 2253 957 2297 consensistis.
975 2254 1106 2298 Periit
1119 2255 1346 2310 Macarius,
1365 2255 1493 2314 periit
1509 2255 1728 2311 Ursacius,

389 2382 396 2397 ¹
418 2375 500 2408 Psal.
530 2388 563 2417 ιι,
587 2385 703 2409 10-12.
720 2394 761 2400 —
778 2383 791 2399 ²
810 2377 931 2410 Matth.
950 2388 1056 2419 xxvii,
1085 2378 1139 2420 24.
1154 2396 1192 2403 -
1212 2379 1226 2402 3
1252 2380 1413 2414 Editiones
1438 2383 1510 2414 Am.
1540 2385 1574 2414 et
1589 2383 1642 2414 Er.
1661 2381 1732 2415 loco
1748 2368 1751 2369 ⁷

342 2432 450 2471 Geta„
474 2432 664 2465 substituunt
679 2434 833 2465 Varium.
852 2434 923 2466 Fuit
947 2435 971 2466 is
997 2435 1141 2468 Aurelius
1158 2437 1331 2470 Antoninus
1346 2437 1568 2480 Heliogabalus
1584 2449 1641 2471 seu
1655 2437 1731 2471 Ala·
1754 2430 1756 2435 ³

341 2486 435 2527 galus,
460 2489 540 2519 Varii
564 2485 697 2530 nonien‘,
716 2490 801 2532 quod
821 2491 908 2522 vario
936 2495 969 2523 ct
994 2491 1116 2523 incerto
1134 2493 1254 2524 semine
1275 2498 1451 2536 conceptus
1468 2499 1645 2537 putaretur,
1659 2505 1729 2526 sor-

340 2542 429 2580 titiis,
458 2547 489 2574 ul
518 2545 714 2586 Lampridius
733 2550 852 2578 narrat.
879 2547 940 2578 Sed
958 2549 1051 2580 MSS.
1071 2552 1256 2580 constanter
1284 2549 1459 2591 praelernut
1485 2550 1626 2583 Getam:
1646 2550 1728 2592 quod

340 2607 454 2630 nomen
475 2599 565 2630 alteri
585 2601 695 2632 Severi
711 2601 770 2633 filio
785 2602 858 2638 snit,
875 2602 967 2635 fratri
984 2604 1136 2636 Antonini
1151 2605 1328 2637 Caracallae.
