1825 3264
285 305 449 336 comm
480 307 747 336 cnnscoth
778 304 1066 346 noNArisnM,
1101 306 1183 335 mn.
1220 307 1279 334 1v.
1407 294 1489 332 529

109 373 397 420 damnationis
419 374 599 431 retenti,
626 374 755 420 simul
771 384 814 420 et
831 375 1045 435 baptisma
1069 383 1112 418 et
1135 371 1372 419 Ecclesiam
1393 386 1492 432 per-

109 444 331 490 diderunt.
361 465 381 488 »
410 447 529 491 Sicut
550 461 653 506 ergo
675 446 734 491 eis
755 444 1040 490 redeuntibus
1062 444 1258 490 redditur
1281 443 1488 498 Ecclesia,

108 514 317 560 reddatur
348 516 602 575 baptismus.
632 516 925 576 Baptizentur,
963 517 1165 577 inquam,
1190 515 1435 568 redeuntes,
1461 514 1494 557 si

109 586 374 646 baptismum
399 588 634 631 amiserunt
663 586 955 632 abscedentes.
992 590 1084 631 Hoc
1106 587 1206 647 quia
1225 601 1314 631 non
1336 584 1493 638 facitis,

107 659 236 702 etiam
259 674 335 703 vos
358 658 555 703 fatemini
575 659 629 702 ab
649 658 836 703 Ecclesia
860 657 1162 702 recedentibus
1179 657 1316 701 inesse
1339 655 1498 714 baptis-

106 743 246 784 mum,
275 744 356 773 nec
374 729 591 789 prodesse.
617 732 730 773 Dant
748 744 850 788 ergo
871 730 982 774 sicut
1000 729 1180 784 habent,
1205 726 1251 770 id
1269 737 1332 772 est
1349 761 1360 780 ,
1384 734 1434 768 ut
1455 734 1499 768 et

106 798 207 858 ipsis
230 800 306 859 qui
330 800 384 843 ab
408 800 467 843 eis
489 810 608 844 extra
633 799 869 843 Ecclesiam
893 809 1089 854 sumunt,
1116 799 1220 842 insit
1241 797 1498 856 baptismus,

106 883 189 913 nec
211 878 357 913 tamen
379 869 528 929 prosit.
552 870 677 913 Unde
701 871 814 914 sicut
830 870 913 914 illis
937 870 1220 913 redeuntibus
1243 884 1331 913 non
1354 867 1503 912 reddi-

113 949 185 984 tur
202 941 323 1000 quod
338 956 426 985 non
448 941 683 986 amiserunt
706 961 713 985 :
740 941 797 985 ita
816 950 858 985 et
880 940 962 985 illis
986 956 1073 985 non
1087 940 1282 984 dandum
1308 939 1504 999 estquod

112 1021 384 1071 acceperant,
404 1009 478 1055 sed
501 1013 719 1070 agendum
738 1027 835 1056 cum
854 1012 927 1066 eis,
951 1020 1000 1054 ut
1015 1026 1091 1070 per
1109 1011 1347 1054 Ecclesiam
1370 1010 1506 1069 prosit

107 1082 328 1141 utrisque,
349 1081 470 1142 quod
500 1091 618 1125 extra
650 1081 888 1126 Ecclesiam
922 1082 1059 1125 inesse
1092 1081 1266 1139 potuit,
1293 1096 1381 1124 non
1406 1096 1506 1139 pro-

108 1152 245 1196 desse.
273 1156 335 1197 Ac
356 1168 431 1211 per
454 1153 539 1196 hoc
559 1167 639 1196 nec
663 1167 741 1212 pro
764 1161 907 1197 vestro
926 1167 1070 1196 errore
1088 1150 1253 1211 aliquid
1274 1151 1378 1207 dixi,
1402 1160 1444 1195 et
1468 1152 1506 1195 ei

108 1222 231 1284 quod
249 1221 336 1266 dixi
356 1238 445 1267 non
468 1223 746 1282 respondisti.

169 1296 391 1338 LXXVII.
429 1294 640 1354 Adjungis
666 1295 797 1338 etiam
827 1294 882 1338 de.
917 1295 1044 1339 horto
1074 1294 1279 1338 concluso
1304 1302 1349 1337 et
1381 1291 1502 1338 fonte

111 1365 294 1423 signato,
317 1364 437 1424 quod
453 1365 632 1409 omnino
654 1365 772 1408 unde
790 1364 956 1408 dictum
979 1364 1034 1408 sit
1057 1379 1146 1409 non
1169 1363 1387 1422 intelligis.
1419 1383 1437 1405 «
1466 1363 1509 1409 Si

107 1435 339 1481 couclusus
368 1444 447 1490 est,
479 1435 646 1495 inquis,
669 1436 822 1480 hortus
844 1444 887 1479 et
908 1433 1006 1479 fons
1035 1435 1228 1494 signatus
1246 1470 1257 1491 ,
1278 1433 1504 1495 quomodo

107 1506 184 1566 qui
200 1515 319 1550 extra
337 1505 441 1551 foris
463 1515 526 1551 est
546 1507 726 1566 positus,
752 1515 796 1551 et
813 1507 868 1550 ab
885 1507 1031 1561 horto,
1057 1505 1102 1550 id
1125 1515 1204 1561 est,
1226 1506 1436 1561 Ecclesia,
1464 1516 1507 1550 et

31 1607 36 1611 ·
105 1576 229 1622 {onte
256 1577 347 1637 ejus
362 1611 373 1632 ,
394 1576 439 1621 id
459 1585 538 1632 est,
563 1576 823 1637 baptismate
840 1586 1079 1636 separatus,
1100 1585 1243 1636 potest
1257 1576 1360 1620 dare
1383 1576 1503 1636 quod

106 1663 196 1692 non
215 1648 376 1692 habet?
395 1667 414 1689 η
439 1651 664 1708 Interroga
682 1648 969 1703 Felicianum,
994 1657 1145 1692 utrum
1167 1648 1213 1691 in
1242 1648 1370 1692 horto
1393 1662 1502 1692 con-

106 1717 422 1777 cluso-suerat,
447 1719 624 1780 quando
646 1718 711 1763 illi
742 1717 907 1763 reditus
933 1718 1054 1778 quasi
1085 1715 1140 1761 ad
1164 1717 1371 1762 cumdem
1392 1719 1498 1762 hor-

108 1798 202 1834 tum
241 1789 496 1835 conclusum
530 1789 747 1834 dilationis
773 1790 906 1849 janua
942 1788 1249 1847 pandebatur?
1284 1791 1352 1832 An
1389 1786 1502 1832 forte

109 1862 264 1906 exinde
290 1863 461 1907 furatus
491 1870 556 1906 est
580 1860 773 1915 fontem,
801 1860 877 1904 ubi
904 1859 1039 1904 laicos
1061 1874 1159 1904 suos
1187 1858 1232 1902 in
1255 1859 1504 1903 Maximiani

109 1933 338 1977 schismate
354 1933 625 1992 baptizaret?
653 1932 783 1985 Quod
805 1931 839 1975 si
862 1931 920 1974 ita
944 1938 1023 1984 est,
1049 1930 1127 1973 ubi
1150 1938 1255 1974 tunc
1277 1930 1406 1974 vestri
1427 1945 1503 1975 vos

110 2001 376 2047 abluebant?
397 2006 467 2047 An
488 2017 561 2047 eos
583 2002 744 2061 pariter
772 2000 843 2045 illa
874 1999 1081 2045 dilatione
1114 1999 1394 2055 distulerunt,
1419 2000 1501 2045 do-

107 2089 190 2119 nec
209 2073 326 2119 fures
348 2073 411 2118 illi
434 2074 488 2118 ad
515 2074 694 2118 hortum
712 2087 812 2118 cum
828 2072 951 2117 fonte
975 2073 1246 2115 remearent?
1265 2073 1386 2116 Tunc
1408 2086 1499 2116 non

110 2154 234 2190 erant
248 2145 315 2189 isti
333 2145 741 2205 pseudoprophetae,
761 2142 940 2205 quando
952 2142 1006 2187 de
1021 2143 1227 2187 Primiani
1246 2142 1500 2188 criminibus

111 2210 364 2261 mentiendo
394 2216 597 2276 deceptos
624 2216 678 2260 ad
715 2231 840 2260 suum
877 2214 1148 2274 sacrilegium
1186 2213 1500 2259 traducebant?

110 2285 204 2346 lupi
223 2301 412 2347 rapaces,
445 2287 624 2346 quando
646 2287 847 2331 seductos
869 2284 924 2329 de
945 2299 1073 2344 grege
1104 2283 1308 2328 Primiani
1332 2283 1386 2328 ad
1410 2300 1498 2328 suae

112 2357 369 2402 concisionis
382 2357 614 2417 particulas
633 2357 968 2417 pertrahebant?
981 2357 1116 2412 Negas
1129 2369 1198 2398 eas
1211 2370 1318 2414 quas
1330 2354 1417 2398 dixi
1433 2363 1499 2412 ty-

111 2428 310 2472 rannicas
329 2437 570 2473 vestrorum
594 2428 639 2472 in
661 2426 808 2472 fundis
831 2426 978 2470 alienis
1000 2424 1318 2470 dominationes
1332 2435 1374 2470 et
1395 2425 1498 2471 bac-

113 2499 335 2544 chationes
365 2499 639 2545 ebrietatum.
665 2500 779 2556 Nega
806 2506 1020 2558 quantum
1043 2505 1164 2556 potes
1186 2515 1195 2541 :
1219 2512 1309 2541 non
1330 2513 1496 2555 vereor,

115 2584 172 2614 ne
192 2579 420 2630 propterea
443 2570 670 2615 nobiscum
687 2584 762 2614 vos
784 2569 929 2628 pigeat
949 2567 1228 2613 concordare.
1249 2571 1346 2613 Non
1366 2570 1410 2615 in
1424 2587 1499 2617 vos

118 2639 204 2684 tale
225 2639 391 2701 aliquid
418 2639 528 2695 dixi,
564 2638 709 2700 qualia
731 2638 1088 2685 Maximianenses
1112 2637 1303 2684 damnati
1335 2656 1358 2684 a
1379 2642 1504 2687 vobis

306 2720 496 2752 cxxxix.
1259 2708 1309 2751 3¹⁴
