1825 3264
343 262 507 291 CONTRA
540 262 740 292 urruns
772 263 1007 304 PETILIANI,
1044 266 1126 294 Lus.
1162 266 1211 292 11.
1443 256 1469 293 9

88 331 258 386 tizatur‚
283 330 359 391 qui
379 330 465 375 vivi
487 330 644 375 Christi
667 330 883 390 baptismo
909 331 1106 376 induitur
1131 351 1140 376 :
1167 333 1226 376 sie
1249 347 1272 376 a
1294 339 1469 376 mortuo

90 402 357 462 baptizatur,
390 402 466 463 qui
497 403 656 446 mortui
689 402 890 457 Saturni,
936 403 1002 446 vel
1032 402 1263 462 cujuslibet
1296 402 1470 447 alterius

90 473 306 533 baptismo
333 472 570 517 involvitur
594 492 602 517 :
634 481 684 516 ut
704 473 877 516 interim
899 471 985 517 cito
1007 473 1202 517 dicamus
1216 509 1227 528 ‚
1247 473 1470 534 quomodo

82 544 215 588 verba
247 559 346 604 quae
380 544 585 603 posuisti,
623 543 716 588 sine
744 545 998 605 cujusquam
1036 552 1234 588 nostrum
1271 545 1469 603 angustia

81 615 246 675 possint
273 614 471 674 intelligi.
504 616 613 659 Nam
633 614 1030 673 sicutaccipiuntur
1059 631 1082 659 a
1104 614 1251 669 vobis,
1277 630 1366 660 non
1393 630 1469 660 vos

79 685 314 746 explicare,
333 684 410 729 sed
426 700 504 730 nos
524 685 748 730 vobiscum
766 685 988 745 implicare
1009 685 1287 731 contenditis.

136 758 276 801 XVII.
313 759 575 801 Pantanus
597 754 704 800 dixit
730 775 739 800 :
769 775 789 798 «
823 756 1082 819 Agendum,
1110 756 1313 816 inquam,
1343 756 1468 800 nobis

76 827 403 888 dicendumque
419 836 506 883 est,
537 836 754 888 quatenus
786 828 978 887 perfidus
1012 827 1197 873 traditor
1229 828 1317 872 vita
1347 842 1466 872 mor-

75 907 175 943 tuus
197 900 426 943 habeatur.
451 899 586 943 Judas
608 899 829 959 apostolus
852 899 935 943 fuit
950 935 961 954 ,
983 915 1083 945 cum
1106 899 1297 944 traderet
1317 899 1466 945 Chris-

75 978 167 1014 tum
190 989 199 1014 :
225 969 430 1029 idemque
463 970 629 1014 honore
659 970 843 1029 apostoli
866 969 1039 1029 perdito
1066 969 1316 1030 spiritaliter
1344 985 1466 1015 mor-

76 1050 175 1085 tuus
192 1051 277 1096 est,
303 1057 381 1086 suo
399 1050 549 1101 postea
565 1042 723 1102 laqueo
736 1042 988 1097 moriturus,
1013 1043 1124 1086 sicut
1143 1043 1353 1102 scriptum
1376 1045 1466 1086 est?

77 1131 97 1154 «
132 1113 322 1157 Poenitet
345 1128 414 1157 me
434 1147 445 1167 ,
470 1113 614 1172 inquit
631 1147 642 1167 ‚
667 1113 770 1173 quia
803 1112 960 1157 tradidi
984 1113 1239 1173 sanguinem
1265 1115 1431 1174 justum
1450 1148 1461 1168 ‚

76 1203 95 1225 »
133 1193 176 1228 et
193 1184 316 1238 abiit,
341 1193 383 1228 et
407 1183 565 1243 laqueo
578 1199 621 1227 se
641 1184 907 1242 suspendit¹.
937 1203 957 1225 »
984 1187 1162 1245 Laqueo
1180 1187 1364 1230 traditor
1385 1200 1464 1245 pe·

72 1255 157 1309 riit,
180 1254 388 1313 laqueum
410 1254 568 1297 talibus
601 1254 834 1313 dereliquit
861 1274 869 1298 :
900 1255 954 1298 de
972 1271 1061 1314 quo
1086 1256 1295 1300 Dominus
1312 1256 1462 1301 Chris-

70 1333 139 1368 tus
156 1322 359 1368 clamavit
380 1324 435 1368 ad
459 1326 632 1368 Patrem
660 1343 669 1368 ε
699 1343 719 1366 «
748 1327 895 1378 Pater,
917 1340 1026 1384 quos
1046 1324 1203 1368 dedisti
1217 1326 1338 1380 mihi,
1365 1342 1461 1370 orn-

74 1413 93 1436 »
128 1409 203 1438 nes
215 1395 397 1450 servavi,
415 1404 458 1439 et
472 1410 523 1438 ex
543 1392 627 1438 illis
649 1393 797 1439 nullus
817 1395 944 1454 periit
957 1396 1036 1438 nisi
1052 1395 1168 1439 filius
1185 1395 1458 1455 perditionis,

71 1483 91 1507 »
127 1476 176 1510 ut
200 1465 454 1526 impleretur
478 1466 741 1525 Scriptura2.
776 1485 795 1507 »
822 1464 935 1510 Olim
959 1481 1150 1527 namque
1178 1467 1315 1517 David
1337 1468 1462 1512 sicin

68 1552 168 1581 eum
190 1537 450 1582 sententiam
467 1536 649 1592 dixerat,
667 1538 743 1598 qui
767 1538 1111 1583 essetChristum
1133 1538 1310 1598 perfidis
1333 1540 1461 1583 tradi-

69 1617 216 1653 turus:
242 1627 262 1650 «
279 1609 592 1668 Episcopatum
613 1609 704 1668 ejus
726 1608 911 1668 accipiat
933 1608 1067 1668 alter3
1090 1610 1144 1654 sit
1161 1625 1269 1654 uxor
1285 1611 1375 1669 ejus
1392 1610 1460 1654 vi-

70 1697 90 1720 »
117 1680 220 1735 dua,
237 1689 280 1724 et
292 1679 371 1724 filii
382 1681 474 1740 ejus
485 1680 705 1739 orphani-³.
726 1699 746 1722 »
761 1683 872 1725 Ecce
883 1690 1073 1741 quantus
1088 1690 1152 1725 est
1165 1682 1338 1741 spiritus
1355 1685 1460 1726 Pro-

65 1751 298 1810 phetarum
313 1786 325 1805 ,
346 1759 396 1795 ut
418 1761 575 1796 cuncta
605 1751 752 1795 futura
786 1767 866 1811 pro
889 1753 1178 1811 praesentibus
1199 1753 1383 1806 viderit,
1410 1761 1459 1796 ut

67 1831 166 1866 ante
187 1821 374 1881 plurima
398 1822 556 1867 saeeula
577 1823 821 1867 nasciturus
840 1823 1023 1867 traditor
1045 1824 1342 1867 damnaretur.
1371 1826 1457 1867 De-

66 1893 200 1953 nique
223 1902 272 1937 ut
296 1893 411 1937 dicta
437 1893 652 1937 sententia
683 1892 1004 1952 compleretur3
1040 1894 1345 1953 Episcopatum
1367 1896 1458 1954 ejus

43 1963 253 2033 ‚apostoli
287 1963 443 2024 perditi
481 1974 654 2009 sanetus
676 1966 860 2009 Mathias
885 1966 1065 2024 aceepit.
1094 1968 1231 2009 Nemo
1255 1965 1358 2009 hine
1376 1975 1457 2009 sto-

65 2033 193 2085 lidus,
212 2050 341 2079 nemo
362 2035 555 2094 perfidus
575 2035 768 2093 disputet
791 2055 799 2079 :
827 2036 1098 2093 triumphum
1121 2036 1322 2089 Mathias,
1363 2051 1452 2080 non

64 2105 267 2164 injuriam
295 2104 463 2160 retulit,
490 2106 567 2165 qui
591 2104 645 2149 de
671 2107 843 2150 Domini
868 2106 1027 2150 Christi
1059 2107 1236 2150 victoria
1267 2107 1455 2165 spolium

66 2175 215 2229 retulit
234 2176 484 2235 proditoris.
510 2178 603 2221 Hoc
630 2177 765 2236 igitur
792 2177 908 2221 iacto
931 2178 1227 2237 episcopatum
1250 2178 1329 2222 tibi
1349 2179 1455 2237 quid

65 2247 257 2292 vindicas
276 2248 410 2291 haeres
424 2248 644 2307 nequioris
663 2248 897 2305 traditoris3
919 2251 942 2293 J
947 2249 1282 2294 udasChristum
1300 2265 1456 2294 carna-

65 2317 164 2361 liter
186 2317 387 2372 tradidit,
414 2327 462 2362 tu
490 2318 740 2377 spiritaliter
769 2319 918 2363 furens
947 2319 1235 2379 Evangelium
1257 2329 1455 2364 sanctum

68 2389 253 2434 flammis
279 2389 492 2449 sacrilegis
527 2390 756 2435 tradidisti.
794 2392 929 2435 ,ludas
961 2390 1251 2449 legislatorem
1274 2391 1455 2435 tradidit

65 2460 262 2520 perfidis,
288 2471 334 2504 tu
358 2462 480 2520 quasi
500 2464 592 2521 ejus
610 2461 808 2521 reliquias
827 2462 966 2521 legem
986 2463 1062 2506 Dei
1081 2462 1348 2520 perdendam
1374 2463 1452 2507 lio-

67 2531 256 2575 minibus
277 2531 491 2576 tradidisti
511 2551 519 2576 2
539 2533 660 2591 quisi
677 2532 815 2591 legem
839 2531 1056 2591 diligeres,
1075 2543 1122 2577 ut
1140 2534 1322 2593 juvenes
1343 2536 1454 2578 Mac-

119 2624 125 2639 ¹
150 2617 261 2649 Manli,
282 2628 381 2659 xxvn,
405 2618 437 2659 4.
451 2635 489 2642 -
507 2625 519 2640 ²
539 2620 631 2651 Joan.
653 2628 730 2659 xvii,
754 2627 860 2650 12—
879 2617 891 2641 3
912 2618 992 2650 Psal.
1015 2629 1099 2660 cvm,
1119 2620 1150 2652 8.
