1825 3264
316 291 477 320 comm
511 292 711 320 Li'rTEnu
744 292 979 331 PETtLtAM,
1015 294 1098 321 Lis.
1137 295 1202 320 111.
1389 285 1468 322 157

22 393 23 398 ,
82 357 201 402 volos
227 366 271 401 et
296 366 455 402 temere
479 357 679 402 credulos
700 357 859 401 malam
882 357 1043 402 famam
1068 359 1254 414 faciant,
1277 375 1394 404 arma
1411 361 1471 405 si-

81 428 215 472 nistra
230 437 332 473 sunt
349 449 361 486 3
386 428 516 473 etiam
535 429 600 473 his
621 426 821 472 diabolus
833 438 1120 488 expugnatur.
1141 432 1252 475 Cum
1268 431 1380 474 enim
1396 446 1473 490 per

81 497 241 542 bonam
273 497 431 543 samam
464 499 703 559 probamur
734 508 882 543 utrum
916 514 994 543 nos
1026 499 1070 542 in
1102 501 1349 558 superbiam
1384 517 1473 546 uon

20 587 23 598 ’
80 568 337 614 extollamus
352 605 362 625 ,
388 579 431 614 et
453 585 530 629 per
547 569 703 614 malam
723 567 882 613 famam
905 570 1143 628 probamur
1166 579 1312 613 utrum
1329 571 1473 615 inimi-

18 654 21 687 ;
81 655 152 684 cos
180 655 252 685 eos
280 641 393 699 ipsos
415 656 438 685 a
469 640 630 700 quibus
652 640 778 685 nobis
800 640 1091 699 confingitur,
1117 640 1370 698 diligamus,
1396 657 1472 700 per

79 725 196 755 arma
208 711 387 770 justitiae
405 711 581 756 dextera
611 721 653 755 et
676 712 844 756 sinistra
868 711 1093 757 diabolum
1114 711 1342 756 vincimus.
1364 713 1472 764 Quae

78 795 178 824 curn
202 780 436 840 Apostolus
459 792 838 826 commemorasset
855 782 1029 826 dicens:
1059 800 1075 821 «
1101 784 1181 825 Per
1205 797 1320 825 arma
1339 782 1470 841 justi-

82 868 102 892 »
131 850 201 895 tiae
223 849 398 896 dextera
431 862 473 896 et
504 853 704 898 sinistra:
733 872 751 895 υ
778 854 987 898 continuo
1019 861 1228 912 tanquam
1256 868 1474 911 exponens

78 922 184 981 quid
206 923 363 968 dixerit
385 942 393 968 ε
424 943 439 963 «
466 927 547 968 Per
565 923 762 982 gloriam,
791 925 950 984 inquit,
976 934 1018 968 et
1041 923 1376 982 ignobilitatem,
1398 940 1474 983 per

80 1009 100 1032 »
127 992 349 1038 infamiam
373 1003 416 1037 et
439 994 599 1039 bonam
618 994 796 1049 famam,
822 1005 864 1039 et
886 1004 1042 1039 caetera
1061 993 1189 1038 talia¹
1214 1014 1222 1038 ε
1248 1013 1267 1036 »
1291 994 1472 1053 gloriam

12 1082 19 1099 ·:
77 1062 239 1107 scilicet
256 1074 298 1107 et
323 1065 480 1108 bonam
500 1065 660 1109 famam
683 1080 915 1110 numerans
939 1066 983 1109 in
1005 1064 1132 1110 armis
1155 1065 1331 1123 dextris,
1355 1066 1400 1109 in
1417 1065 1472 1108 si-

12 1164 16 1169 .
76 1132 219 1177 nistris
237 1143 382 1178 autem
405 1134 723 1192 ignobilitatem
747 1145 790 1178 et
811 1135 1053 1179 infamiam.

8 1255 9 1260 Ἰ
134 1206 253 1247 XIV.
279 1207 320 1249 Si
345 1220 448 1263 ergo
473 1220 567 1248 sum
604 1205 676 1249 Dei
706 1220 852 1249 servus
878 1215 921 1250 et
956 1205 1076 1250 miles
1100 1221 1189 1250 non
1222 1206 1435 1264 reprobus
1456 1239 1467 1261 ,

7 1274 15 1309 ἶ
77 1272 320 1332 quamlibet
356 1274 539 1318 disertus
569 1275 833 1320 conviciator
865 1276 909 1318 in
936 1291 1004 1319 me
1028 1275 1264 1319 Petilianus
1299 1275 1467 1330 existat,

75 1343 290 1403 numquid
313 1343 492 1388 moleste
520 1344 634 1388 ferre
652 1344 792 1389 debeo
810 1379 820 1399 ,
845 1345 946 1404 quia
971 1331 1082 1388 mihi‘
1101 1360 1324 1389 armorum
1346 1345 1471 1388 sinis-

75 1422 242 1459 trorum
265 1414 389 1459 faber
424 1415 725 1459 solertissimus
748 1424 923 1475 paratus
952 1423 1015 1458 est
1045 1416 1061 1456 ?
1083 1416 1203 1474 Opus
1226 1423 1289 1458 est
1330 1423 1380 1458 ut
1402 1415 1468 1459 his

11 1504 14 1512 ·
71 1484 118 1529 in
140 1486 355 1545 adjutorio
383 1487 554 1531 Domini
572 1486 656 1530 mei
674 1486 926 1545 peritissime
942 1485 1167 1541 dimicem,
1195 1495 1238 1530 et
1255 1486 1316 1529 eis
1339 1484 1467 1529 illum

10 1574 13 1596 ι
74 1555 227 1601 feriam
242 1566 393 1601 contra
415 1573 545 1617 quem
567 1557 837 1602 invisibiliter
858 1572 1023 1616 pugno,
1050 1557 1126 1617 qui
1149 1557 1470 1616 perversissima

5 1648 11 1671 ·,
76 1637 119 1671 et
136 1629 434 1688 antiquissima
456 1629 611 1673 astutia
632 1627 787 1673 callide
805 1629 991 1673 intendit
1010 1638 1053 1673 et
1075 1629 1188 1687 agit,
1222 1635 1271 1672 ut
1294 1635 1470 1687 propter

76 1699 170 1744 haec
194 1699 454 1745 Petilianum
482 1700 676 1755 oderim,
708 1716 758 1744 ac
778 1700 838 1744 sic
866 1709 1134 1759 praeceptum
1158 1699 1319 1744 Christi
1349 1697 1470 1757 quod

75 1770 155 1814 ait:
181 1770 354 1830 Diligite
376 1771 572 1816 inimicos
586 1781 750 1815 vestros
762 1772 824 1825 ²,»
843 1771 1023 1830 implere
1041 1786 1130 1815 non
1148 1770 1323 1829 possim.
1341 1767 1471 1822 Quod

74 1856 98 1884 a
116 1856 185 1885 me
204 1851 369 1887 avertat
385 1843 476 1902 ejus
498 1842 806 1897 misericordia,
830 1843 905 1901 qui
924 1857 992 1884 me
1011 1840 1176 1896 dilexit,
1203 1849 1245 1884 et
1268 1839 1465 1893 tradidit,

75 1912 352 1972 semetipsum
375 1928 455 1972 pro
474 1929 557 1968 me,
585 1922 634 1956 ut
656 1912 850 1971 pendens
872 1913 916 1956 in
939 1927 1067 1957 cruce
1082 1911 1266 1955 diceret:
1289 1914 1464 1963 «Pater,

80 2001 98 2023 »
134 1983 307 2041 ignosce
329 1981 428 2036 illis,
453 1984 555 2043 quia
577 1983 777 2026 nesciunt
799 1982 905 2042 quid
936 1982 1133 2026 faciunt³
1162 2000 1170 2024 ;
1198 2000 1218 2022 »
1245 1995 1389 2039 neque
1411 1978 1466 2022 de

76 2052 287 2097 Petiliano
299 2063 343 2097 et
357 2052 515 2097 talibus
529 2052 712 2096 inimicis
726 2053 830 2096 meis
847 2051 991 2096 dicere
1003 2050 1180 2095 doceret
1199 2069 1206 2095 :
1227 2069 1248 2092 «
1262 2050 1462 2103 Domine,

78 2140 98 2163 »
133 2123 307 2180 ignosce
328 2122 426 2176 illis,
447 2123 549 2182 quia
572 2122 771 2166 nesciunt
789 2122 896 2182 quid
919 2121 1178 2182 loquuntur.
1203 2138 1222 2161 »

133 2196 230 2238 XV.
286 2192 470 2239 Proinde
514 2195 547 2238 si
589 2194 876 2253 impetravero
906 2209 929 2237 a
953 2193 1073 2238 vobis
1091 2227 1102 2246 ‚
1132 2192 1242 2236 sicut
1263 2189 1461 2244 intendi,

77 2274 126 2309 ut
154 2274 323 2323 remoto
359 2266 413 2309 ab
443 2265 597 2308 animis
629 2265 779 2309 vestris
804 2265 921 2309 omni
945 2263 1088 2308 studio
1112 2264 1327 2322 partium,
1354 2264 1466 2304 inter

72 2350 142 2379 me
181 2344 222 2379 et
255 2336 513 2380 Petilianum
542 2336 657 2395 aequi
693 2334 863 2395 judices
901 2335 990 2379 sitis
1027 2356 1037 2390 3
1073 2333 1300 2378 ostendam
1342 2331 1465 2375 vobis

76 2421 165 2449 non
204 2421 305 2449 eum
339 2405 608 2465 respondisse
638 2406 806 2464 scriptis
837 2405 941 2449 meis
969 2425 977 2448 :
1012 2414 1060 2448 ut
1093 2402 1339 2460 intelligatis
1363 2401 1465 2461 quia

76 2475 266 2520 veritatis
283 2477 428 2535 inopia
450 2485 624 2520 coactus
642 2476 696 2519 sit
717 2491 889 2520 causam
906 2474 1166 2534 relinquere,
1190 2482 1232 2517 et
1254 2473 1298 2516 in
1323 2473 1461 2516 homi-

78 2535 196 2604 nem,
219 2547 295 2607 qui
317 2547 489 2595 eamsic
512 2547 599 2605 egit
622 2555 670 2590 ut
693 2546 952 2605 respondere
975 2544 1047 2589 ille
1069 2560 1157 2589 non
1182 2553 1340 2603 posset,
1365 2558 1464 2603 quae

128 2641 135 2656 ¹
158 2642 176 2665 ἰ
196 2636 267 2666 (jor.
286 2645 332 2676 vn,
349 2643 378 2676 7.
396 2651 434 2657 —
451 2639 462 2656 ²
482 2636 558 2666 Luc.
581 2630 905 2673 v1,35.—-³1·l.1n‚
922 2632 972 2671 34'.
