1825 3264
314 254 477 283 con'ruA
511 255 715 283 LITTERAS
748 254 981 293 ΡΕΤιιιΔΝι,
1017 258 1099 283 ιω.
1137 259 1202 284 ιιι.
1372 249 1452 286 177

70 319 417 373 misericorditer,
452 329 502 365 ut
523 330 716 376 sanetur,
737 335 870 380 quam
904 320 1076 367 lenibus
1100 322 1319 368 blanditiis
1342 325 1455 370 adu-

67 390 213 436 latoris
235 392 395 449 ungui,
420 399 468 435 ut
491 392 683 436 infletur.

126 462 330 505 XXXIX.
367 463 688 507 Commemorat
722 460 956 505 Petilianus
979 470 1022 505 et
1054 463 1299 521 apostolum
1325 467 1453 510 Joan-

66 546 165 576 nem
187 533 404 577 monuisse
420 568 431 589 ,
460 549 514 577 ne
536 533 655 578 omni
677 533 845 592 spiritui
867 533 1084 588 credatur,
1110 534 1185 578 sed
1210 536 1451 593 probentur

65 602 260 661 spiritus,
293 602 329 646 si
351 618 403 647 ex
425 605 514 648 Deo
541 612 643 648 sunt
667 605 679 629 ¹
705 621 712 647 :
733 603 855 662 quasi
884 601 938 646 ad
979 604 1060 647 hoc
1090 604 1349 649 adhibeatur
1372 607 1453 650 ista

66 670 313 731 diligentia,
340 682 389 716 ut
413 688 531 718 nunc
558 682 658 718 ante
680 682 853 732 tempus
874 672 1146 718 frumentum
1176 689 1198 718 a
1232 676 1353 733 palea
1386 692 1456 720 se-

65 751 256 802 paretur,
297 758 346 787 ac
384 759 474 789 non
504 744 646 803 potius
686 758 740 788 ne
770 743 1041 787 frumentum
1064 760 1087 788 a
1112 744 1233 803 palea
1258 745 1453 804 decipia-

65 821 136 857 tur
177 832 186 858 ε
226 822 298 858 aut
342 830 444 859 vero
489 816 618 859 etiam
652 815 826 874 spiritus
863 815 1048 859 mendax
1091 815 1125 858 si
1166 814 1333 875 aliquid
1367 817 1457 861 veri

65 883 242 939 dixerit,
267 883 367 929 ideo
405 885 654 943 negandum
682 894 766 940 est,
799 885 900 945 quia
925 886 1008 930 hoc
1032 885 1312 931 detestandus
1334 886 1459 946 spiri-

67 963 134 998 tus
163 953 284 999 dixit.
312 956 442 1008 Quod
466 956 663 1016 quisquis
690 956 941 1010 arbitratur,
976 965 1062 1000 tarn
1093 956 1270 1001 demens
1299 966 1384 1012 est,
1410 965 1460 1000 ut

65 1024 179 1070 forte
215 1027 451 1072 contendat
489 1031 664 1072 Petrum
705 1043 793 1072 non
830 1026 1031 1071 debuisse
1065 1027 1241 1073 dicere:
1280 1047 1299 1070 «
1328 1032 1391 1072 Tu
1416 1044 1458 1072 es

0 1119 1 1122 ¹
67 1114 86 1136 »
122 1097 318 1142 Christus
346 1098 481 1142 Filius
505 1099 581 1143 Dei
597 1099 681 1143 vivi
697 1102 744 1143 ¹²:
778 1117 798 1139 »
824 1098 926 1157 quia
952 1097 1036 1142 tale
1058 1097 1224 1158 aliquid
1245 1100 1336 1158 jam
1360 1098 1453 1143 dae-

66 1181 215 1212 mones
257 1168 470 1213 dixerant.
509 1171 620 1214 Cum
652 1184 753 1227 ergo
777 1169 1016 1228 baptismus
1045 1169 1228 1224 Christi,
1254 1170 1341 1214 sive
1380 1185 1457 1229 per

0 1256 2 1258 ’
65 1237 268 1298 iniquum
289 1241 378 1284 sive
395 1255 470 1299 per
480 1242 649 1300 justum
668 1240 934 1284 ministratus
950 1275 961 1296 ,
984 1240 1093 1284 nihil
1115 1240 1234 1285 aliud
1250 1241 1301 1285 sit
1325 1257 1457 1300 quam

65 1308 304 1368 baptismus
324 1311 506 1365 Christi,
534 1312 588 1355 ab
610 1312 786 1356 homine
809 1320 938 1355 cauto
962 1320 1003 1355 et
1022 1311 1140 1355 bono
1158 1310 1277 1355 fideli
1297 1312 1460 1371 iniqui-

66 1388 130 1424 tas
152 1380 341 1425 hominis
368 1390 432 1425 est
455 1380 654 1436 vitanda,
675 1396 765 1426 non
783 1381 859 1425 Dei
892 1390 1160 1425 sacramenta
1192 1382 1455 1426 damnanda.

125 1453 216 1494 XL.
249 1454 299 1495 In
322 1451 388 1495 his
404 1460 520 1496 certe
542 1452 747 1496 omnibus
768 1467 856 1496 non
883 1451 1118 1510 respondet
1138 1450 1399 1506 Petilianus,
1426 1452 1460 1495 si

66 1522 330 1566 conscientia
348 1531 497 1567 sancte
517 1523 658 1566 dantis
680 1522 937 1580 attenditur,
959 1538 1059 1582 quae
1075 1521 1227 1566 abluat
1240 1522 1459 1581 accipien-

66 1590 120 1635 tis
137 1626 147 1645 ,
190 1590 308 1635 unde
344 1592 397 1636 sit
435 1592 678 1636 abluendus
716 1593 791 1652 qui
833 1591 988 1650 accipit
1028 1591 1291 1650 baptismum
1310 1626 1321 1644 ,
1359 1606 1460 1635 cum

0 1663 3 1666 ’
67 1661 209 1705 dantis
232 1661 400 1720 polluta
424 1663 680 1706 constientia
703 1672 788 1716 est,
817 1671 860 1706 et
883 1662 965 1706 hoe
988 1660 1061 1705 ille
1078 1662 1153 1722 qui
1171 1671 1233 1705 est
1252 1671 1459 1721 acceptu·

68 1745 140 1775 rus
160 1732 358 1789 ignorat?
381 1732 559 1792 Collega
590 1735 681 1793 ejus
704 1749 726 1777 a
748 1728 1136 1777 Thubursieubure
1159 1732 1338 1792 quidam
1369 1734 1462 1789 Cy-

0 1819 4 1842 >.
66 1802 242 1862 prianus
264 1819 364 1848 eum
389 1804 636 1863 turpissima
659 1804 838 1848 foemina
856 1804 901 1847 in
915 1803 1118 1862 lupanari
1137 1803 1458 1862 deprehensus,

0 1887 3 1909 t
67 1882 110 1917 et
133 1873 351 1919 Primiano
373 1874 647 1933 Carthaginis
669 1875 843 1920 oblatus
865 1883 998 1934 atque
1020 1873 1252 1918 damnatus
1270 1882 1348 1918 est.
1373 1876 1459 1918 Iste

0 1971 3 1974 -
66 1944 244 2004 quando
263 1945 534 2005 baptizabat,
554 1956 654 1991 ante
676 1961 809 2006 quam
832 1946 1028 1990 detectus
1051 1954 1094 1988 et
1114 1945 1308 2003 abjectus
1331 1952 1457 1998 esset,

66 2029 156 2060 non
192 2017 344 2075 utique
383 2016 575 2061 habebat
609 2017 917 2061 conscientiam
962 2023 1109 2059 sancte
1147 2014 1288 2058 dantis
1309 2048 1319 2068 ,
1361 2028 1460 2072 quae

67 2085 265 2130 ablueret
288 2087 552 2146 accipientis.
594 2087 719 2131 Unde
741 2088 871 2145 igitur
893 2084 1031 2130 abluti
1054 2094 1156 2129 sunt
1176 2120 1187 2140 ,
1227 2085 1302 2145 qui
1330 2083 1460 2128 hodie

66 2156 143 2202 illo
164 2158 371 2202 damnato
389 2173 479 2203 non
501 2159 654 2218 utique
678 2173 824 2202 rursus
860 2156 1130 2202 abluuntur?
1150 2158 1247 2201 Non
1270 2165 1361 2200 erat
1383 2170 1460 2199 ne-

67 2243 183 2273 eesse
200 2238 249 2273 ut
267 2230 489 2274 hominem
512 2231 806 2284 nominarem,
840 2229 920 2272 nisi
949 2243 1004 2272 ne
1033 2227 1267 2272 Petilianus
1299 2227 1459 2271 iterum

68 2297 231 2344 diceret
256 2320 263 2344 :
291 2319 308 2340 «
335 2301 441 2354 Quis
470 2310 533 2345 est
566 2301 670 2354 iste,
707 2310 782 2345 aut
808 2299 926 2344 unde
951 2298 1186 2358 prosiluit?
1215 2300 1304 2343 Cur
1327 2298 1458 2341 istum

68 2370 300 2430 baptistam
325 2372 453 2416 vestri
474 2387 562 2416 non
585 2370 897 2425 discusserunt,
914 2371 1222 2414 sicutJoannes
1247 2367 1458 2412 Petiliano

6 2454 10 2459 ·
67 2441 126 2486 ita
147 2443 360 2486 sentiente
391 2442 608 2487 discussus
641 2445 732 2486 est?
754 2447 818 2487 An
844 2452 886 2487 et
915 2442 1210 2486 discusserunt
1239 2448 1456 2498 quantum

119 2539 125 2552 ¹
155 2542 163 2563 ι
191 2533 281 2563 Joan.
300 2543 346 2566 iv.
375 2532 711 2572 =.—=’Matt11.xv=‚
739 2533 789 2572 16,
817 2544 827 2573 ‚-
856 2533 961 2563 Mai-e.
994 2542 1015 2570 ι,
1049 2531 1114 2571 24¹3
1144 2532 1221 2562 Luc.
1251 2537 1317 2569 viri,
1344 2531 1399 2566 28,
1428 2535 1459 2559 et

71 2587 189 2620 Matth.
208 2599 275 2628 vni,
293 2597 345 2630 99.

233 2675 422 2706 cxxxix.
1225 2664 1267 2700 12
