1825 3264
337 234 420 273 262
770 243 804 269 s.
840 241 1069 269 aueum-tm
1101 240 1283 269 nnscom

339 311 454 355 enim
471 322 561 368 quo
576 307 723 351 veniat
738 306 793 350 ad
811 320 1014 366 sponsum
1034 320 1178 360 suum,
1199 314 1243 350 et
1259 305 1363 350 dicit
1378 305 1466 351 ei¹:
1493 324 1514 348 «
1533 306 1722 351 Annun-

344 401 360 421 ι)
387 380 444 422 tia
464 378 717 437 mihiquem
741 375 890 421 dilexit
911 377 1051 420 anima
1075 390 1173 419 mea
1188 409 1199 430 ‚
1219 375 1295 420 ubi
1313 375 1450 435 pascis
1465 409 1476 430 ‚
1496 376 1575 420 ubi
1589 375 1724 421 cubas

338 468 358 492 »
385 450 431 492 in
451 447 648 492 meridie.
673 466 693 489 »
714 446 873 492 Adhuc
890 448 1007 492 enim
1026 447 1105 491 ista
1120 445 1311 491 Ecclesia
1331 456 1395 492 est
1414 462 1514 507 quae
1530 446 1726 508 loquitur

336 529 379 564 et
401 519 580 579 quaerit,
605 518 683 562 ubi
705 519 757 563 sit
778 518 969 563 Ecclesia
995 518 1041 562 in
1060 517 1255 562 meridie.
1278 519 1430 577 Neque
1450 517 1567 562 enim
1588 517 1724 562 inter-

334 599 474 649 rogat,
505 608 525 631 «
556 589 640 633 Ubi
669 588 823 649 pascis,
846 589 923 633 ubi
940 588 1094 643 cubas,
1127 606 1148 629 »
1174 596 1218 632 et
1234 588 1273 631 ei
1288 586 1593 648 respondetur,
1621 606 1642 630 «
1668 590 1721 632 In

337 678 358 702 »
385 659 591 705 meridie:
613 677 635 701 »
662 668 870 719 tanquam
913 673 1096 719 sponsus
1136 658 1414 718 respondeat,
1456 661 1507 703 In
1544 657 1726 703 meridie
1794 664 1799 715 j

333 747 479 791 pasco,
504 732 550 774 in
570 729 750 774 meridie
771 730 887 775 cubo
914 748 924 775 ε
946 729 1022 774 sed
1039 730 1183 774 omnia
1204 730 1284 774 ista
1306 729 1440 774 verba
1463 727 1519 773 ad
1540 729 1726 774 interro-

332 803 550 863 gationem
569 803 803 861 pertinent,
829 821 848 844 «
869 802 953 847 Ubi
970 802 1124 861 pascis,
1147 802 1226 845 ubi
1243 802 1379 846 cubas
1401 801 1448 844 in
1470 800 1683 845 meridie?
1700 818 1722 842 »

336 873 494 918 Adhuc
516 873 630 916 enirn
653 873 744 932 ipsa
763 873 897 928 dicit,
926 891 947 914 «
968 874 1031 918 Ne
1049 872 1163 917 forte
1181 873 1284 916 fiam
1302 872 1414 916 sicut
1428 879 1579 930 operta
1598 886 1729 931 super

336 963 357 986 »
385 959 535 1003 greges
547 943 758 988 sodalium
773 953 965 988 tuorum.
985 961 1005 985 n
1021 946 1046 988 J
1050 959 1119 987 arn
1134 958 1237 988 vero
1249 942 1323 987 ifle
1336 944 1586 1002 respondet,
1603 961 1623 985 «
1638 942 1729 988 N'rsi

337 1015 637 1072 »cognoveris
664 1016 952 1074 temetipsam,
986 1029 1012 1058 o
1046 1013 1205 1059 decora
1239 1014 1352 1057 inter
1375 1013 1596 1068 mulieres,
1628 1031 1650 1053 »
1686 1022 1730 1057 et

335 1094 506 1130 caetera.
525 1086 620 1128 Non
642 1100 745 1143 ergo
767 1085 833 1128 his
850 1084 993 1129 verbis
1012 1084 1271 1138 ostenditur,
1291 1084 1338 1128 in
1354 1082 1443 1128 sola
1458 1093 1581 1144 parte
1597 1084 1730 1128 meri-

336 1155 464 1200 diana
484 1171 573 1199 esse
600 1154 839 1200 Ecclesiam
863 1175 872 1200 z
898 1155 972 1200 sed
995 1156 1039 1199 in
1063 1155 1156 1200 aliis
1181 1154 1336 1199 mundi
1355 1156 1555 1215 partibus
1568 1155 1732 1201 consti-

336 1236 450 1282 tuta,
470 1228 710 1285 interrogat
732 1226 911 1271 fortasse
937 1227 1046 1287 quid
1066 1226 1120 1272 ad
1143 1229 1235 1288 ejus
1256 1228 1610 1272 communionem
1633 1242 1732 1287 per-
1800 1224 1803 1279 ξ

338 1299 472 1343 tineat
488 1299 534 1342 in
553 1298 734 1343 meridie
748 1334 758 1354 ,
783 1298 827 1342 id
845 1309 908 1344 est
925 1335 936 1355 ,
962 1300 1041 1343 ubi
1062 1315 1245 1359 sponsus
1265 1302 1358 1359 ejus
1376 1308 1523 1359 pascat
1537 1308 1581 1344 et
1597 1299 1731 1344 cubet

338 1370 384 1414 in
416 1370 621 1426 meridie,
654 1370 755 1429 quia
787 1385 884 1414 suos
917 1371 1070 1429 pascit,
1106 1380 1149 1415 et
1179 1371 1224 1415 in
1253 1372 1338 1415 suis
1361 1372 1507 1416 cubat.
1535 1371 1732 1415 Veniunt
1800 1357 1803 1414 ζ

339 1441 455 1484 enim
478 1440 680 1500 quaedam
703 1442 898 1485 membra
921 1442 1027 1501 ejus,
1053 1441 1098 1485 id
1123 1450 1202 1496 est,
1228 1441 1334 1486 boni
1355 1440 1505 1486 fideles
1523 1456 1573 1485 ex
1595 1442 1730 1501 parti-

339 1511 422 1556 bus
459 1514 755 1557 transmarinis
789 1513 833 1556 in
867 1512 1076 1569 Africam,
1108 1522 1150 1557 et
1179 1528 1277 1557 cum
1309 1512 1527 1557 audierint
1548 1513 1620 1557 hic
1642 1528 1732 1558 esse
1771 1552 1777 1561 „

338 1591 507 1642 partem
532 1584 706 1638 Donati,
741 1584 943 1627 timentes
979 1599 1033 1627 ne
1066 1583 1260 1628 incidant
1289 1584 1334 1627 in
1370 1598 1524 1628 manus
1553 1583 1733 1644 alicujus

339 1653 693 1712 rebaptizatoris,
731 1654 938 1699 invocant
973 1655 1194 1699 Christum
1237 1663 1410 1699 orantes
1441 1664 1485 1699 et
1521 1653 1729 1710 dicentes,

345 1742 365 1765 «
390 1724 613 1768 Annuntia
629 1725 733 1768 mihi
757 1740 889 1785 quem
912 1725 1064 1769 dilexit
1086 1726 1228 1769 anima
1250 1740 1361 1779 mea,
1384 1726 1461 1769 ubi
1483 1726 1636 1785 pascis,
1652 1726 1731 1770 ubi

344 1814 364 1835 »
390 1795 524 1838 cubas
547 1795 593 1838 in
616 1795 811 1850 meridie,
841 1815 860 1836 »
886 1795 930 1839 id
954 1805 1032 1850 est,
1056 1796 1130 1856 qui
1153 1796 1237 1840 sint
1255 1796 1455 1840 meridies
1475 1797 1550 1840 ubi
1566 1806 1614 1840 tu
1634 1811 1732 1856 pas-

340 1865 400 1909 cis
422 1873 465 1908 et
486 1866 621 1909 cubas
641 1901 651 1920 ,
684 1865 730 1909 id
751 1875 829 1920 est,
855 1867 931 1926 qui
954 1867 1119 1910 habent
1140 1866 1412 1921 charitatem,
1439 1876 1482 1911 et
1504 1883 1594 1911 non
1616 1867 1731 1912 divi-

341 1936 454 1979 dunt
471 1937 698 1980 unitatem.
720 1939 776 1980 Et
791 1935 890 1981 vide
907 1936 1013 1997 quid
1032 1937 1240 1997 adjungat
1259 1955 1268 1981 ε
1289 1956 1309 1979 «
1327 1939 1390 1982 Ne
1407 1935 1521 1981 forte
1539 1937 1640 1981 fiam
1656 1952 1731 1981 ve·
1798 1946 1802 1970 ⁴·

343 2024 364 2047 ³»
392 2005 459 2050 lut
481 2016 629 2065 operta
656 2022 784 2066 super
806 2023 955 2067 greges
977 2007 1193 2052 sodalium
1215 2017 1392 2052 tuorum
1417 2024 1428 2051 .·
1455 2025 1476 2050 »
1503 2006 1550 2052 id
1571 2017 1651 2063 est,
1676 2023 1732 2052 ne

340 2075 452 2120 forte
465 2075 585 2121 velut
599 2077 737 2122 latens
750 2087 790 2122 et
804 2079 1024 2137 incognita
1042 2087 1085 2122 et
1100 2092 1189 2122 non
1208 2078 1412 2133 revelata,
1431 2078 1516 2123 hoc
1533 2087 1597 2123 est
1614 2078 1731 2122 enim

348 2165 368 2187 «
393 2155 543 2205 operta
565 2147 682 2202 fiam,
711 2167 731 2189 »
768 2164 858 2193 non
890 2163 1020 2208 super
1052 2163 1227 2207 gregem
1259 2158 1412 2204 tuum,
1441 2148 1517 2193 sed
1552 2167 1573 2191 «
1602 2164 1732 2208 super

344 2234 365 2257 »
391 2231 536 2274 greges
555 2217 767 2262 sodalium
785 2229 978 2275 tuorum,
997 2238 1017 2262 »
1040 2220 1233 2279 quicum
1250 2220 1391 2279 primo
1409 2228 1553 2264 tecum
1571 2228 1728 2274 essent,

342 2296 460 2331 extra
496 2287 700 2347 colligere
736 2289 987 2345 voluerunt,
1023 2305 1112 2334 non
1140 2299 1267 2334 tuum
1297 2304 1486 2348 gregem,
1528 2290 1605 2334 sed
1631 2305 1730 2335 suos

342 2370 522 2416 greges,
553 2374 632 2402 nec
663 2358 896 2404 audierunt
923 2369 966 2404 te
994 2361 1212 2405 dicentem
1239 2379 1247 2405 :
1284 2379 1305 2402 «
1338 2361 1423 2414 Qui
1447 2375 1618 2405 mecum
1640 2376 1730 2405 non

344 2445 365 2468 >1
391 2428 571 2488 colligit,
597 2431 759 2489 spargit
779 2433 795 2457 ²
814 2447 826 2482 ;
848 2446 928 2476 nec
948 2431 1069 2492 quod
1091 2435 1219 2476 Petro
1240 2431 1401 2486 disisfi,
1430 2450 1450 2474 ι(
1476 2434 1607 2476 Pasce
1628 2446 1729 2477 oves

395 2536 403 2550 1
422 2530 500 2562 Yide
521 2542 701 2565 sermonem
720 2544 791 2567 nm
806 2533 846 2567 de
868 2533 1063 2577 Pastoricus,
1082 2544 1168 2568 num.
1185 2533 1242 2572 35,
1259 2537 1293 2567 et
1309 2544 1403 2567 serm.
1423 2544 1568 2576 cxxxvtu,
1585 2544 1618 2567 u.
1636 2545 1670 2577 9.
1686 2550 1727 2558 —

348 2592 359 2607 2
379 2586 496 2617 Matth.
515 2597 569 2622 xri,
586 2587 640 2619 30.
