1825 3264
523 251 576 277 DE
612 249 796 278 omn-rr.
829 250 1042 277 ECCLESIAE.
1391 237 1472 276 271

88 315 260 375 probari
281 329 370 359 nou
387 323 554 374 potest,
587 315 656 360 vel
678 330 777 360 cum
796 315 948 359 debuit
971 314 1171 373 probari,
1204 327 1292 358 non
1315 314 1477 372 potuit,

87 401 176 432 non
199 385 442 445 objiciatur.
479 386 705 446 Quidquid
725 385 780 430 de
805 386 988 446 peccatis
1018 387 1241 430 hominum
1263 394 1307 429 et
1328 399 1480 430 verum

86 467 130 502 et
150 458 382 517 probatum
404 459 624 519 objicitur,
650 473 730 504 nec
754 468 896 503 tamen
919 458 972 502 ad
996 458 1231 512 frumenta,
1252 473 1353 518 quae
1370 457 1483 501 inter

86 527 254 588 paleam
275 527 434 584 latent,
460 529 536 574 sed
559 530 613 574 ad
634 530 770 589 ipsam
792 529 984 589 paleam,
1009 545 1110 588 quae
1131 529 1176 572 in
1201 529 1287 572 fine
1310 543 1484 587 separa-

85 598 219 654 bitur,
244 600 448 659 pertinet,
467 616 555 644 non
575 600 820 660 objiciatur.
847 602 950 644 Haec
968 599 1082 643 enim
1098 609 1141 644 et
1158 615 1236 643 nos
1253 598 1393 643 multo
1409 613 1484 643 co-

85 669 248 728 piosius
270 679 313 714 et
335 670 602 729 probabilius
623 671 809 731 objicere
831 685 1080 730 possumus,
1101 686 1189 714 non
1208 686 1257 714 ea
1276 670 1484 713 inanitate

84 757 172 801 qua
194 741 282 796 illi,
320 752 369 786 ut
397 744 443 787 in
469 743 528 787 eis
549 759 724 788 causam
748 752 939 788 nostram
958 742 1275 787 constituamus
1299 761 1307 786 :
1335 741 1411 786 sed
1435 748 1485 784 ut

83 812 144 857 eis
155 812 449 869 ostendamus,
465 830 555 859 non
572 815 670 859 ideo
694 830 772 859 nos
791 813 906 859 nolle
925 813 1084 858 talibus
1102 813 1251 863 fidere,
1272 816 1373 872 quia
1395 827 1485 856 non

82 883 328 929 invenimus
352 884 449 929 talia
473 901 573 946 quae
592 885 806 940 dicamus,
828 884 904 930 sed
922 900 976 929 ne
992 894 1163 944 tempus
1188 884 1318 928 rebus
1340 898 1483 926 neces-

83 955 202 1000 sariis
226 955 361 1011 utile,
398 957 443 1000 in
472 957 604 1002 rebus
631 973 720 1002 non
750 957 996 1001 necessariis
1029 965 1322 1000 conteramus.
1355 953 1486 1007 Quod

84 1035 311 1085 propterea
334 1025 396 1071 illi
419 1026 609 1083 faciunt,
635 1029 737 1088 quia
762 1027 942 1072 robusta
963 1031 1007 1071 et
1028 1027 1154 1070 firma
1173 1027 1355 1070 veritate
1377 1024 1485 1069 sub-

83 1096 182 1140 nixa
203 1096 491 1153 documenta,
517 1098 678 1159 quibus
700 1113 875 1142 causam
898 1113 1020 1142 suam
1044 1106 1264 1150 tueantur,
1290 1095 1486 1140 invenire

84 1181 174 1211 non
201 1178 413 1226 possunt,
437 1178 480 1213 et
507 1169 662 1214 volunt
680 1169 815 1214 videri
836 1168 1001 1229 aliquid
1023 1169 1189 1222 dicere,
1215 1167 1319 1211 dum
1345 1176 1486 1211 tacere

84 1238 368 1291 erubescunt,
394 1249 438 1283 et
455 1240 600 1284 inania
616 1239 739 1299 loqui
757 1256 846 1284 non
864 1240 1145 1284 erubescunt.
1172 1238 1366 1282 Remotis
1385 1252 1487 1295 ergo

86 1309 292 1354 omnibus
315 1309 475 1354 talibus
498 1310 732 1355 Ecclesiam
758 1327 880 1355 suam
900 1310 1218 1364 demonstrent,
1237 1310 1269 1354 si
1286 1317 1482 1368 possunt,

85 1395 176 1424 non
199 1380 244 1424 in
267 1381 540 1426 sermonibus
557 1392 601 1426 et
624 1383 873 1427 rumoribus
895 1382 1105 1426 Afrorum
1121 1416 1133 1436 ,
1158 1396 1248 1425 non
1274 1380 1318 1423 in
1335 1380 1485 1423 conci-

85 1448 153 1494 liis
175 1452 478 1510 episcoporum
496 1468 698 1508 suorum,
719 1468 806 1496 non
834 1453 880 1496 in
900 1452 1056 1496 litteris
1073 1449 1374 1511 quorumlibet
1396 1449 1486 1493 dis-

87 1530 356 1580 putatorum,
378 1523 525 1567 nonin
537 1524 667 1582 signis
681 1533 723 1568 et
738 1523 942 1583 prodigiis
961 1522 1212 1576 fallacibus,
1235 1521 1337 1581 quia
1356 1521 1487 1564 etiam

88 1602 238 1638 contra
256 1594 334 1638 ista
350 1595 484 1639 verbo
499 1595 671 1640 Domini
691 1596 921 1655 praeparati
938 1604 983 1638 et
999 1594 1117 1639 cauti
1132 1592 1290 1637 redditi
1309 1607 1458 1636 sumus
1474 1610 1484 1636 ι

94 1664 169 1708 sed
184 1665 228 1708 in
243 1666 493 1724 praescripto
509 1665 635 1726 legis,
653 1667 699 1710 in
721 1667 1034 1723 Prophetarum
1047 1664 1287 1724 praedictis,
1307 1663 1352 1707 in
1374 1662 1489 1707 Psal-

89 1749 259 1779 morum
295 1736 494 1780 cantibus
508 1771 519 1791 ,
553 1737 599 1780 in
630 1737 762 1796 ipsius
804 1737 930 1780 unius
966 1737 1152 1781 Pastoris
1193 1735 1374 1780 vocibus
1393 1769 1404 1789 ,
1443 1734 1489 1777 in

89 1798 464 1865 Evangelistarum
484 1806 869 1867 praedicationibus
892 1817 936 1852 et
957 1806 1181 1852 laboribus
1195 1841 1206 1861 ,
1230 1806 1316 1850 hoc
1337 1814 1417 1859 est,
1443 1805 1489 1847 in

88 1877 293 1921 omnibus
326 1878 546 1922 canonicis
573 1889 824 1923 sanctorum
854 1879 1089 1923 Librorum
1135 1876 1483 1922 auctoritatibus.

88 1948 177 1992 Nec
191 1947 271 2003 ita,
293 1958 342 1993 ut
363 1964 412 1993 ea
431 1949 640 2009 colligant
657 1959 699 1994 et
714 1959 1084 2001 commemorent,
1104 1965 1203 2009 quae
1221 1949 1404 1993 obscure
1421 1945 1488 1989 vel

90 2016 301 2076 imbigue,
326 2019 395 2063 vel
415 2021 598 2077 figurate
616 2021 731 2065 dicta
746 2030 869 2074 sunt,
893 2036 993 2080 quae
1010 2021 1194 2079 quisque
1211 2020 1322 2063 sicut
1335 2017 1488 2062 volue-

92 2087 162 2142 rit,
203 2089 512 2148 interpretetur
543 2090 785 2135 secundum
819 2106 994 2135 sensum
1024 2105 1169 2135 suum.
1220 2089 1337 2134 'l'alia
1370 2089 1484 2132 enim

92 2169 208 2204 recte
227 2161 409 2220 intelligi
429 2163 673 2222 exponique
696 2178 784 2207 non
809 2172 1015 2221 possunt,
1042 2163 1121 2207 nisi
1140 2163 1258 2222 prius
1279 2177 1327 2206 ea
1345 2196 1355 2216 ‚
1388 2176 1488 2221 quae

92 2232 358 2291 apertissime
381 2232 496 2277 dicta
518 2242 636 2288 sunt,
663 2235 784 2278 firma
808 2234 894 2278 fide
917 2243 1163 2278 teneantur.

150 2305 352 2347 XLVIII.
372 2304 577 2364 Quisquis
593 2319 696 2363 ergo
713 2306 812 2349 huic
829 2304 1032 2364 Epistolae
1046 2303 1307 2363 respondere
1317 2317 1361 2347 se
1376 2315 1489 2361 prae-

92 2384 232 2433 parat,
258 2385 359 2420 ante
381 2375 609 2430 denuntio,
636 2392 690 2421 ne
708 2378 814 2421 mihi
832 2377 948 2421 dicat
972 2395 981 2422 :
1008 2375 1071 2421 Illi
1097 2374 1267 2420 codices
1291 2373 1489 2417 Domini-

92 2460 164 2490 cos
185 2446 359 2504 ignibus
382 2447 685 2502 tradiderunt,
714 2447 775 2491 illi
792 2447 1029 2491 simulacris
1051 2447 1247 2504 gentium
1273 2445 1490 2488 sacrifica-

92 2526 266 2574 verunt,
288 2516 350 2562 illi
372 2518 497 2562 nobis
515 2519 826 2578 iniquissimam
848 2518 1194 2577 persecutionem
1212 2515 1428 2571 fecerunt,
1447 2524 1491 2560 et

93 2603 170 2634 vos
191 2588 250 2634 eis
268 2589 313 2634 in
334 2587 538 2634 omnibus
558 2589 845 2635 consensistis.
871 2588 1064 2635 Breviter
1085 2588 1203 2634 enim
1224 2584 1482 2648 respondeo,
