1825 3264
346 235 400 275 94
780 245 813 270 s.
850 241 1080 271 AUGUSTINI
1114 242 1294 270 Eroecom

345 319 513 370 postera
547 318 637 364 est,
666 308 747 353 nisi
785 322 888 353 cum
915 306 1165 368 praecedens
1195 306 1308 351 bene
1339 305 1514 350 vivendi
1536 305 1735 363 doctrina

344 379 653 424 contemnitur.
681 378 724 424 Si
749 393 848 438 quae
867 377 1002 437 igitur
1021 377 1226 421 adversus
1247 391 1322 421 vos
1345 375 1463 436 leges
1485 375 1736 430 constitutae
1783 371 1800 437 '43

343 458 468 503 sunt,
491 464 581 494 non
601 448 661 494 eis
682 449 794 493 bene
814 446 955 492 facere
977 446 1207 506 cogimini,
1232 445 1307 491 sed
1327 445 1442 490 male
1465 445 1608 491 facere
1629 461 1735 506 pro·
1783 439 1799 502 ‘tf

341 520 565 569 hibemini.
589 521 698 565 Nam
715 519 828 563 bene
850 517 990 563 facere
1010 533 1140 562 nemo
1162 526 1320 577 potest,
1341 516 1423 563 nisi
1440 516 1633 576 eeigerit,
1653 512 1736 567 nisi
1784 551 1787 556 .

344 590 566 645 amaverit,
587 589 708 650 quod
730 598 792 634 est
811 589 856 633 in
877 588 1014 633 libera
1040 588 1267 632 voluntate
1288 607 1296 632 2
1323 587 1450 632 timor
1472 595 1618 631 autem
1641 602 1737 657 poe·

347 675 500 704 narum
516 661 595 704 etsi
617 658 816 704 nondum
836 659 970 702 habet
1003 658 1336 703 delectationem
1361 657 1490 702 bonae
1512 657 1738 703 conscien-
1783 653 1799 703 13

346 731 417 774 tiae
434 765 444 785 ‚
470 730 622 775 saltem
645 731 755 774 intra
781 729 968 774 claustra
991 730 1264 788 cogitationis
1286 732 1459 773 coercet
1474 727 1636 773 malam
1658 743 1739 775 cu-
1780 736 1796 771 .“

347 800 588 860 piditatern.
605 801 690 855 Qui
710 811 853 845 tamen
869 800 1067 845 adversas
1084 800 1199 860 leges
1217 800 1555 856 constituerunt,
1576 800 1738 860 quibus
1795 810 1797 829 ²

348 881 488 916 vestra
517 873 828 931 comprimatur
855 872 1034 916 audacia
1059 873 1076 912 ⁶?
1098 886 1245 915 nonne
1278 870 1323 914 hi
1356 869 1410 914 de
1440 870 1601 931 quibus
1634 869 1741 915 dicit
1794 870 1796 874 ⁴

348 941 581 1001 Apostolus
601 957 636 982 :«
655 943 763 994 Quia
785 957 873 986 non
895 942 986 986 sine
1009 957 1135 985 causa
1161 940 1352 1000 gladium
1377 950 1571 1000 portant,
1596 942 1742 986 minis·
1789 982 1797 989 .

352 1032 370 1054 »
408 1014 461 1056 tri
489 1013 604 1057 enim
629 1014 704 1056 Dei
722 1022 839 1067 sunt,
856 1012 1047 1057 vindices
1065 1013 1109 1056 in
1132 1013 1239 1055 iram
1261 1013 1298 1056 ei
1314 1012 1391 1071 qui
1415 1011 1528 1056 male
1551 1012 1693 1070 agit1?
1718 1032 1737 1058 a»

349 1086 455 1127 Tota
468 1084 598 1141 igitur
611 1085 793 1143 quaestio
811 1092 890 1138 est,
909 1093 1057 1127 utrum
1077 1098 1152 1128 vos
1168 1098 1256 1126 non
1278 1082 1389 1126 male
1410 1082 1563 1140 agatis,
1578 1082 1742 1143 quibus
1789 1081 1794 1088 ’

350 1155 456 1198 tanti
477 1155 716 1198 schismatis
738 1153 1010 1212 sacrilegium
1035 1153 1184 1212 objicit
1207 1152 1324 1196 orbis
1348 1161 1561 1196 terra-:um
1582 1172 1591 1198 ι
1617 1154 1742 1214 cujus
1790 1165 1793 1172 “

347 1224 598 1283 quaestionis
620 1223 884 1268 discussione
905 1223 1125 1282 neglecta,
1145 1223 1364 1282 superflua
1401 1223 1636 1284 loquimini
1662 1244 1674 1283 3
1702 1233 1746 1270 et

347 1310 447 1338 cum
468 1295 620 1339 vivatis
643 1305 691 1339 ut
711 1295 902 1339 latrones
934 1296 966 1348 2,
994 1295 1103 1338 mori
1135 1310 1208 1339 vos
1232 1295 1404 1354 jactatis
1428 1304 1477 1340 ut
1504 1305 1739 1354 martyres.

346 1367 402 1408 Et
419 1364 520 1424 quia
540 1365 606 1408 vel
625 1365 733 1423 ipsas
747 1364 876 1423 leges,
891 1364 959 1408 vel
972 1364 1178 1409 invidiam
1192 1363 1450 1420 formidatis,
1462 1366 1532 1410 vel
1547 1365 1604 1410 ad
1615 1366 1742 1412 resis-

349 1434 532 1478 tendum
544 1435 728 1494 impares
738 1435 852 1490 estis,
865 1451 953 1479 non
964 1435 1061 1480 dico
1071 1434 1276 1480 adversus
1290 1445 1354 1480 tot
1364 1437 1578 1491 homines,
1588 1437 1664 1482 sed
1672 1437 1743 1486 ad-

348 1520 496 1549 versus
513 1515 576 1549 tot
595 1515 742 1564 gentes
758 1506 991 1550 catholicas
1003 1527 1013 1564 3
1026 1506 1153 1550 etiam
1173 1507 1227 1550 de
1244 1506 1581 1551 mansuetudine
1593 1507 1744 1566 gloria-

348 1575 475 1629 mini,
494 1577 613 1636 quod
626 1577 680 1620 ad
692 1587 879 1638 vestram
898 1587 1063 1636 partem
1077 1579 1295 1622 neminem
1317 1578 1486 1638 cogitis.
1500 1581 1590 1623 Isto
1611 1578 1743 1624 modo

348 1645 575 1701 etmilvus‚
597 1662 695 1691 cum
713 1646 855 1706 pullos
879 1663 1031 1706 rapere
1054 1650 1230 1692 territus
1255 1664 1345 1693 uon
1358 1649 1564 1708 potuerit,
1577 1650 1744 1694 colum-

348 1716 452 1760 bum
469 1733 512 1760 se
535 1719 746 1762 nominet.
770 1719 854 1763 Ubi
873 1719 989 1762 enim
1002 1719 1219 1778 potuistis,
1236 1729 1278 1763 et
1295 1735 1386 1764 non
1409 1718 1567 1765 fecistis
1582 1722 1598 1762 ’ἒ
1617 1721 1742 1766 Unde

348 1786 571 1830 ostenditis
589 1804 721 1847 quam
740 1788 865 1847 plura
884 1787 1100 1843 faceretis,
1123 1790 1157 1833 si
1179 1790 1377 1848 possetis.
1399 1790 1588 1844 Quando
1611 1790 1745 1835 Julia-

349 1873 429 1901 nus
449 1857 585 1912 vobis‚
604 1859 763 1903 Christi
783 1858 979 1903 invidens
994 1860 1105 1918 paci,
1123 1858 1533 1906 basilicasreddidit
1546 1861 1740 1918 unitatis,

348 1943 445 1986 quae
470 1937 632 1988 strages
653 1945 675 1972 a
696 1929 819 1973 vobis
847 1927 974 1973 factae
992 1932 1098 1983 sint,
1123 1930 1302 1989 quando
1332 1931 1553 1978 vobiscum
1579 1931 1740 1991 apertis

349 1997 520 2057 templis
540 1999 626 2042 suis
650 1999 778 2042 etiam
801 1999 1021 2043 daemones
1053 1998 1342 2056 exultabant,
1367 2001 1464 2061 quis
1486 2017 1744 2047 commemo-

351 2083 442 2111 rare
458 2069 666 2113 sufficiat?
679 2068 800 2113 Bello
821 2070 1043 2114 Fit-miano
1062 2086 1162 2130 quae
1185 2087 1208 2114 a
1230 2071 1555 2131 vobisRogatus
1564 2075 1743 2122 Maurus

350 2137 591 2194 pertulerit,
607 2139 697 2197 ipsa
713 2140 971 2183 Mauritania
989 2141 1262 2186 Caesariensis
1287 2142 1594 2203 interrogetur.
1615 2146 1742 2193 Tem-

350 2221 454 2265 pore
476 2207 752 2262 Gildoniano,
771 2211 872 2269 quia
892 2226 1002 2254 unus
1023 2211 1216 2272 collega3
1232 2222 1370 2258 vester
1389 2212 1742 2258 familiarissimus

352 2278 512 2322 amicus
546 2279 636 2338 ejus
660 2278 761 2333 fuit,
792 2279 979 2324 viderint
1012 2282 1343 2328 Maximianistae
1376 2299 1476 2344 quae
1508 2285 1735 2338 senserint.
1766 2306 1776 2321 ·-

349 2350 458 2393 Nam
487 2348 758 2394 Felicianum
785 2351 944 2409 ipsum,
981 2353 1056 2412 qui
1076 2353 1209 2398 modo
1238 2355 1461 2400 vobiscum
1491 2366 1582 2410 est,
1617 2357 1651 2401 si
1685 2355 1741 2401 ad
1785 2363 1787 2367 '

343 2418 650 2477 jusjurandum
669 2418 819 2464 liceret
844 2436 1077 2480 provocare
1093 2458 1104 2479 ‚
1131 2432 1279 2468 utrum
1301 2425 1357 2469 ad
1379 2427 1739 2472 communionem

399 2520 405 2535 ¹
430 2520 521 2551 Rom.
538 2530 602 2561 nu,
621 2519 654 2562 4.
668 2539 710 2545 -
722 2529 734 2546 ²
752 2522 831 2556 Vide
843 2524 943 2566 Epist.
960 2535 1113 2568 nxuvui,
1133 2537 1165 2558 n.
1186 2529 1220 2560 8.
1237 2544 1279 2551 —-
1292 2534 1305 2552 ²
1322 2529 1459 2571 Optatus
1472 2529 1739 2572 Thamugadensis

350 2572 469 2608 amicus
483 2574 639 2608 Giidonis.
1700 2578 1703 2580 “
