1825 3264
374 246 426 279 52⁶2
805 249 837 274 s.
875 247 1104 274 Aucus'rmi
1142 245 1317 272 EPlscom

367 318 606 377 baptismus
636 314 831 368 Joannis,
857 313 934 372 qui
958 327 1075 356 nunc
1096 312 1188 370 jam
1207 308 1474 353 necessarius
1501 322 1592 352 non
1614 315 1693 361 est,
1719 314 1762 350 et

372 387 471 431 alibi
497 386 683 429 diximus
705 405 716 441 3
744 393 787 427 et
809 398 926 427 nunc
949 383 1004 425 ad
1027 397 1116 425 rem
1135 396 1234 440 quae
1260 380 1374 423 inter
1401 393 1479 423 nos
1507 378 1650 436 agitur
1672 391 1763 420 non

370 457 584 516 pertinet,
604 454 684 500 nisi
703 453 1007 499 tantummodo
1028 462 1077 497 ut
1099 452 1298 495 videatur
1315 448 1436 510 quod
1449 449 1627 493 Joannis
1651 447 1762 506 bap-

368 528 519 571 tismus
542 526 650 570 alius
673 524 778 580 suit,
805 524 966 569 Christi
989 532 1134 567 autem
1159 522 1267 565 alius
1290 540 1299 565 ε
1322 521 1435 564 sicut
1457 519 1565 564 alius
1584 517 1668 562 fuit
1691 517 1763 562 ille

369 598 626 657 baptismus,
651 597 698 640 in
720 611 809 656 quo
831 606 974 655 patres
999 603 1166 639 nostros
1188 592 1293 637 dicit
1315 590 1547 651 Apostolus
1570 589 1763 648 baptiza-

369 678 434 712 tos
450 668 494 711 in
513 668 629 711 nube
645 675 687 710 et
705 667 748 710 in
764 666 908 721 mari¹,
928 663 1104 726 quando
1122 679 1197 723 per
1218 666 1401 720 Moysen
1424 662 1627 706 Rubrum
1644 675 1763 704 mare

367 738 647 782 transierunt.
693 740 782 780 Lex
812 737 926 780 enim
955 744 998 779 et
1033 735 1261 795 Prophetae
1293 748 1430 794 usque
1464 732 1519 777 ad
1549 734 1763 776 Joannem

371 809 604 866 Baptistam
622 809 888 852 sacramenta
910 806 1135 850 habebant
1157 804 1498 864 praenuntiantia
1521 817 1610 846 rem
1636 801 1763 846 futu·

368 893 460 922 ram
487 897 495 922 :
528 877 663 922 nostri
686 892 785 921 vero
809 877 1015 936 temporis
1047 885 1314 920 sacramenta
1335 875 1504 919 venisse
1530 880 1760 927 testantur,

368 947 484 1007 quod
500 947 573 992 illa
594 957 827 992 venturum
843 963 932 991 esse
946 946 1246 1006 praedicabant
1254 949 1286 989 ¹².
1306 948 1329 989 J
1334 959 1495 990 oannes
1507 944 1654 1002 itaque
1665 957 1763 986 om-

368 1018 491 1061 nium
516 1018 859 1077 praecedentium
890 1018 1108 1076 proximus
1144 1016 1307 1060 Christi
1345 1015 1627 1059 annuntiator
1661 1012 1759 1057 fuit.

368 1090 425 1131 Et
457 1089 559 1147 quia
595 1103 743 1132 omnes
778 1087 1052 1145 superiorum
1077 1095 1324 1144 temporum
1340 1086 1446 1144 justi
1468 1093 1511 1128 et
1533 1083 1764 1143 Prophetae

367 1158 605 1216 cupiebant
625 1157 772 1201 videre
797 1156 1088 1215 completum,
1115 1154 1236 1215 quod
1257 1159 1477 1200 revelante
1504 1154 1668 1214 Spiritu
1689 1153 1763 1197 fu-

368 1236 516 1270 turum
533 1242 622 1271 esse
637 1227 902 1284 cernebant,
923 1227 1042 1270 unde
1057 1235 1099 1269 et
1122 1226 1210 1285 ipse
1228 1226 1437 1270 Dominus
1452 1225 1583 1269 dicit:
1603 1243 1622 1266 «
1643 1227 1764 1278 Quo-

369 1314 389 1337 »
425 1297 542 1340 niam
572 1296 698 1340 multi
724 1297 830 1355 justi
847 1305 890 1339 et
908 1297 1133 1355 prophetae
1156 1297 1390 1355 cupierunt
1412 1296 1560 1340 videre
1577 1311 1677 1356 quae
1699 1296 1760 1341 vi-

371 1383 390 1407 »
426 1365 537 1410 detis
560 1375 602 1410 et
636 1382 725 1411 non
755 1366 987 1422 viderunt,
1024 1376 1068 1410 et
1097 1366 1247 1410 audire
1279 1383 1378 1426 quae
1408 1366 1563 1411 auditis
1599 1376 1643 1411 et
1673 1382 1764 1411 non

373 1456 390 1477 »
430 1435 663 1481 audierunt
675 1439 689 1463 3
702 1439 745 1480 P»
765 1440 996 1496 Propterea
1007 1439 1029 1480 J
1035 1452 1196 1481 oannes
1210 1436 1394 1497 amplius
1406 1453 1538 1498 quam
1550 1438 1764 1497 propheta

369 1506 508 1550 dictus
531 1516 620 1562 est,
646 1516 688 1550 et
714 1511 759 1550 in
780 1509 892 1551 natis
919 1507 1152 1550 mulierum
1184 1522 1273 1551 non
1298 1508 1497 1551 habuisse
1517 1508 1722 1566 majorem
1749 1527 1760 1564 3

373 1577 475 1636 quia
506 1578 721 1637 prioribus
738 1577 863 1637 justis
893 1579 1185 1637 praenuntiare
1217 1587 1387 1622 tantum
1410 1578 1631 1623 Christum
1657 1593 1762 1622 con·

368 1663 535 1692 cessum
549 1658 625 1703 est,
643 1649 745 1692 huic
759 1659 904 1693 autem
922 1659 965 1693 et
985 1650 1280 1708 praenuntiare
1297 1649 1538 1704 absentem,
1555 1658 1599 1693 et
1614 1648 1761 1694 videre

368 1729 642 1777 praesentem,
663 1729 712 1764 ut
724 1720 824 1763 huic
836 1720 1083 1765 inveniatur
1098 1721 1286 1780 patuisse
1301 1721 1420 1780 quod
1434 1720 1496 1765 illi
1510 1722 1756 1780 cupierunt.

368 1792 424 1833 Et
440 1790 537 1834 ideo
560 1800 876 1835 sacramentum
901 1792 1105 1850 baptismi
1127 1793 1217 1852 ejus
1245 1791 1388 1836 adhuc
1411 1793 1466 1837 ad
1489 1792 1760 1852 praenuntia-

368 1860 532 1904 tionem
559 1862 719 1907 Christi
742 1862 945 1921 pertinet,
971 1863 1046 1906 sed
1069 1862 1196 1921 plane
1219 1864 1495 1908 novissimam
1517 1882 1525 1908 :
1550 1863 1760 1923 quoniam

367 1946 506 1989 usque
536 1931 592 1976 ad
617 1932 740 1976 illum
765 1932 947 1977 fuerunt
974 1934 1362 1992 praenuntiationes
1383 1935 1514 1993 primi
1547 1933 1760 1978 adventus

315 2062 317 2065 Ι
368 2002 562 2056 Domini,
588 2003 710 2062 cujus
733 2003 944 2048 adventus
968 2005 1101 2049 modo
1132 2006 1485 2050 annuntiationes
1515 2014 1638 2060 sunt,
1672 2006 1759 2065 jam

367 2087 455 2116 non
490 2075 890 2131 praenuntiationes.
920 2076 1005 2120 Sed
1030 2076 1237 2120 Dominus
1259 2076 1516 2121 humilitatis
1541 2076 1656 2121 viam
1678 2077 1778 2121 do-=

367 2156 494 2200 cens,
518 2154 785 2188 sacramenta
819 2160 919 2203 quae
957 2146 1026 2189 hic
1064 2148 1230 2190 invenit
1260 2147 1638 2206 praenuntiationis
1668 2162 1781 2191 suae-

367 2213 582 2272 suscipere
600 2214 802 2272 dignatus
820 2225 899 2269 est,
917 2231 1007 2260 non
1025 2216 1080 2260 ad
1092 2232 1182 2260 suae
1194 2218 1461 2276 purgationis
1472 2218 1754 2277 adjutorium,
1775 2247 1778 2250 «

368 2283 446 2327 sed
460 2284 515 2328 ad
527 2293 687 2328 nostrae
706 2285 877 2343 pietatis
890 2285 1135 2345 exemplum
1152 2305 1160 2331 :
1183 2297 1232 2331 ut
1243 2288 1405 2332 scilicet
1419 2287 1667 2333 ostenderet
1677 2303 1756 2333 no-

366 2354 429 2397 bis
441 2364 606 2414 quanta
628 2355 860 2400 devotione
882 2357 1098 2415 suscipere
1115 2356 1326 2402 debemus
1344 2374 1393 2402 ea
1407 2374 1506 2418 quae
1523 2359 1647 2403 illum
1666 2361 1755 2420 jam
1772 2387 1781 2410 ς

367 2427 530 2471 venisse
546 2437 775 2482 testantur,
794 2428 972 2487 quando
985 2428 1077 2487 ipse
1089 2429 1304 2488 suscipere
1317 2445 1407 2474 non
1420 2430 1680 2489 dedignatus
1692 2438 1756 2474 est

364 2512 463 2553 ‹111ae
482 2497 607 2540 illum
622 2508 855 2543 venturum
874 2500 1135 2557 figurabant.
1159 2503 1214 2544 Et
1229 2503 1418 2545 ,loannes
1437 2515 1538 2559 ergo
1556 2500 1756 2560 quamvis

415 2586 422 2602 ¹
450 2592 457 2611 1
482 2582 552 2612 Cor.
575 2591 607 2621 x,
633 2593 717 2613 1-—
736 2589 747 2604 2
767 2584 842 2615 Luc.
869 2593 934 2622 xvi,
961 2584 1006 2615 iti.
1030 2582 1318 2625 —331att11.x111,
1343 2594 1391 2625 17.
