1825 3264
293 279 455 308 CONTRA
488 281 750 307 CRESCONH'M
786 280 1072 317 DONATtsTA‘M,
1106 282 1186 307 Lm.
1225 283 1288 307 ιιι.
1405 269 1484 308 437

103 345 246 389 dicere
262 345 457 405 injustos,
478 361 587 405 quos
608 354 769 388 vestros
789 359 877 388 esse
902 346 1076 389 tandem
1102 346 1229 405 gestis
1244 361 1484 405 proconsu-

101 415 262 459 laribus
295 416 520 474 agnovisti.
555 418 650 460 Non
683 430 784 459 sane
812 415 902 458 sinc
937 415 1081 459 fructu
1114 417 1488 460 schismaticorum

100 494 339 530 vestrorum
365 487 576 544 persecuti
612 486 712 530 estis
740 500 929 530 errorem
957 505 965 531 :
1003 502 1104 531 nam
1138 490 1169 530 F
1175 487 1407 532 elicianum
1443 496 1486 532 et

102 560 409 601 Praetextatum
433 556 585 601 eodem
614 557 822 602 conflictu
843 568 886 601 et
911 558 1116 603 molestiis
1143 559 1383 603 correxistis
1410 578 1419 604 ε
1444 567 1488 602 et

99 629 309 688 Optatum
328 628 505 689 quidem
524 628 832 672 Gildonianum
849 629 1045 686 graviora
1062 630 1189 673 exitia
1212 630 1486 674 comminan-

100 709 203 753 tem,
220 700 443 744 Mustitani
469 709 510 744 et
532 699 787 754 Assuritani,
813 700 923 744 sicut
945 700 1000 744 ab
1022 701 1080 744 eis
1098 716 1275 760 quoque
1299 715 1486 759 praesens

99 769 270 824 audivi,
296 771 487 814 timuisse
510 770 738 824 dicuntur,
764 780 806 814 et
829 786 927 814 suos
949 772 1172 831 episcopos
1196 772 1383 830 coegisse
1399 806 1410 825 ,
1437 779 1487 814 ut

98 840 152 885 ad
182 841 385 884 Primiani
414 841 767 885 communionem
795 851 1128 885 reverterentur.
1166 842 1250 887 Sed
1282 857 1380 885 cum
1405 841 1489 885 hoc

96 914 281 972 Optatus
293 912 422 956 nullis
437 913 564 971 gestis
577 912 762 971 publicis
776 912 965 970 exegerit
980 934 990 969 3
1006 912 1173 972 utquid
1192 928 1314 971 agam
1328 913 1489 956 talibus

97 983 301 1027 adversus
320 999 417 1038 vos,
438 993 608 1043 paratos
631 999 788 1042 negare
811 983 1028 1045 quidquid
1050 999 1208 1043 negare
1230 983 1489 1042 potueritis?

96 1057 203 1099 Acta
226 1064 374 1099 extant
391 1055 714 1115 proconsularia
736 1065 779 1098 et
796 1054 1074 1114 municipalia
1092 1090 1102 1109 ,
1117 1056 1278 1114 quibus
1300 1054 1488 1098 recitatis

96 1125 364 1170 ostendimus
380 1161 390 1181 ,
413 1136 576 1186 quanta
591 1126 632 1169 vi
649 1127 874 1170 memorati
888 1143 910 1170 a
928 1127 1079 1170 vestris
1092 1135 1142 1170 ut
1155 1125 1259 1170 locis
1282 1123 1489 1169 cederent

95 1198 381 1257 urgebantur.
407 1200 501 1243 Non
526 1197 754 1257 culpamus
773 1233 783 1253 ,
809 1214 897 1242 non
914 1197 1189 1242 invidemus:
1214 1213 1304 1242 non
1326 1196 1486 1241 frustra

96 1268 335 1324 laborastis,
360 1284 448 1313 non
467 1270 680 1313 incassum
705 1269 931 1323 terruistis,
948 1283 1037 1313 non
1055 1268 1241 1312 inaniter
1267 1267 1484 1325 agitastis:

95 1339 315 1398 displicuit
332 1340 391 1383 eis
409 1339 578 1383 afflictis
596 1339 843 1383 animositas
865 1355 965 1396 sua,
986 1337 1108 1382 fracti
1131 1347 1249 1392 sunt,
1267 1336 1486 1381 emendati

94 1418 195 1453 sunt
210 1444 220 1463 ,
246 1410 427 1453 correcti
451 1424 498 1453 ac
532 1410 693 1468 recepti
715 1418 841 1463 sunt,
867 1419 964 1467 post
985 1424 1106 1452 suam
1129 1407 1456 1451 damnationem
1471 1439 1483 1460 ‚

94 1489 192 1540 post
227 1479 410 1524 aliorum
448 1478 700 1523 dilationem
725 1514 734 1532 ,
770 1489 866 1538 post
901 1488 1087 1523 vestram
1119 1478 1482 1538 persecutionem.

94 1551 272 1610 Recepti
288 1560 390 1594 sunt
412 1559 573 1603 autem,
599 1550 709 1593 sicut
734 1549 923 1602 fuerant,
953 1549 1170 1601 honorati,
1197 1548 1317 1594 nulla
1341 1547 1487 1609 poeni-

95 1622 241 1664 tentiae
256 1621 460 1678 gravioris
478 1620 781 1664 humiliatione
800 1620 869 1663 vel
888 1620 1044 1678 expiati
1065 1620 1131 1662 vel
1150 1619 1389 1676 degradati,
1406 1635 1489 1664 nec

91 1692 172 1751 ipsi
193 1707 272 1735 nec
291 1691 350 1734 illi
374 1707 474 1735 cum
493 1692 652 1750 quibus
678 1692 838 1749 recepti
860 1700 986 1743 sunt,
1013 1706 1121 1750 quos
1139 1705 1286 1734 secum
1307 1705 1483 1750 separa-

92 1771 245 1807 verant
266 1772 415 1806 contra
438 1777 529 1815 vos,
555 1762 878 1820 baptizaverant
900 1770 1018 1805 extra
1035 1777 1126 1816 vos,
1154 1777 1263 1819 quos
1288 1763 1483 1821 rebapti-

93 1842 295 1876 zaverant
318 1832 496 1876 fortasse
515 1843 611 1891 post
630 1848 717 1876 vos.

152 1905 329 1946 LXVII.
368 1901 482 1947 Nihil
521 1902 688 1945 habetis
718 1903 810 1961 jam
845 1900 961 1944 unde
993 1901 1225 1957 caliginosa
1257 1901 1484 1946 mendacia

92 1974 343 2016 hominibus
358 1973 515 2029 ignaris
528 1972 583 2016 de
601 1973 730 2015 rebus
745 1972 874 2030 longe
889 1971 1115 2029 praeteritis
1129 1972 1484 2028 ingeratis.Quod

93 2043 221 2087 vestri
239 2043 355 2102 apud
371 2043 706 2088 Constantinum
727 2051 831 2085 tunc
855 2042 1156 2100 imperatorem
1172 2050 1485 2085 accusaverunt

91 2114 388 2167 Caecilianum,
412 2112 585 2171 publica
606 2113 870 2156 monimenta
891 2110 1160 2170 proclamant
1182 2133 1192 2172 5
1211 2111 1369 2154 dictam
1392 2126 1483 2156 esse

92 2199 263 2228 causam
284 2219 294 2237 ,
321 2194 363 2227 et
386 2184 439 2227 ad
463 2182 661 2226 debitum
686 2184 814 2226 finem
848 2197 936 2225 esse
959 2181 1240 2241 perductam,
1267 2197 1406 2241 usque
1426 2182 1481 2226 ad

92 2255 394 2314 purgationem
427 2254 580 2297 Felicis
616 2253 908 2313 Aptugnensis
932 2252 1190 2297 ordinatoris
1222 2251 1475 2307 Caeciliani,

93 2339 225 2385 quem
249 2325 291 2368 in
314 2324 501 2369 concilio
527 2328 537 2348 ¹
563 2324 909 2383 Carthaginiensi
928 2322 1139 2367 malorum
1160 2324 1355 2367 omnium
1381 2323 1480 2366 fon-

94 2405 181 2440 tem
193 2396 413 2450 dixerunt,
428 2405 469 2438 ct
481 2395 597 2454 apud
608 2396 809 2439 eumdem
823 2395 1177 2445 Constantinum,
1189 2395 1300 2437 sicut
1314 2393 1482 2452 scriptis

93 2468 180 2512 suis
206 2465 389 2520 indicat,
417 2466 596 2510 assiduis
625 2465 1047 2524 interpellationibus
1080 2475 1359 2519 accusarunt,
1380 2480 1482 2524 pro-

95 2538 338 2584 consularia
370 2547 580 2582 testantur
613 2538 801 2582 archiva.
842 2537 1077 2592 Resistitis,
1117 2537 1380 2592 reclamatis,
1410 2551 1481 2580 re-

146 2630 153 2645 ¹
175 2623 350 2656 Concilium
371 2623 650 2655 schismaticorum
670 2624 699 2653 in
713 2622 922 2655 chilianum.
945 2622 1023 2655 Vide
1042 2633 1147 2664 supra,
1167 2633 1197 2655 n.
1218 2622 1269 2654 31.
