1825 3264
353 238 408 274 72
788 245 818 271 s.
859 245 1085 272 ΑυαυετιΝι
1123 244 1299 271 Errscom

413 315 673 355 Pmumus
710 310 816 354 dixit
841 329 850 354 ;
888 329 907 351 «
941 309 1028 354 Etsi
1059 324 1233 369 prorsus
1255 310 1434 353 virtutes
1455 317 1499 352 et
1520 307 1733 352 mirabilia

352 380 513 425 faciatis
531 416 541 435 ,
566 389 744 440 propter
764 389 949 425 vestram
971 380 1209 439 nequitiam
1232 394 1310 423 nec
1333 379 1392 423 sic
1424 393 1499 424 vos
1526 379 1734 423 Dominus

350 451 497 505 novit,
537 450 722 495 Domino
744 451 837 510 ipso
859 450 1030 495 dicente
1057 470 1066 495 2
1103 469 1122 491 «
1146 449 1276 495 Multi
1297 448 1444 494 dicent
1464 448 1573 492 mihi
1593 447 1638 492 in
1658 447 1735 494 illo

353 541 372 563 »
408 520 495 577 die,
528 511 712 566 ¹Domine
729 557 739 576 ,
766 522 963 576 Domine,
984 522 1028 565 in
1059 521 1236 565 nomine
1260 530 1335 564 tuo
1359 520 1730 580 prophetavimus,

353 613 372 635 »
409 602 451 638 et
483 593 528 636 in
551 602 627 637 tuo
646 593 824 637 nomine
844 592 1060 638 daemonia
1088 592 1307 653 ejecimus,
1331 600 1373 635 et
1391 592 1435 635 in
1457 600 1536 635 tuo
1558 591 1734 636 nomine

351 683 371 706 »
405 664 588 708 virtutes
601 663 759 708 multas
779 665 977 709 fecimus.
998 666 1121 708 Tunc
1137 663 1277 708 dicam
1289 662 1371 706 illis
1389 663 1631 715 :Quoniam
1645 677 1736 708 non

350 754 370 777 »
406 736 506 779 novi
524 751 615 790 vos,
641 735 847 779 discedite
867 752 889 780 a
909 750 992 790 me,
1018 734 1202 795 operarii
1231 734 1469 796 iniquitatis
1488 737 1548 778 ¹.»

406 807 605 850 CXXVI.
644 810 918 850 Aucusmvus
960 805 1184 866 respondit
1226 825 1234 851 2
1278 805 1566 865 Agnoscimus
1602 805 1734 849 verba

347 877 534 921 Domini.
563 877 674 921 Hinc
695 886 738 921 et
760 876 991 936 Apostolus
1009 877 1067 921 ait
1092 896 1099 921 :
1131 896 1150 919 «
1179 877 1221 921 Si
1244 876 1376 921 fidem
1399 876 1586 920 habeam
1607 876 1667 919 ita
1689 885 1738 920 ut

351 955 552 990 »montes
569 948 843 1003 transferam,
868 948 1119 1005 charitatem
1142 957 1286 992 autem
1305 963 1394 992 non
1407 947 1609 1001 habeam,
1630 945 1739 990 nihil

350 1034 479 1066 »sum
490 1022 522 1058 ².
543 1038 562 1060 »
583 1020 662 1064 Hic
676 1035 778 1079 ergo
794 1020 1078 1079 quaerendum
1097 1027 1161 1063 est
1174 1018 1270 1078 quis
1284 1018 1441 1062 habeat
1457 1018 1736 1062 charitatem:

348 1094 540 1137 invenies
564 1108 652 1136 non
674 1106 764 1135 esse
787 1091 866 1135 nisi
889 1106 961 1134 eos
983 1090 1059 1148 qui
1081 1090 1269 1147 diligunt
1292 1090 1521 1134 unitatem.
1543 1090 1654 1134 Nam
1683 1087 1739 1132 de

345 1162 593 1207 exclusione
617 1161 886 1215 daemonum,
913 1169 955 1203 et
972 1159 1026 1203 de
1049 1160 1242 1218 potentia
1266 1158 1597 1212 miraculorum,
1623 1173 1738 1218 quo-

350 1233 464 1276 niam
508 1231 703 1290 plerique
745 1230 845 1275 talia
884 1245 974 1273 non
1014 1229 1180 1273 faciunt
1218 1239 1260 1272 et
1295 1238 1440 1273 tamen
1473 1228 1527 1273 ad
1557 1243 1740 1287 regnum

350 1304 427 1347 Dei
458 1304 704 1362 pertinent,
738 1300 933 1360 plerique
963 1309 1107 1344 autem
1133 1299 1298 1343 faciunt
1326 1308 1369 1342 et
1391 1314 1480 1344 non
1500 1299 1737 1358 pertinent,

353 1388 430 1416 nec
454 1372 588 1416 nostri
611 1386 690 1415 nec
712 1371 841 1414 vestri
864 1370 1027 1414 debent
1050 1369 1238 1428 gloriari,
1267 1370 1301 1414 si
1318 1370 1394 1429 qui
1416 1369 1530 1413 forte
1543 1370 1621 1413 ista
1639 1384 1741 1428 pos-

352 1452 479 1500 sunt,
501 1440 856 1501 quandoquidem
875 1456 954 1484 nec
972 1440 1217 1499 Apostolos,
1240 1441 1316 1499 qui
1336 1455 1435 1483 vere
1453 1440 1532 1484 ista
1555 1439 1741 1484 salubri·
1779 1446 1796 1460 ‘¹

353 1524 416 1558 ter
446 1523 576 1572 atque
608 1511 770 1556 utiliter
802 1521 1027 1570 poterant,
1052 1512 1192 1556 voluit
1226 1512 1436 1556 Dominus
1470 1510 1658 1570 gaudere
1685 1511 1741 1555 de

356 1583 536 1638 talibus,
563 1582 739 1642 quando
761 1583 819 1626 eis
852 1583 911 1626 ait
937 1603 945 1626 :
987 1603 1006 1624 «
1031 1582 1174 1627 Nolite
1208 1583 1252 1625 in
1288 1583 1370 1627 hoc
1394 1583 1582 1641 gaudere
1620 1583 1740 1643 quod

356 1673 375 1695 »
412 1653 626 1698 daemonia
649 1653 770 1697 vobis
798 1652 988 1711 subjecta
1006 1653 1106 1706 sint,
1132 1651 1319 1711 gaudete
1349 1661 1494 1697 autem
1518 1652 1639 1712 quod
1658 1667 1741 1697 no-

358 1743 378 1765 »
415 1725 530 1767 mina
553 1733 692 1768 vestra
726 1723 882 1782 scripta
905 1733 1006 1767 sunt
1037 1723 1081 1766 in
1106 1721 1219 1767 coelo
1244 1719 1283 1766 ³ss
1301 1742 1320 1765 »
1359 1725 1635 1783 Quapropter
1661 1723 1740 1768 ista

353 1811 452 1855 quae
477 1810 528 1838 ex
549 1794 787 1853 Evangelio
810 1794 1011 1853 posuisti,
1037 1804 1080 1837 et
1102 1809 1182 1853 ego
1210 1794 1290 1838 tibi
1318 1809 1487 1854 possem
1509 1793 1675 1846 dicere,
1707 1795 1741 1838 si

356 1876 395 1909 te
417 1866 610 1909 viderem
628 1865 851 1923 signorum
876 1865 1057 1908 virtutes
1089 1873 1340 1923 operantem
1369 1886 1380 1922 3
1405 1874 1447 1908 et
1469 1874 1518 1909 tu
1544 1865 1681 1919 mihi,
1708 1866 1741 1909 si
1789 1864 1792 1865 ⁷

354 1936 453 1980 talia
472 1951 540 1979 me
563 1935 791 1980 facientem
815 1935 996 1979 videres.
1024 1937 1119 1979 Non
1141 1950 1244 1993 ergo
1271 1935 1396 1979 nobis
1424 1934 1621 1980 dicamus
1642 1951 1741 1995 quae

354 2015 535 2066 possunt
555 2016 599 2050 et
620 2021 670 2049 ex
692 2005 773 2050 alia
795 2015 918 2065 parte
937 2005 1021 2050 dici
1040 2027 1051 2062 3
1070 2015 1114 2050 et
1136 2009 1313 2050 remotis
1334 2006 1605 2064 ambagibus,
1630 2022 1741 2066 quo-

354 2077 469 2119 niam
494 2076 644 2120 ubisit
666 2075 856 2120 Ecclesia
888 2076 1046 2121 Christi
1077 2076 1339 2136 quaerimus,
1367 2077 1508 2135 ipsum
1537 2078 1612 2136 qui
1645 2092 1741 2121 eam

353 2162 431 2190 suo
453 2146 662 2205 sanguine
685 2146 883 2199 redemit,
905 2145 1132 2189 audiamus
1151 2145 1370 2189 dicentem
1398 2165 1406 2189 ε
1437 2164 1456 2186 «
1482 2147 1612 2190 Eritis
1635 2146 1741 2190 mihi

358 2235 376 2256 n
414 2226 541 2260 testes
563 2217 606 2259 in
634 2215 887 2269 Jerusalem,
913 2225 956 2259 et
977 2217 1020 2259 in
1039 2225 1172 2260 totam
1197 2215 1396 2259 Judream
1418 2224 1461 2259 et
1485 2216 1738 2272 Samariam,

357 2306 375 2327 n
412 2295 455 2330 et
477 2301 615 2345 usque
637 2287 679 2329 in
704 2295 839 2330 totam
876 2295 1032 2330 terram
1053 2288 1084 2330 ⁴.
1119 2305 1138 2326 η
1163 2286 1275 2329 Huic
1299 2286 1520 2341 Ecclesiae,
1545 2302 1645 2346 quae
1667 2303 1742 2347 per

357 2365 490 2400 totam
515 2366 669 2400 terram
699 2355 980 2410 diffunditur,
1006 2356 1202 2416 quisquis
1225 2372 1314 2400 non
1336 2357 1646 2412 communicat,
1670 2359 1742 2402 cui

360 2440 447 2468 non
466 2425 759 2469 communicet
775 2425 910 2480 vides,
932 2426 965 2469 si
982 2427 1106 2485 cujus
1121 2426 1199 2470 ista
1214 2426 1346 2470 verba
1361 2426 1447 2470 sint
1467 2426 1604 2471 audis.
1626 2426 1743 2480 Quid

357 2503 421 2538 est
445 2504 589 2538 autem
612 2495 873 2551 dementius,
893 2511 1023 2556 quam
1046 2496 1323 2541 sacramentis
1347 2497 1519 2541 Domini
1541 2511 1741 2541 commu-

406 2587 412 2600 ¹
432 2579 542 2612 Matth.
564 2590 622 2619 vn,
641 2586 693 2610 22.
712 2595 751 2600 —
766 2587 778 2602 ²
802 2592 812 2612 1
839 2583 910 2614 Cor.
932 2592 998 2622 xm,
1018 2579 1129 2616 2.—3
1149 2582 1228 2614 Luc.
1248 2582 1404 2623 x‚',2o.—-
1418 2580 1434 2610 4
1454 2583 1527 2614 Act.
1551 2593 1574 2623 ι,
1595 2581 1626 2613 8.
