1825 3264
242 268 404 300 con-rm
436 273 700 301 cuEscoMUM
732 268 1019 311 nonnismm,
1054 274 1136 300 Lm.
1173 274 1239 299 ιιι.
1351 259 1434 298 429

57 347 126 383 tus
146 338 411 397 praecipitur,
444 342 533 383 Deo
561 339 753 384 serviunt
775 340 820 382 in
847 348 1060 398 quantum
1088 353 1208 397 reges
1231 339 1373 390 sunt¹‚
1402 337 1437 380 si

57 408 102 452 in
123 423 201 452 suo
224 423 357 467 regno
381 409 494 454 bona
511 410 712 468 jubeant,
736 409 846 453 mala
874 410 1159 469 prohibeant,
1186 424 1275 453 non
1297 407 1437 452 solum

57 493 156 537 quae
174 478 392 537 pertinent
414 479 468 523 ad
486 480 722 525 humanam
738 480 1002 536 societatem,
1023 494 1174 525 verum
1193 479 1323 524 etiam
1339 492 1439 538 quae

58 547 114 592 ad
135 548 326 594 divinam
349 549 616 609 religionem.

116 621 252 663 LVII.
289 623 465 665 Frustra
482 622 587 666 dicis
614 641 622 666 :
650 641 670 664 «
690 621 926 682 Relinquar
942 621 1080 665 libero
1096 620 1289 665 arbitrio.
1313 637 1332 660 »
1350 621 1440 664 Cur

57 689 173 734 enim
209 706 298 735 non
324 693 368 735 in
392 692 633 737 homicidiis
668 703 712 737 et
745 694 790 736 in
827 693 1005 751 stupris,
1042 701 1085 735 et
1116 692 1160 735 in
1190 691 1439 750 quibusque

58 759 150 803 aliis
172 760 434 806 facinoribus
453 771 495 806 et
513 763 684 821 flagitiis
704 762 842 806 libero
860 771 902 806 te
919 761 1097 806 arbitrio
1128 758 1440 804 dimittendum

58 844 147 874 esse
176 830 442 889 proclamas?
475 835 583 885 Quae
620 841 763 876 tamen
798 832 943 877 omnia
973 832 1098 890 justis
1126 831 1295 889 legibus
1320 844 1442 874 com-

58 901 207 960 primi,
238 901 514 946 utilissimum
549 918 597 947 ac
629 902 961 947 saluberrimum
980 905 1073 946 'est.
1110 901 1240 945 Dedit
1266 899 1444 959 quidem

58 973 172 1015 Deus
192 971 357 1016 homini
377 971 557 1017 liberam
578 973 866 1027 voluntatem,
897 972 973 1016 sed
994 986 1074 1015 nec
1096 971 1256 1014 bonam
1279 968 1444 1012 infruc-

58 1049 250 1096 tuosam,
286 1057 365 1087 nec
392 1043 549 1087 malam
577 1058 666 1087 esse
689 1043 827 1087 voluit
856 1041 1134 1101 impunitam.
1178 1059 1197 1081 ι(
1241 1038 1445 1097 Quisquis

58 1111 375 1167 Christianum,
400 1113 566 1172 inquis,
592 1113 882 1172 persequitur,
914 1111 1074 1156 Christi
1097 1119 1160 1154 est
1181 1109 1396 1153 inimicus.
1421 1125 1441 1148 ι)

60 1184 223 1227 Verum
247 1184 351 1228 dicis
380 1185 413 1227 si
446 1199 534 1228 non
557 1185 640 1228 hoc
662 1185 706 1227 in
730 1183 804 1228 illo
825 1185 1100 1243 persequitur
1131 1181 1252 1240 quod
1275 1180 1447 1225 Christo

11 1312 17 1319 .
58 1263 122 1298 est
155 1254 394 1298 inimicum.
426 1257 577 1314 Neque
609 1255 725 1299 enim
756 1255 960 1299 dominus
984 1254 1028 1297 in
1062 1267 1187 1297 servo
1206 1286 1217 1306 ,
1251 1260 1375 1310 pater
1402 1251 1447 1293 in

58 1324 164 1380 filio,
198 1326 377 1371 maritus
402 1326 448 1369 in
479 1327 688 1385 conjuge,
721 1341 821 1370 cum
848 1335 949 1369 sunt
984 1325 1158 1384 utrique
1184 1322 1443 1375 Christiani,

58 1411 148 1440 non
178 1395 340 1440 debent
375 1396 576 1456 persequi
600 1396 703 1440 vitia
730 1397 973 1440 christianae
1004 1393 1217 1439 contraria
1260 1391 1444 1436 veritati.

57 1468 126 1510 An
148 1481 252 1511 vero
273 1466 308 1510 si
331 1481 420 1511 non
442 1476 776 1526 persequantur,
801 1481 890 1511 non
914 1466 974 1509 rei
993 1464 1270 1524 negligentiae
1293 1462 1449 1506 merito

58 1537 355 1581 tenebuntur?
381 1536 464 1582 Sed
492 1537 535 1580 in
560 1537 764 1582 omnibus
793 1535 1008 1580 tenendus
1036 1545 1100 1580 est
1133 1534 1288 1579 modus
1315 1541 1442 1592 aptus

57 1608 336 1663 humanitati,
363 1622 580 1666 congruus
603 1609 818 1663 charitati,
843 1617 894 1653 ut
915 1623 994 1652 nec
1017 1615 1158 1652 totum
1173 1604 1293 1665 quod
1312 1613 1449 1663 potes-

61 1679 156 1723 tatis
185 1688 248 1723 est
271 1688 484 1734 exeratur,
523 1689 567 1723 et
594 1680 640 1723 in
673 1695 724 1724 eo
751 1678 872 1739 quod
902 1678 1112 1732 exeritur,
1143 1675 1318 1719 dilectio
1360 1689 1450 1718 non

59 1749 299 1804 amittatur,
330 1749 374 1793 in
407 1764 457 1794 eo
486 1758 630 1793 autem
665 1748 785 1809 quod
808 1765 897 1794 non
920 1749 1133 1801 exeritur,
1161 1744 1450 1790 mansuetudo

59 1828 338 1865 monstretur.
368 1819 450 1863 Ubi
471 1834 573 1864 vero
602 1819 723 1864 nulla
745 1835 795 1863 ex
824 1819 981 1864 divinis
1002 1816 1257 1861 humanisve
1283 1815 1452 1872 legibus

60 1899 246 1949 potestas
264 1890 533 1945 conceditur,
556 1889 665 1934 nihil
684 1889 882 1948 improbe
900 1898 1030 1947 atque
1053 1885 1353 1945 imprudenter
1370 1900 1450 1928 au-

59 1959 228 2004 deatur.

122 2034 278 2075 LVIII.
316 2031 430 2075 Audi
447 2032 536 2090 jam
561 2031 615 2074 dc
637 2029 1048 2076 Maximianensibus
1069 2026 1190 2087 quod
1205 2026 1336 2085 paulo
1351 2035 1450 2070 ante

62 2101 330 2157 distuleram,
351 2111 399 2146 ut
420 2110 462 2145 et
480 2111 576 2146 tuos
596 2103 819 2160 episcopos
838 2100 1007 2145 noveris
1028 2099 1104 2142 tibi
1121 2113 1210 2142 esse
1227 2096 1448 2150 mentitos,

64 2181 107 2217 et
128 2188 216 2217 non
238 2172 377 2217 solum
401 2171 521 2232 quod
539 2173 726 2230 pertinet
748 2172 803 2215 acl
824 2170 1024 2229 baptismi
1047 2168 1331 2228 quoestionem
1346 2201 1357 2222 ,
1383 2166 1452 2210 vel

65 2243 119 2287 ad
142 2242 382 2287 alienorum
411 2251 688 2302 peccatorum
713 2242 754 2284 in
780 2240 969 2285 Ecclesia
992 2240 1082 2283 sinc
1104 2238 1276 2297 propria
1304 2246 1452 2281 conta-

65 2313 300 2358 minatione
324 2312 613 2368 tolerantiam,
639 2327 789 2357 verum
813 2312 942 2355 etiam
966 2309 1084 2370 quod
1110 2309 1164 2352 ad
1187 2308 1451 2367 persecutio-

65 2383 131 2427 nis
148 2383 372 2437 invidiam,
399 2384 441 2426 in
465 2399 552 2442 qua
569 2382 745 2440 quidem
770 2382 898 2425 vestri
919 2382 963 2423 in
987 2395 1064 2424 nos
1087 2378 1231 2422 omnia
1256 2382 1449 2421 Romana

61 2453 159 2513 jura
179 2462 222 2497 et
239 2452 436 2512 praesidia
460 2461 740 2511 superarunt,
767 2452 809 2493 in
832 2452 909 2493 hac
935 2465 1020 2492 una
1045 2448 1452 2492 Maximiaucnsium

67 2537 194 2568 causa
217 2523 386 2568 noveris
408 2522 643 2566 terminari.
666 2524 771 2566 Nam
790 2521 822 2563 si
845 2519 1015 2564 concilii
1033 2518 1273 2577 Bagaiensis
1289 2517 1454 2576 cpisco-

116 2611 125 2630 ¹
147 2604 225 2639 Psal.
243 2617 277 2646 ιι,
304 2617 355 2639 ιο.
