1825 3264
265 276 427 307 comma
458 279 721 307 cuscomtm
754 276 1041 320 οοΜτιεΤΛΜ,
1076 283 1158 310 Lm.
1195 286 1225 310 1.
1348 271 1431 310 305

56 352 106 387 ut
136 341 190 387 ad
223 341 557 401 dignoscendam
585 343 675 388 veri
695 345 978 403 quaestionem
1001 361 1172 391 mecum
1195 347 1322 391 vestri
1343 345 1434 390 dis-

56 421 254 471 ceptent,
287 412 361 456 sed
403 422 563 457 vestros
604 413 858 471 prudentius
898 430 946 458 ac
986 416 1218 474 patientius
1267 416 1432 470 facere,

55 482 132 541 qui
164 482 211 526 in
244 482 432 527 Ecclesia
460 491 627 527 tantum
659 498 757 542 quae
786 484 830 526 in
863 487 975 541 Lege
998 486 1200 529 mandata
1224 495 1326 530 sunt
1353 501 1435 544 po-

56 552 183 610 pulos
219 551 400 607 docent,
443 568 523 597 nec
556 553 680 597 nobis
724 554 984 611 respondere
1034 564 1217 609 curant,
1255 556 1436 599 seientes

56 622 160 681 quia
174 623 207 666 si
220 622 288 667 lex
305 622 450 668 divina
468 632 510 667 et
529 632 591 667 tot
605 622 868 667 documenta
891 624 1094 682 legalium
1117 626 1438 684 Scripturarum

57 693 183 736 nobis
219 693 326 752 quid
364 693 417 737 sit
450 692 625 748 melius,
659 691 766 752 quid
797 694 938 737 verius
959 729 970 748 ,
1006 695 1186 738 suadere
1216 710 1305 739 non
1336 709 1437 753 pos-

57 772 182 816 sunt,
216 778 443 822 nunquam
474 764 662 808 humana
695 773 828 822 queat
862 765 1094 809 auctoritas
1129 780 1206 809 nos
1241 765 1439 809 discussis

60 831 275 876 erroribus
304 832 359 876 ad
383 833 570 877 veritatis
597 832 792 891 regulam
815 849 1031 878 revocare.
1055 853 1074 876 »
1095 835 1212 888 Quid
1241 834 1320 878 tibi
1339 849 1441 892 ergo

60 902 201 946 visum
235 911 321 957 est,
356 911 407 946 ut
436 902 638 947 adversus
666 918 743 947 nos
772 902 853 948 illis
879 904 1123 948 tacentibus
1159 913 1205 948 tu
1231 903 1444 963 loquaris?

61 974 170 1018 Nam
202 973 236 1016 si
266 973 378 1016 bene
414 973 607 1028 faciunt,
649 989 726 1018 cur
758 988 849 1018 non
880 974 1084 1019 imitaris?
1115 976 1149 1019 si
1189 975 1330 1030 male,
1367 990 1444 1019 cur

0 1045 1 1052 ’
61 1041 238 1088 laudas?

124 1115 176 1156 V.
203 1112 315 1156 Dicis
337 1114 456 1172 quod
483 1132 500 1153 «
528 1113 801 1158 intoleranda
829 1116 1070 1172 arrogantia
1091 1116 1262 1159 credam
1287 1131 1355 1159 me
1378 1131 1447 1159 so-

62 1182 157 1226 lum
182 1183 410 1227 terminare
427 1198 566 1242 posse,
593 1184 713 1242 quod
735 1182 825 1227 aliis
840 1183 959 1228 velut
984 1184 1289 1244 inexplicabile
1310 1186 1449 1229 visum

65 1262 196 1312 atque
218 1253 316 1297 ideo
329 1254 466 1314 judici
490 1257 579 1298 Deo
596 1254 820 1298 dimissum
835 1264 913 1299 est.
939 1273 958 1296 »
977 1257 1087 1300 Cum
1103 1256 1235 1314 paulo
1255 1256 1450 1314 superius

66 1323 222 1368 dixeris
245 1358 256 1378 ,
287 1343 306 1364 «
333 1324 415 1368 hoc
437 1339 507 1367 me
526 1323 637 1368 velle
659 1325 783 1368 finire
805 1334 903 1383 post
926 1335 991 1368 tot
1012 1341 1163 1379 annos,
1190 1335 1286 1384 post
1309 1327 1451 1384 totju-

67 1393 182 1438 dices
201 1403 333 1453 atque
355 1394 554 1448 arbitros,
583 1394 704 1453 quod
735 1393 852 1452 apud
874 1394 1090 1453 principes
1123 1403 1188 1437 tot
1209 1394 1453 1451 disceptan-

68 1463 184 1508 tibus
204 1463 402 1507 litteratis
430 1464 485 1507 ab
509 1464 738 1522 utriusque
756 1462 889 1522 partis
909 1463 1119 1522 episcopis
1137 1463 1251 1506 finiri
1273 1478 1362 1506 non
1379 1477 1454 1521 po-

69 1534 167 1578 tuit.
203 1552 222 1575 »
257 1536 385 1579 Certe
418 1533 534 1577 solus
558 1534 661 1578 hinc
699 1543 861 1591 satago,
886 1543 1002 1578 certe
1032 1533 1147 1578 solus
1169 1533 1455 1593 quaestionem

69 1603 195 1647 istam
218 1604 332 1647 finiri
354 1603 638 1662 disceptando
659 1603 887 1648 desidero?
904 1606 1017 1648 Puto
1039 1603 1155 1646 enim
1177 1603 1210 1646 si
1233 1602 1344 1645 solos
1361 1615 1457 1644 nos-

71 1681 159 1716 tros
182 1671 228 1716 id
248 1680 426 1716 conatos
447 1672 624 1731 culpare
643 1672 867 1726 voluisses,
892 1687 980 1715 non
1001 1672 1131 1715 etiam
1154 1680 1317 1715 vestros
1337 1669 1383 1712 in
1406 1683 1457 1712 eo

71 1752 249 1787 conatos
269 1742 399 1787 fuisse
418 1740 626 1786 fatereris.
662 1742 773 1795 Quia
795 1757 898 1799 ergo
926 1741 1052 1784 illum
1080 1749 1307 1793 conatum,
1338 1738 1456 1782 illam

71 1813 344 1858 voluntatem
375 1822 419 1857 et
443 1813 716 1865 instantiam,
743 1812 893 1855 saltem
916 1820 1094 1870 propter
1116 1818 1278 1853 vestros
1311 1823 1458 1867 repre-

73 1882 266 1926 hendere
281 1884 370 1942 jam
394 1898 483 1927 non
503 1891 647 1942 potes3
677 1882 780 1925 nolo
803 1896 892 1924 esse
912 1895 935 1923 a
959 1889 1046 1923 tam
1069 1880 1187 1923 bono
1205 1893 1332 1936 opere
1354 1877 1458 1920 alie-

75 1968 169 1998 nus.
195 1952 313 2006 Quid
328 1954 498 2010 arguis?
521 1951 626 2011 quid
641 1949 918 2010 reprehendis
932 1951 950 1992 P
964 1954 1031 1993 An
1049 1948 1240 1992 invides?
1259 1951 1355 1993 Non
1378 1948 1461 1991 hoc

77 2023 133 2067 de
150 2033 193 2066 te
209 2034 368 2067 temere
386 2020 656 2067 credendum
674 2029 752 2064 est.
775 2023 1037 2076 Restatergo
1059 2027 1107 2062 ut
1124 2017 1268 2061 studio
1285 2026 1463 2061 conten—

79 2093 206 2138 tionis
234 2093 318 2137 hoc
349 2093 395 2135 in
417 2107 486 2136 me
519 2091 688 2150 culpes,
716 2089 838 2150 quod
865 2089 993 2132 etiarn
1031 2088 1075 2131 in
1105 2087 1253 2132 vestris
1284 2086 1464 2131 laudare

81 2162 368 2221 compelleris.

144 2234 217 2275 vl.
245 2235 302 2275 At
329 2231 443 2274 enim
466 2231 587 2289 quod
611 2230 722 2273 inter
759 2237 824 2272 tot
857 2243 905 2271 ac
927 2227 1032 2270 tales
1055 2227 1228 2269 finitum
1262 2241 1351 2269 non
1379 2235 1462 2278 est,

83 2300 365 2346 intolerabilis
396 2300 640 2358 arrogantia
668 2307 731 2343 est
753 2313 830 2357 per
847 2313 891 2342 se
913 2297 1053 2341 solum
1073 2296 1186 2339 finiri
1209 2311 1331 2354 posse
1353 2310 1467 2353 prae-

85 2387 269 2416 sumere.
296 2373 359 2415 Ne
381 2385 527 2429 quaeso
546 2369 649 2413 mihi
675 2369 751 2413 soli
774 2369 857 2412 hoc
880 2365 1164 2410 tribuendum
1182 2374 1305 2423 putes
1333 2383 1340 2408 :
1367 2363 1469 2422 plu-

87 2441 184 2485 rimi
206 2456 377 2493 sumus,
397 2440 473 2498 qui
495 2439 578 2483 hoc
596 2448 644 2482 ut
674 2438 867 2490 finiatur,
899 2438 986 2479 imo
1003 2438 1092 2494 jam
1116 2444 1166 2478 ut
1193 2435 1366 2478 finitum
1383 2448 1471 2477 esse

88 2510 346 2563 innotescat,
366 2509 588 2552 instamus.
619 2506 686 2550 llli
709 2507 823 2550 enim
838 2505 1042 2548 dixerunt
1056 2518 1145 2548 non
1166 2517 1256 2547 esse
1278 2502 1468 2556 finitum,

57 2631 62 2635 ‚
90 2579 168 2640 qui
188 2578 329 2623 eidem
351 2577 427 2621 fini
449 2577 692 2622 consentire
715 2574 951 2620 noluerunt
975 2609 985 2628 ,
1020 2587 1210 2632 eumque
1250 2572 1370 2617 vobis
1400 2587 1473 2616 oc-

280 2658 466 2688 cxxxix.
1210 2640 1263 2682 20
