1825 3264
368 248 422 285 90
809 253 842 281 s.
878 254 1107 282 auevsoeuu
1139 254 1318 283 tuscos-1

366 322 473 365 xisse
505 327 604 363 ante
638 332 771 378 quam
804 333 1086 377 cognosceres
1120 318 1379 377 gloriareris.
1420 317 1654 371 Quomodo
1688 327 1752 363 est

367 406 469 449 ergo
490 391 536 433 in
561 399 600 433 te
615 389 815 444 charitas,
840 403 939 449 quae
957 405 1045 434 non
1064 389 1225 448 gaudet
1247 403 1376 448 super
1394 388 1649 448 iniquitate?
1669 388 1753 433 Sed

367 460 457 506 noli
472 459 567 504 falli
593 479 602 505 :
628 468 730 504 sunt
750 474 827 519 per
848 475 1016 518 agrum,
1042 459 1087 503 id
1106 468 1186 514 est,
1212 473 1289 518 per
1304 457 1521 503 mundum
1544 473 1683 518 usque
1699 457 1754 503 ad

366 532 500 575 finem
518 529 664 575 saeculi
682 530 916 574 crescentia
938 530 1159 574 frumenta
1190 529 1428 580 Dominica.
1454 528 1653 573 Christus
1669 528 1754 573 hoc

367 600 490 656 dixit,
508 600 705 646 Christus
727 609 790 644 est
806 600 976 644 veritas.
1005 600 1066 644 Sit
1080 600 1127 642 in
1144 608 1187 643 te
1204 599 1404 643 charitas.
1422 607 1467 642 et
1483 597 1755 657 congaudeat

366 671 552 716 veritati.
571 672 733 716 Contra
746 669 1034 730 Evangelium
1055 680 1098 714 et
1118 671 1151 714 si
1167 669 1360 729 Angelus
1375 670 1430 713 de
1446 668 1560 714 coelo
1572 683 1755 728 evange-

366 741 573 794 lizaverit,
599 742 829 786 anathema
853 743 908 786 sit
925 743 955 785 ¹.

425 815 637 858 CLXXV.
668 816 929 857 Paruimus
964 811 1071 856 dixit
1097 830 1106 856 ι
1137 830 1158 853 «
1191 814 1414 856 Postremo
1436 825 1536 871 quae
1558 818 1623 854 est
1648 810 1757 854 ratio

368 882 655 943 persequendi
679 899 769 938 vos,
795 883 955 936 miseri,
981 882 1224 941 interrogo·‚
1245 882 1279 927 si
1299 882 1461 942 putatis
1478 879 1662 926 forsitan
1683 895 1759 925 vos

369 954 513 1014 aliqua
530 953 637 1013 legis
652 955 908 998 auctoritate
931 968 1109 1013 peccare
1125 955 1143 996 ἵ
1163 972 1183 994 »

427 1027 457 1069 C
467 1027 663 1069 LXXVI.
676 1028 951 1069 Augustus-us
962 1025 1184 1084 respondit
1199 1043 1206 1068 2
1223 1024 1308 1077 Qui
1322 1032 1487 1082 peccat,
1498 1038 1588 1067 non
1599 1029 1750 1081 peccat

365 1095 472 1154 legis
494 1097 764 1150 auctoritate,
780 1095 855 1139 sed
878 1105 1028 1140 contra
1050 1095 1153 1153 legis
1176 1095 1496 1139 auctoritatem.
1518 1093 1630 1146 Quia
1651 1107 1754 1137 vero

368 1166 605 1223 interrogas
627 1200 637 1218 ‚
664 1181 763 1224 quae
786 1166 840 1210 sit
867 1167 976 1209 ratio
999 1165 1286 1225 persequendi
1305 1184 1316 1220 3
1340 1164 1526 1209 vicissim
1549 1172 1592 1207 te
1620 1163 1758 1207 inter-

370 1251 491 1293 rogo,
532 1238 657 1294 cujus
679 1237 731 1278 sit
763 1251 845 1279 vox
873 1237 918 1279 in
942 1236 1112 1279 Psalmo
1149 1235 1330 1279 dicentis
1357 1254 1366 1279 ε
1402 1252 1422 1277 (ι
1449 1234 1756 1279 Detrahentem

372 1323 391 1345 »
427 1314 591 1349 secreto
615 1305 812 1363 proximo
834 1320 928 1359 suo,
955 1306 1073 1348 hunc
1095 1304 1388 1364 persequebar
1402 1307 1434 1348 ².
1460 1323 1479 1345 n
1505 1308 1660 1357 Quaere
1681 1304 1755 1348 ita·

367 1389 454 1434 que
482 1375 788 1433 persecutionis
819 1374 889 1418 vel
922 1390 1094 1419 causam
1118 1375 1188 1419 vel
1217 1374 1414 1429 modum,
1444 1383 1487 1418 et
1509 1373 1600 1418 noli
1639 1382 1760 1419 tanta

368 1445 581 1503 imperitia
599 1444 856 1503 generaliter
874 1446 1088 1490 malorum
1106 1455 1403 1505 persecutores
1423 1445 1755 1505 reprehendere.
1775 1461 1794 1476 ⁴

426 1516 685 1559 CLXXVII.
713 1519 972 1560 Permmrs
995 1516 1102 1560 dixit
1124 1535 1132 1561 ε
1162 1535 1182 1559 (ι
1216 1519 1311 1575 Ego
1327 1531 1431 1560 vero
1453 1531 1476 1558 e
1499 1525 1651 1560 contra
1669 1530 1760 1559 res-

368 1585 569 1644 pondeo,
595 1588 742 1629 Jesum
773 1587 995 1630 Christum
1023 1587 1243 1631 neminem
1272 1595 1550 1646 persecutum
1573 1596 1761 1631 :etcum

368 1656 526 1715 aliquae
548 1667 674 1699 sectae
694 1657 910 1714 Apostolis
932 1657 1071 1701 eidem
1095 1657 1430 1716 suggerentibus
1451 1656 1757 1716 displicerent3

367 1726 439 1780 (ita
461 1726 575 1768 enim
605 1726 735 1770 sidem
757 1736 934 1770 venerat
958 1726 1121 1781 facere,
1152 1736 1201 1771 ut
1223 1728 1312 1771 non
1335 1736 1511 1786 cogeret
1533 1728 1756 1781 homines,

366 1794 442 1838 sed
461 1796 602 1854 potius
625 1797 841 1851 invitaret,
867 1796 1053 1854 >dicunt
1069 1796 1131 1841 illi
1153 1796 1349 1856 Apostoli
1375 1816 1384 1842 ι
1414 1815 1435 1839 »
1462 1797 1592 1842 Multi
1611 1798 1655 1841 in
1676 1811 1759 1841 no-

371 1884 390 1906 »
427 1867 630 1911 minetuo
645 1882 798 1910 manus
814 1869 1064 1926 imponunt,
1086 1876 1128 1910 et
1151 1868 1380 1912 nobiscum
1402 1882 1493 1912 non
1510 1877 1627 1912 sunt.
1647 1867 1761 1911 Dixit

370 1953 389 1976 »
425 1939 548 1980 Jesus
567 1955 575 1980 :
599 1937 810 1981 Dimittite
831 1937 943 1991 illos,
960 1938 994 1981 si
1011 1947 1162 1982 contra
1177 1953 1253 1982 vos
1275 1953 1365 1982 non
1387 1947 1505 1992 sunt,
1532 1953 1612 1996 pro
1637 1937 1758 1981 vobis

372 2025 392 2048 »
428 2016 532 2050 sunt
554 2009 586 2049 3.
613 2026 631 2048 ³)

423 2079 706 2121 CLXXVIII.
729 2080 1011 2123 Aret-sums
1034 2077 1256 2138 respondit
1273 2081 1460 2123 :Verum
1477 2078 1599 2133 dicis,
1619 2077 1760 2123 multo

363 2147 538 2189 uberius
562 2156 604 2191 te
629 2146 899 2205 prolaturum
922 2148 977 2191 de
1001 2157 1075 2192 tuo
1100 2164 1199 2207 quae
1214 2148 1259 2192 in
1279 2149 1511 2208 Scripturis
1525 2164 1616 2193 non
1632 2149 1759 2192 inve<

366 2216 561 2258 niuntur.
602 2217 643 2260 Si
681 2218 796 2259 enirn
827 2217 881 2260 de
913 2218 1144 2276 Scripturis
1183 2219 1340 2262 sanctis
1366 2218 1470 2262 velis
1510 2218 1760 2263 testimonia

363 2284 571 2344 proferre,
599 2287 816 2344 numquid
833 2301 880 2329 ea
896 2302 996 2345 quae
1011 2303 1100 2331 non
1122 2288 1337 2331 inveneris
1365 2287 1585 2347 proferes?
1605 2290 1756 2332 Vestra

362 2365 508 2398 autem
525 2354 747 2399 mendacia
770 2371 902 2413 quam
925 2356 1062 2400 multa
1085 2358 1185 2411 sint,
1208 2359 1254 2401 in
1278 2367 1418 2402 vestra
1442 2367 1658 2417 potestate
1674 2367 1753 2402 est.

370 2425 451 2468 Ubi
466 2426 580 2468 enim
601 2426 808 2484 scriptum
832 2435 895 2470 est
916 2427 1036 2486 quod
1061 2427 1258 2485 posuisti,
1283 2427 1351 2472 vel
1373 2428 1554 2489 quando
1576 2437 1651 2473 aut
1672 2431 1759 2473 Do-

365 2495 484 2537 mino
501 2493 611 2538 illud
633 2505 880 2553 suggestum
900 2505 979 2550 est,
1013 2506 1090 2541 aut
1108 2513 1131 2540 a
1154 2499 1339 2543 Domino
1368 2498 1478 2542 illud
1501 2513 1775 2558 responsum¹

415 2584 422 2598 ¹
449 2577 515 2609 Gal.
537 2590 560 2619 1,
580 2578 611 2611 8.
630 2596 665 2603 —
686 2586 699 2600 ²
720 2580 802 2612 Psal.
824 2592 855 2621 (τ,
882 2581 913 2612 5.
930 2598 970 2604 -
988 2579 1001 2605 3
1020 2583 1095 2615 Luc.
1115 2592 1164 2622 τι,
1186 2583 1240 2615 5οι
