1825 3264
252 210 415 242 CONTRA
447 213 711 241 cnr-,scommr
743 211 1030 252 DONATffiTAM,
1066 215 1147 242 Lm.
1184 216 1231 241 ιι.
1357 205 1439 243 353

57 288 236 338 possunt
271 297 280 323 :
310 280 369 323 ita
407 280 551 324 mirari
587 294 676 323 non
713 279 877 324 debent
907 281 1079 341 decepti
1112 281 1167 325 ab
1199 281 1439 337 haereticis,

55 349 234 408 quando
256 350 312 394 ad
333 349 602 396 Catholicam
625 349 835 405 redeunt,
858 367 957 396 suos
980 352 1232 412 deceptores
1261 352 1343 397 sibi
1371 368 1443 396 an-

55 421 203 479 teponi
221 420 398 482 quando
411 420 465 465 ad
477 421 746 466 Catholicam
760 422 955 467 veniunt.
969 424 1043 468 Isti
1061 439 1251 483 namque
1273 438 1443 468 excusa-

56 490 184 536 bilius
214 501 372 551 petunt
406 508 506 552 quae
527 492 607 537 sibi
628 492 865 538 defuerunt
891 515 901 551 3
926 494 986 538 illi
1012 494 1218 539 humilius
1241 504 1444 555 repetunt

54 562 176 621 quod
208 560 389 606 fuerunt
414 581 423 607 2
449 563 551 607 istos
575 563 872 608 honorabilius
903 564 979 608 ubi
1009 564 1206 609 nondum
1236 574 1445 609 steterant

54 631 314 679 advocamus
343 655 353 690 3
396 633 490 678 illos
525 635 764 694 suspectius
802 634 919 680 unde
952 634 1059 695 lapsi
1100 635 1274 680 fuerant
1311 651 1444 681 revo-

54 718 217 748 camus.

114 775 211 817 XX.
239 774 524 834 Proincham
556 775 774 834 pervides,
804 786 853 820 ut
874 777 1028 835 opinor
1049 811 1058 829 ,
1083 792 1170 820 non
1200 777 1355 821 frustra
1378 792 1447 820 me

54 843 206 888 dixisse
234 862 252 884 «
279 844 599 889 Donatistarum
622 880 633 900 ,
658 864 677 886 n
706 846 772 889 vel
796 856 843 890 ut
864 856 910 890 tu
929 847 1062 890 mavis
1082 882 1092 902 ,
1123 867 1141 888 «
1180 848 1443 891 Donatiano-

54 929 151 958 rum
172 916 203 969 ¹,
223 914 526 959 haeretieorum
549 915 808 975 sacrilegum
823 932 1030 970 errorem,
1059 936 1078 957 »
1101 918 1133 961 si
1149 926 1192 961 et
1215 917 1270 961 ab
1296 918 1449 962 Eccle-

53 985 112 1029 sia
134 985 347 1030 catholica
362 985 615 1041 dissentitis,
641 996 685 1030 et
706 1003 804 1046 quae
820 1003 906 1032 una
921 997 1053 1048 atque
1075 987 1226 1031 eadem
1252 987 1450 1032 fatemini

53 1066 323 1101 sacramenta
347 1055 590 1101 rescinditis
614 1076 622 1101 ε
648 1073 729 1101 nec
752 1067 898 1102 tamen
922 1059 1013 1102 sine
1035 1059 1160 1101 venia
1184 1057 1253 1101 vel
1275 1059 1449 1102 insana-

55 1127 161 1172 biles
174 1129 272 1172 estis
288 1128 592 1172 misericordiae
608 1130 682 1173 Dei
706 1150 717 1186 3
739 1130 839 1190 quia
863 1129 1130 1174 discordioso
1152 1144 1295 1173 errore
1319 1129 1451 1189 depo-

54 1199 164 1254 sito,
195 1199 249 1243 ad
290 1200 550 1244 catholicam
588 1201 813 1245 veritatem
850 1216 1090 1261 pacemque
1123 1203 1348 1256 conversi,
1375 1216 1450 1260 per

54 1269 220 1314 donum
230 1271 321 1329 ejus
336 1269 579 1329 proprium,
592 1270 676 1314 hoc
692 1280 770 1325 est,
792 1281 991 1316 sanctum
1013 1272 1103 1331 ejus
1125 1271 1331 1330 Spiritum
1347 1286 1449 1331 ,per

53 1355 184 1400 quem
217 1340 482 1384 diffunditur
504 1341 688 1385 charitas
710 1342 755 1384 in
784 1341 989 1385 cordibus
1019 1342 1174 1386 nostris
1193 1376 1204 1395 ,
1245 1341 1446 1385 mundari

52 1411 280 1470 sanarique
311 1411 500 1468 poteritis
522 1430 530 1455 ε
554 1426 644 1456 non
666 1419 715 1455 ut
739 1410 1018 1455 destruantur
1035 1411 1080 1454 in
1097 1411 1220 1455 vobis
1242 1411 1448 1456 Ecclesiae

53 1489 337 1535 sacramenta,
361 1496 459 1541 quae
483 1479 622 1525 aliena
645 1482 883 1540 perniciose
905 1481 1008 1525 foris
1029 1481 1282 1536 habebatis,
1304 1480 1379 1525 sed
1402 1490 1451 1524 ut

53 1565 102 1594 ea
119 1552 210 1609 ipsa
228 1552 345 1596 intus
361 1553 451 1610 jam
461 1560 603 1595 vestra
625 1550 856 1596 salubriter
877 1551 1085 1595 habeatis.

112 1623 234 1665 XXI.
280 1623 406 1666 Nunc
427 1620 650 1666 videamus
683 1620 1057 1681 quemadmodum
1089 1619 1312 1674 ostendas,
1334 1629 1450 1664 recte

55 1689 209 1736 dixisse
240 1691 523 1746 Petilianum,
561 1691 630 1735 vel
657 1691 901 1752 quemlibet
933 1691 1066 1735 alium
1084 1726 1094 1746 ,
1127 1710 1147 1733 «
1173 1691 1447 1736 Conscientia

53 1772 199 1807 sancte
222 1762 364 1807 dantis
379 1761 636 1817 attenditur,
651 1779 751 1824 quae
764 1763 914 1807 abluat
933 1762 1197 1822 accipientis.
1224 1781 1242 1803 »
1266 1763 1350 1807 Ubi
1369 1777 1448 1820 ego

55 1833 164 1878 dixi:
180 1834 327 1887 «Quid
339 1835 371 1878 si
384 1834 515 1878 lateat
529 1833 671 1878 dantis
685 1834 965 1888 conscientia,
978 1842 1021 1877 et
1032 1832 1211 1877 fortasse
1228 1833 1446 1877 maculosa

57 1905 127 1959 sit,
152 1904 375 1965 quomodo
398 1905 558 1964 poterit
580 1905 828 1964 accipientis
851 1904 1028 1948 abluere
1050 1904 1357 1948 conscientiam
1382 1906 1400 1946 Ρ
1425 1923 1444 1944 »

59 1978 125 2019 Tu
146 1985 313 2029 contra,
329 1990 418 2019 nou
435 1974 540 2035 quid
556 1991 578 2019 a
601 1985 642 2019 te
664 1975 841 2019 homine
863 1983 1007 2028 acuto,
1026 1975 1100 2018 sed
1124 1974 1229 2033 quid
1253 1990 1275 2017 a
1299 1974 1449 2017 vestris

58 2045 243 2098 dicatur,
270 2044 346 2088 diu
375 2045 547 2088 locutus
570 2060 629 2098 es,
659 2044 779 2103 quod
810 2053 952 2087 totum
977 2043 1164 2087 breviter
1187 2043 1243 2086 ita
1268 2043 1352 2087 diei
1370 2059 1465 2103 po<

58 2119 163 2160 test²
186 2135 194 2160 :
217 2115 525 2160 »Conscientia
545 2115 686 2158 dantis
709 2114 965 2167 attenditur,
989 2129 1076 2156 non
1094 2112 1335 2156 secundum
1360 2114 1450 2172 ejus

56 2186 363 2239 sinceritatem,
388 2200 488 2244 quae
510 2185 552 2227 in
574 2184 645 2227 illa
670 2184 804 2228 videri
829 2199 917 2227 non
940 2192 1096 2242 potest,
1113 2181 1184 2226 sed
1205 2182 1444 2247 secundum

58 2255 217 2301 famam
235 2271 334 2316 quae
354 2255 409 2300 de
430 2255 504 2300 illa
526 2270 599 2298 seu
616 2270 713 2298 vera
737 2270 811 2298 seu
834 2253 939 2298 falsa
962 2263 1049 2297 est:
1080 2272 1097 2293 »
1124 2253 1225 2311 quia
1248 2252 1448 2295 videlicet

58 2329 151 2387 ejus
173 2338 236 2372 est
253 2327 464 2379 hominis,
488 2327 564 2385 qui
587 2327 666 2370 etsi
692 2325 924 2369 sceleratus
956 2322 1154 2368 occultus
1183 2323 1261 2375 sit,
1287 2323 1448 2366 sullicit

59 2398 284 2458 accipienti
300 2397 417 2456 quod
434 2396 559 2440 bonae
574 2397 626 2439 sit
649 2394 992 2446 existimationis,
1012 2392 1205 2436 nondum
1231 2393 1444 2449 cognitus,

62 2467 257 2513 nondum
276 2466 517 2527 judicatus,
544 2464 739 2509 nondum
758 2464 812 2507 ab
837 2463 1023 2515 Ecclesia
1046 2471 1280 2520 separatus.
1310 2462 1416 2506 Vide
1433 2498 1442 2514 ,

111 2559 117 2572 ¹
143 2551 218 2584 Vide
236 2554 347 2583 conlra
367 2549 507 2581 Petiliam.
533 2549 586 2579 lib.
608 2560 628 2583 i,
649 2559 718 2589 cap.
743 2559 767 2578 ι.
786 2564 819 2569 --
843 2555 849 2567 '³
874 2547 952 2578 ll›i‹l.

252 2613 440 2644 cxxxix.
1205 2600 1253 2637 ἐὴ
