1825 3264
305 263 388 301 318
743 269 778 298 s.
813 267 1045 301 Aucus-run
1075 271 1258 310 muscorr

361 337 483 380 XIX.
508 335 594 388 Qui
611 334 726 378 enim
743 335 951 395 disputat,
967 350 1119 380 verum
1134 334 1339 380 discernit
1361 348 1382 379 a
1407 334 1530 380 falso.
1551 335 1683 389 Quod

302 406 378 465 qui
410 421 499 449 non
526 414 727 464 possunt,
753 415 797 450 et
823 414 969 451 tamen
992 405 1206 450 dialectici
1237 404 1571 463 viderivolunt,
1605 419 1684 465 per

301 476 520 520 insidiosas
540 476 898 535 interrogationes
914 486 1090 536 captant
1104 477 1379 521 incautorum
1401 476 1679 532 assensiones,

302 555 352 591 ut
370 562 423 590 ex
444 561 595 591 eorum
618 548 968 607 responsionibus
989 546 1271 600 concludant,
1293 546 1411 592 unde
1432 547 1527 592 illos
1549 546 1618 592 vel
1636 547 1684 591 in

303 626 450 677 aperta
472 617 656 662 falsitate
677 616 880 678 deceptos
902 618 1096 674 rideant,
1122 618 1192 662 vel
1213 617 1429 662 occultam
1452 616 1683 663 falsitatem

303 687 489 748 deceptis
511 687 820 748 persuadeant,
849 705 979 749 quam
1000 688 1260 749 plerumque
1282 689 1411 733 etiam
1433 689 1513 749 ipsi
1534 689 1685 733 existi-

303 768 424 802 mant
443 759 685 803 veritatem.
711 760 796 812 Qui
818 769 963 803 autem
985 775 1112 804 verus
1140 759 1384 818 disputator
1405 767 1490 813 est,
1519 758 1566 802 id
1594 767 1685 818 est,

303 829 492 872 veritatis
510 844 533 872 a
551 827 738 874 falsitate
760 829 983 885 discretor,
1001 830 1141 888 primo
1158 829 1203 873 id
1220 828 1338 888 apud
1359 844 1403 873 se
1418 830 1561 888 ipsum
1578 829 1682 887 agit,

305 913 357 941 ne
379 913 468 942 non
490 908 605 943 recte
626 898 871 944 discernens
894 900 984 959 ipse
1006 899 1180 944 fallatur
1198 920 1209 957 3
1235 900 1355 959 quod
1378 899 1456 942 nisi
1478 898 1687 943 divinitus

305 967 477 1028 adjutus
494 984 697 1028 peragere
714 985 803 1014 uon
822 979 962 1029 potest
988 989 996 1014 :
1015 970 1173 1014 deinde
1187 985 1288 1014 cum
1309 970 1355 1013 id
1371 970 1492 1029 quod
1506 969 1622 1028 apud
1643 983 1687 1013 se

305 1039 394 1097 egit
421 1040 476 1083 ad
509 1039 614 1084 alios
648 1041 869 1084 docendos
902 1039 1088 1100 profert,
1121 1041 1316 1085 intuetur
1347 1041 1546 1099 primitus
1582 1039 1689 1099 quid

299 1109 389 1168 jam
411 1109 515 1153 certi
535 1110 740 1154 noverint
756 1144 766 1164 ,
791 1119 842 1154 ut
863 1126 914 1154 ex
936 1111 1001 1154 his
1022 1125 1094 1155 eos
1116 1109 1306 1155 adducat
1327 1109 1383 1154 ad
1403 1126 1452 1154 ea
1475 1125 1574 1171 quae
1601 1124 1690 1154 non

304 1188 516 1223 noverant
546 1179 614 1223 vel
641 1180 818 1224 credere
841 1179 1071 1235 nolebant,
1097 1181 1329 1225 ostendens
1349 1195 1398 1224 ea
1419 1194 1692 1240 consequen-

304 1249 363 1294 tia
391 1250 456 1293 his
485 1266 584 1310 quae
599 1251 689 1310 jam
712 1250 891 1295 scientia
927 1250 996 1295 vel
1023 1251 1110 1295 fide
1139 1251 1387 1295 retinebant
1417 1269 1425 1296 :
1450 1260 1501 1296 ut
1532 1265 1610 1311 per
1642 1265 1693 1295 ea

303 1334 405 1364 vera
437 1319 492 1364 de
522 1320 679 1380 quibus
705 1336 749 1364 se
778 1321 1048 1379 perspiciunt
1071 1322 1340 1376 consentire,
1365 1330 1579 1381 cogantur
1611 1321 1694 1365 alia

304 1404 404 1433 vera
425 1405 525 1450 quae
546 1399 810 1449 negaverant
832 1391 1073 1450 approbare
1099 1410 1108 1436 ε
1135 1401 1178 1436 et
1199 1392 1257 1436 sic
1279 1407 1428 1436 verum
1458 1390 1580 1451 quod
1607 1391 1693 1435 fal-

304 1476 401 1505 sum
427 1470 552 1505 antea
577 1462 837 1520 putabatur,
864 1462 1133 1505 discernatur
1155 1478 1179 1506 a
1201 1461 1325 1518 falso,
1351 1477 1452 1507 cum
1473 1462 1696 1508 invenitur

306 1541 646 1576 consentaneum
669 1532 732 1576 illi
756 1548 859 1576 vero
881 1532 1002 1592 quod
1020 1535 1107 1593 jam
1132 1543 1257 1578 antea
1277 1535 1524 1579 tenebatur.

364 1604 462 1645 XX.
491 1605 584 1647 Hoc
607 1602 681 1646 ille
698 1618 825 1646 verus
847 1602 1091 1662 disputator
1112 1604 1146 1648 si
1167 1604 1254 1648 late
1275 1604 1522 1663 diffuseque
1543 1603 1689 1658 faciat,

307 1671 561 1731 eloquenter
583 1671 702 1726 facit,
729 1672 902 1731 alioque
920 1682 1025 1717 tunc
1048 1683 1248 1717 censetur
1269 1684 1542 1734 augeturque
1562 1689 1695 1719 voca-

307 1742 442 1798 bulo,
467 1751 517 1786 ut
551 1741 692 1786 dictor
715 1743 861 1801 potius
891 1758 1024 1803 quam
1057 1743 1301 1802 disputator
1332 1754 1513 1790 vocetur
1547 1763 1556 1789 :
1588 1746 1698 1789 sicut

307 1812 431 1856 illum
454 1812 600 1856 locum
628 1813 862 1871 Apostolus
888 1814 1059 1872 copiose
1087 1812 1240 1858 dilatat
1275 1823 1406 1874 atque
1439 1813 1648 1858 diffundit
1683 1833 1693 1858 ε

311 1901 332 1924 α
358 1886 410 1926 In
431 1883 650 1937 omnibus,
676 1883 843 1941 inquit,
869 1885 1225 1928 commendantes
1247 1885 1529 1943 nosmetipsos
1547 1894 1598 1928 ut
1619 1884 1697 1928 Dei

311 1971 331 1994 »
354 1954 595 2009 ministros,
622 1954 667 1997 in
690 1954 828 1997 multa
850 1953 1073 2013 patientia,
1094 1954 1139 1997 in
1161 1954 1532 2010 tribulationibus,
1548 1955 1594 1998 in
1616 1969 1696 1998 an-

311 2040 332 2063 »
357 2024 522 2081 gustiis,
546 2025 590 2067 in
612 2023 765 2083 plagis,
780 2023 824 2066 in
843 2024 1103 2078 carceribus,
1128 2024 1174 2067 in
1197 2023 1696 2079 seditionibus,inlabo-

310 2110 332 2134 »
358 2093 499 2148 ribus,
523 2095 569 2137 in
587 2093 762 2152 vigiliis,
788 2095 833 2137 in
849 2095 1044 2153 jejuniis,
1069 2095 1115 2138 in
1133 2095 1351 2150 castitate,
1375 2095 1631 2150 inscientia,
1654 2094 1700 2137 in

311 2180 333 2204 »
360 2164 705 2221 longanimitate,
728 2165 773 2207 in
796 2164 1078 2221 benignitate,
1098 2165 1144 2208 in
1168 2166 1330 2224 Spiritu
1350 2174 1515 2220 sancto,
1533 2165 1579 2208 in
1595 2165 1699 2209 cha-

311 2252 332 2275 »
359 2234 484 2278 ritate
500 2249 590 2279 non
604 2235 719 2289 ficta,
732 2234 776 2277 in
789 2234 924 2278 verbo
939 2235 1146 2289 veritatis,
1159 2235 1204 2278 in
1217 2233 1379 2279 virtute
1401 2236 1478 2279 Dei
1493 2250 1570 2294 per
1584 2250 1700 2279 arma

315 2323 332 2345 »
356 2305 535 2364 justitiae
559 2303 708 2349 dextra
730 2312 772 2347 et
793 2304 961 2348 sinistra
975 2339 986 2357 ,
1007 2320 1083 2363 per
1105 2303 1285 2363 gloriam
1302 2305 1695 2364 etignobilitatem,

313 2392 334 2416 »
360 2389 436 2433 per
457 2374 680 2419 infamiam
694 2383 737 2418 et
755 2375 915 2418 bonam
937 2374 1096 2418 famam
1109 2395 1120 2432 3
1133 2373 1439 2420 utseductores
1452 2384 1496 2420 et
1507 2389 1696 2430 veraces,

315 2461 335 2484 η
361 2453 410 2487 ut
422 2445 498 2503 qui
511 2444 763 2502 ignoramur
776 2453 818 2488 et
836 2445 1155 2503 cognoscimur,
1171 2445 1534 2504 quasimorientes
1549 2453 1592 2489 et
1602 2458 1701 2489 ecce

316 2531 337 2554 »
363 2514 563 2568 vivimus,
583 2523 633 2558 ut
645 2514 819 2558 coerciti
839 2523 882 2558 et
901 2530 991 2559 non
1011 2515 1274 2569 mortificati,
1291 2524 1340 2559 ut
1353 2515 1510 2569 tristes,
1532 2529 1702 2574 semper

315 2601 337 2624 »
365 2592 509 2628 autem
532 2584 791 2643 gaudentes,
814 2586 925 2630 sicut
953 2585 1103 2644 egeni,
1129 2583 1290 2630 multos
1311 2594 1457 2631 autem
1483 2584 1670 2631 ditantes
1686 2617 1698 2639 ‚
