1825 3264
323 215 407 253 322
755 218 788 248 s.
825 218 1058 250 acet-snm
1090 220 1274 249 13121500121

318 297 368 333 ut
390 285 567 347 quando
585 300 686 330 cum
706 284 782 330 illo
804 285 887 330 sibi
908 294 1018 332 esset
1034 285 1365 345 disputandum,
1384 284 1579 331 elleboro
1596 300 1704 346 pur-

319 356 513 418 gandum
534 371 610 401 cor
631 371 720 401 esse
742 366 958 415 censeret3
982 365 1160 402 caeteros
1183 366 1330 402 autem
1348 355 1419 403 vel
1435 371 1616 417 pransus
1640 355 1706 403 fa·

316 426 397 471 cile
411 433 648 486 superaret.
676 425 720 471 Si
742 441 845 486 ergo
867 441 945 472 nos
966 425 1068 471 libri
1089 429 1338 473 Stoicorum
1361 426 1584 473 dialectice
1617 425 1707 471 dis-

318 506 475 557 putare
502 496 765 554 docuerunt,
791 496 1035 543 doctrinam
1059 497 1181 544 Pauli
1211 508 1361 545 contra
1383 513 1462 544 nos
1483 497 1710 559 proferant

316 568 508 629 episcopi
528 568 660 614 vestri
679 587 688 613 ;
706 583 854 614 secum
870 578 1019 614 tamen
1035 585 1114 616 nos
1128 569 1326 616 conferre
1342 570 1579 631 patiantur,
1597 569 1711 615 sicut.

315 639 430 698 ipsos
451 649 554 684 tunc
578 641 746 684 Sto'l'cos
763 638 837 684 ille
859 654 948 684 non
969 638 1146 699 repulit.

376 713 517 755 XXV.
554 713 677 755 Hanc
695 710 812 755 enim
830 719 967 755 artem
984 725 1117 771 quam
1133 710 1404 756 dialecticam
1418 719 1592 767 vocant,
1611 724 1711 771 quae

315 781 425 825 nihil
451 780 571 826 aliud
605 781 734 826 docet
764 796 898 841 quam
931 781 1241 841 consequentia
1273 781 1598 836 demonstrare,
1634 794 1712 826 seu

313 867 415 896 vera
446 853 574 908 veris,
604 868 680 896 seu
711 852 819 896 falsa
842 850 980 907 falsis,
1004 867 1230 912 nunquam
1261 853 1460 898 doctrina
1478 851 1713 896 christiana

313 920 547 981 formidat,
567 923 682 967 sicut
704 937 798 967 eam
820 922 866 966 in
890 922 1045 967 Stoicis
1063 937 1153 967 non
1170 921 1423 967 formidavit
1450 920 1709 981 Apostolus,

312 1009 422 1054 quos
444 1008 590 1037 secum
613 993 809 1038 volentes
831 991 1030 1038 conferre
1059 1008 1149 1038 non
1171 994 1378 1052 respuit1.
1403 994 1461 1036 Et
1482 992 1574 1051 ipsa
1595 991 1712 1035 enim

311 1069 491 1125 fatetur,
517 1079 561 1113 et
582 1085 735 1114 verum
752 1079 832 1124 est,
860 1069 1081 1114 neminem
1103 1067 1369 1128 disputando
1388 1066 1444 1111 ad
1464 1064 1713 1110 conclusio·-

310 1154 410 1183 nem
430 1137 586 1183 falsam
613 1147 932 1199 consequenter
960 1137 1157 1198 impelli,
1187 1138 1269 1182 nisi
1295 1137 1414 1197 prius
1445 1135 1711 1181 consenserit

312 1209 446 1266 salsis,
470 1210 631 1270 quibus
653 1210 807 1254 eadem
820 1209 1060 1266 conclusio,
1074 1209 1180 1254 velit
1196 1208 1322 1264 nolit,
1340 1208 1543 1252 efficitur.
1560 1210 1623 1252 Ac
1638 1220 1715 1266 per

311 1281 396 1325 hoc
414 1281 489 1341 qui
515 1290 641 1326 cavet
664 1296 720 1325 ne
741 1296 784 1325 se
806 1280 1016 1341 loquente
1033 1289 1359 1340 consequantur
1378 1278 1486 1323 salsa
1508 1293 1607 1338 quae
1625 1292 1716 1322 non

314 1350 428 1406 vult,
445 1350 596 1395 volens
618 1351 724 1396 falsa
749 1360 900 1396 caveat
926 1366 1026 1410 quae
1060 1349 1333 1410 praecedunt.
1363 1350 1406 1395 Si
1433 1358 1578 1392 autem
1599 1362 1715 1407 prae-

314 1421 572 1467 cedentibus
620 1423 731 1467 veris
769 1422 992 1467 inhaeserit
1010 1457 1022 1477 ,
1070 1436 1363 1481 quaecumque
1403 1418 1715 1479 consequentia

313 1493 577 1551 perspexerit
599 1508 700 1552 quae
729 1490 837 1536 falsa
861 1491 1160 1545 existimabat,
1182 1490 1253 1535 vel
1274 1491 1329 1534 de
1350 1490 1512 1549 quibus
1533 1488 1715 1532 dubita-

316 1562 416 1618 bat,
450 1563 699 1608 admonitus
731 1561 1044 1623 amplectatur,
1081 1562 1116 1607 si
1152 1561 1323 1607 veritati
1344 1570 1407 1606 est
1433 1558 1716 1621 pacatissimae

317 1634 510 1689 amicior,
535 1649 668 1694 quam
690 1634 1092 1679 contentiosissimae
1114 1633 1310 1678 vanitati.

374 1705 540 1749 XXVI.
565 1708 724 1749 Parum
741 1704 921 1764 egerim,
941 1704 1022 1748 nisi
1039 1704 1123 1748 hoc
1140 1704 1264 1763 quod
1280 1702 1379 1747 dico
1397 1702 1443 1746 in
1460 1701 1542 1746 hac
1561 1698 1716 1744 eadem

313 1789 414 1835 quae
429 1775 543 1820 inter
560 1791 639 1821 nos
657 1776 841 1821 vertitur
854 1784 1006 1821 nostra
1022 1774 1385 1820 sermocinatione
1399 1781 1712 1818 monstravero.

316 1847 429 1890 Ecce
445 1847 490 1890 in
507 1862 556 1890 ea
571 1846 662 1906 ipsa
677 1846 919 1907 quaestione
937 1845 993 1891 de
1013 1846 1230 1905 baptismo
1247 1854 1296 1890 tu
1315 1841 1580 1903 proposuisti
1601 1856 1625 1886 a
1645 1855 1716 1885 me

319 1917 560 1976 requirens,
587 1917 664 1961 ubi
694 1927 735 1962 te
757 1917 967 1977 baptizari
996 1917 1251 1972 conveniat,
1281 1925 1432 1960 utrum
1465 1912 1585 1974 apud
1613 1927 1714 1968 nos,

318 2002 372 2030 au
390 1987 435 2030 in
453 1996 573 2046 parte
589 1988 762 2032 Donati.
781 1990 838 2032 Et
853 1988 956 2048 quia
976 1987 1163 2032 intentio
1183 1996 1258 2031 tua
1277 1995 1340 2030 est
1361 1985 1407 2029 in
1423 1993 1546 2044 parte
1561 1981 1718 2027 Donati

321 2057 545 2102 hominem
563 2059 707 2118 potius
727 2058 937 2118 baptizari
953 2067 1173 2118 oportere,
1189 2059 1302 2102 hanc
1315 2055 1603 2100 intentionem
1617 2053 1718 2097 hinc

320 2129 507 2186 probare
535 2138 717 2174 conatus
743 2144 811 2185 es,
836 2129 959 2189 quod
981 2129 1112 2173 etiam
1134 2143 1212 2172 nos
1230 2142 1319 2172 esse
1341 2125 1430 2170 illic
1449 2123 1719 2183 baptismum

322 2212 413 2242 non
432 2215 655 2258 negamus.
683 2200 815 2244 Vides
848 2209 965 2244 certe
985 2200 1033 2244 id
1055 2210 1098 2244 te
1119 2214 1246 2258 agere
1267 2198 1478 2252 voluisse,
1507 2204 1557 2239 ut
1586 2208 1640 2237 ex
1667 2207 1719 2236 eo

325 2268 446 2328 quod
467 2270 765 2325 concedimus,
790 2268 846 2314 ad
862 2269 925 2325 id,
950 2268 1071 2329 quod
1092 2283 1183 2313 non
1205 2267 1567 2320 concedebamuS,
1587 2270 1720 2307 attra-

323 2338 481 2384 hamur
495 2375 507 2396 ‚
532 2340 578 2386 id
601 2350 686 2397 est,
711 2350 761 2386 ut
781 2341 884 2401 quia
905 2340 1185 2386 concedimus
1211 2354 1301 2384 esse
1323 2337 1412 2382 illic
1434 2336 1716 2395 baptismum,

323 2410 455 2454 ctiam
488 2410 579 2457 illic
615 2427 705 2458 esse
741 2412 966 2458 hominem
994 2409 1310 2472 baptizandum
1342 2405 1582 2454 concedere
1603 2417 1721 2451 com·

325 2479 555 2538 pellamur.

378 2570 387 2585 ¹
408 2566 486 2597 Act.
506 2576 586 2608 xvu,
609 2566 659 2598 18.
