1825 3264
260 278 422 310 comm
453 281 717 309 cnssscomcm
749 279 1037 321 nom-risum,
1074 284 1156 310 Lm.
1192 284 1223 310 1.
1351 271 1435 311 319

58 365 78 388 »
104 355 311 407 tanquam
334 345 443 391 nihil
464 347 694 402 habentes,
719 355 763 390 et
783 347 926 391 omnia
946 347 1252 406 possidentes1.
1278 366 1297 389 »
1322 348 1440 401 Quid

54 419 170 462 enim
191 418 274 463 hoc
291 418 390 463 stilo
411 418 647 478 apostolico
670 418 846 462 uberius
871 427 914 462 et
931 419 1123 462 ornatius
1139 454 1149 474 ,
1186 418 1231 462 id
1249 428 1334 472 est,
1355 419 1442 464 elo·

55 489 260 548 quentius
283 486 408 533 facile
424 489 615 534 invenis?
647 489 690 534 Si
714 497 857 532 autem
873 504 1014 547 presse
1036 498 1166 549 atque
1186 489 1437 544 constricte,

55 559 188 616 magis
209 573 310 603 eum
327 560 637 618 disputatorem
655 573 785 619 quam
798 558 1008 603 dictorem
1022 558 1238 618 appellare
1258 574 1442 604 consue·

54 629 418 689 verunt‚qualiter
432 630 518 688 agit
527 628 641 672 idem
651 627 878 687 Apostolus
887 629 942 672 de
949 629 1275 674 circumcisione
1285 638 1441 688 etprae·

52 699 177 758 putio
188 700 318 758 patris
333 699 572 754 Abraham,
588 698 657 744 vel
670 699 1064 758 distinctionclegis
1079 710 1121 744 et
1138 700 1300 758 gratiae.
1314 698 1444 753 Quod

52 768 230 829 quidam
241 784 331 814 non
343 769 632 827 intelligentes
641 804 652 824 ,
669 771 757 814 imo
769 784 870 814 vero
886 769 1217 825 calumniantes,
1229 770 1445 814 criminati

55 849 156 885 sunt
177 854 278 884 eum
299 840 461 895 dicere,
487 859 507 883 «
532 841 758 884 Faciamus
783 840 894 885 mala
909 875 920 896 ,
945 850 994 885 ut
1015 841 1218 885 eveniant
1236 841 1391 885 bona2.
1419 857 1440 881 »

56 910 153 954 Sive
175 919 320 955 autem
342 911 395 955 sit
418 911 556 955 dictor
577 912 665 955 sive
685 909 951 970 disputator,
977 926 1058 954 nec
1081 909 1215 955 dictio
1240 912 1331 954 sine
1353 909 1444 953 dis-

54 981 280 1038 putatione
303 989 385 1035 est,
411 996 509 1024 cum
535 989 578 1024 et
598 981 748 1038 inipsa
764 980 1027 1040 eloquentiae
1044 980 1273 1024 latitudine
1290 980 1445 1024 veritas

55 1064 78 1094 a
95 1049 281 1094 falsitate
302 1051 586 1107 discernitur,
603 1066 683 1095 nec
700 1050 938 1110 disputatio
960 1060 1104 1110 potest
1126 1066 1217 1095 esse
1235 1051 1326 1095 sine
1348 1049 1444 1094 dic-

53 1121 186 1176 tione,
212 1121 389 1181 quando
410 1122 560 1181 utique
581 1121 722 1165 verbis
743 1130 787 1165 et
807 1120 956 1180 lingua
979 1122 1070 1180 ipsa
1089 1122 1344 1166 constrictio
1359 1135 1445 1166 ser—

52 1192 192 1236 monis
223 1192 480 1251 exprimitur
502 1211 510 1237 :
532 1193 620 1236 sive
637 1192 712 1236 illo
736 1201 886 1236 utatur
905 1201 1135 1251 perpetuo,
1156 1193 1244 1236 sive
1260 1193 1445 1237 interro-—

54 1260 198 1320 gando
221 1276 324 1305 eum
347 1277 447 1306 cum
469 1277 559 1321 quo
582 1263 682 1319 agit,
709 1271 835 1321 cogat
857 1262 1119 1321 respondere
1139 1262 1261 1322 quod
1288 1277 1440 1308 verum

53 1341 132 1387 est,
157 1341 201 1376 et
223 1348 274 1376 ex
297 1333 379 1376 hoc
397 1332 450 1377 ad
473 1331 592 1376 aliud
614 1347 766 1376 verum
790 1333 910 1392 quod
929 1333 1211 1392 qnaerebatur
1228 1332 1439 1388 adducat,

54 1402 130 1447 ubi
151 1403 340 1447 maxime
362 1418 541 1462 regnare
567 1402 794 1447 dialectica
816 1402 991 1447 dicitur.

113 1475 234 1518 XXI.
270 1476 382 1519 Cum
406 1475 521 1517 enirn
541 1474 726 1533 quisque
750 1473 835 1517 suis
856 1473 1208 1532 responsionibus
1233 1472 1440 1528 vincitur,

54 1551 98 1587 et
118 1544 152 1588 si
173 1543 285 1588 male
301 1543 539 1604 respondit,
561 1559 649 1587 non
669 1544 802 1588 habet
815 1544 935 1603 quod
954 1543 1142 1603 imputet
1162 1544 1441 1602 disputatori,

53 1613 130 1657 sed
150 1614 259 1671 sibi,
284 1623 327 1658 et
348 1614 383 1657 si
403 1614 515 1657 bene
533 1609 770 1672 respondit,
791 1613 1010 1658 eru-bescit
1032 1613 1213 1658 ulterius
1229 1613 1442 1669 resistere,

54 1697 144 1728 non
173 1684 262 1743 jam
291 1683 576 1743 disputatori,
612 1682 688 1727 sed
717 1684 812 1728 sibi.
843 1687 895 1728 In
925 1699 1014 1744 quo
1043 1699 1201 1743 genere
1231 1684 1440 1728 Dominus

53 1768 154 1798 cum
178 1753 381 1798 adversus
400 1757 423 1798 J
432 1754 578 1798 udaeos
599 1754 752 1798 crebro
773 1763 940 1812 ageret,
970 1769 1132 1814 eosque
1164 1753 1338 1798 illorum
1360 1769 1445 1798 res-

54 1824 334 1883 ponsionibus
363 1834 512 1883 captos
546 1824 863 1884 conclusosque
901 1825 1179 1869 convinceret
1200 1859 1210 1879 ,
1247 1840 1337 1869 non
1371 1839 1445 1869 vos

55 1894 298 1949 audierant,
322 1910 403 1939 nec
423 1912 446 1939 a
469 1895 592 1939 vobis
613 1896 844 1939 conviciari
867 1894 1110 1939 didicerant
1135 1914 1144 1940 ι
1170 1910 1271 1938 nam
1296 1894 1444 1938 liben-

53 1965 140 2009 tius
156 1974 200 2009 et
212 1964 464 2008 invidiosius
479 1980 580 2008 eum
602 1965 782 2010 fortasse
803 1964 1078 2009 dialecticum
1095 1980 1227 2024 quam
1245 1967 1369 2009 Sama
1379 1964 1443 2007 ri·-

54 2042 206 2078 tanum
232 2033 515 2093 appellarent.
539 2033 774 2086 ‚Quomodo
807 2034 922 2077 enim
957 2043 1083 2092 putas
1113 2049 1186 2078 eos
1223 2042 1445 2078 contortos

55 2112 186 2162 atque
207 2103 428 2157 confusos,
447 2118 548 2148 cum
564 2103 758 2147 volentes
773 2118 874 2147 eum
892 2118 1044 2162 capere
1055 2104 1100 2146 in
1114 2103 1264 2158 verbo,
1281 2104 1444 2162 priores

53 2168 446 2232 interrogaverunt,
478 2183 627 2217 utrum
651 2172 800 2217 liceret
822 2174 1035 2217 tributum
1057 2172 1238 2217 reddere
1260 2174 1439 2228 Caesari,

56 2243 224 2303 bicipiti
250 2243 454 2289 videlicet
486 2243 787 2303 complexione
817 2243 1092 2298 insidiantes,
1129 2252 1179 2287 ut
1211 2243 1441 2304 quodlibet

57 2313 218 2373 eligens
239 2315 516 2373 caperetur3'?
545 2315 586 2359 Si
608 2314 738 2358 licere
769 2313 1067 2373 responderet,
1100 2322 1308 2373 tanquam
1345 2329 1442 2357 reus

53 2394 164 2429 esset
186 2385 389 2429 adversus
411 2384 624 2444 populum
645 2385 720 2428 Dei
745 2404 754 2428 ε
781 2386 814 2428 si
835 2394 981 2429 autem
1007 2384 1169 2428 diceret
1184 2399 1270 2428 non
1286 2383 1442 2438 licere,

57 2455 457 2514 tanquamCaesaris
472 2455 739 2498 adversarius
756 2455 999 2512 puniretur.
1024 2454 1106 2497 Ubi
1119 2452 1192 2496 ille
1211 2467 1444 2497 nummum

47 2523 140 2568 ¹sibi
162 2524 360 2583 poposcit
379 2522 564 2578 ostendi,
590 2532 634 2567 et
654 2523 941 2581 interrogavit
959 2523 1082 2582 cujus
1099 2522 1279 2567 haberet
1297 2524 1445 2582 imagi-

109 2614 119 2630 ¹
146 2615 167 2641 2
182 2609 254 2641 Gor.
270 2617 315 2649 vi,
330 2607 363 2649 4.
378 2623 420 2630 --
437 2613 450 2630 ³
476 2618 488 2639 1
508 2609 597 2640 Rom.
613 2617 658 2645 ni,
678 2608 710 2639 8.
727 2604 794 2629 -3
813 2605 932 2638 Matth.
955 2615 1033 2644 nu,
1056 2614 1106 2647 17.
