1825 3264
341 228 423 265 200
762 232 793 260 s.
831 230 1063 261 Arcvsrnu
1096 234 1276 262 13121500121

337 302 438 355 sint,
465 299 638 354 tratres,
664 314 764 358 quae
780 307 922 358 potest
943 313 1033 342 esse
1051 298 1304 357 perversitas
1325 333 1336 354 ,
1362 307 1412 343 ut
1439 297 1515 359 qui
1537 298 1623 343 suis
1639 300 1726 343 cri-

338 371 527 414 minibus
543 385 639 414 reus
652 378 730 425 est,
749 370 880 414 alium
895 369 1026 414 faciat
1040 370 1335 424 innocentem,
1353 369 1525 414 dicente
1540 370 1726 415 Domino

337 444 440 485 Jesu
462 441 634 486 Christo
662 460 669 484 :
706 460 726 482 «
751 439 892 484 Arbor
922 441 1036 484 bona
1066 440 1202 484 bonos
1233 440 1401 484 fructus
1424 440 1530 484 facit
1554 459 1563 484 :
1593 455 1727 484 num-

339 530 359 553 »
385 511 492 572 quid
514 511 728 570 colligunt
750 510 805 555 de
832 511 965 571 spinis
988 503 1155 555 uvas'1?
1176 530 1194 552 »
1229 514 1286 555 Et
1306 512 1464 555 iterum
1489 530 1499 556 2
1531 529 1552 552 «
1576 511 1728 556 Omnis

338 601 358 623 »
383 583 516 627 homo
534 582 677 626 bonus
693 581 748 626 de
769 583 972 626 thesauro
989 581 1130 626 cordis
1147 580 1212 625 sui
1233 580 1399 641 profert
1416 582 1549 636 bona,
1569 589 1613 625 et
1631 596 1727 626 om-

338 672 359 696 »
384 654 448 696 nis
469 653 601 697 homo
623 652 760 696 malus
784 652 839 695 de
862 653 1064 696 thesauro
1086 653 1226 696 cordis
1245 653 1311 696 sui
1329 651 1496 712 profert
1519 652 1630 696 mala
1648 654 1680 696 ².
1706 672 1724 694 »

335 726 392 768 Et
413 724 571 768 iterum
597 743 606 769 :
635 744 655 766 «
680 724 765 777 Qui
783 724 1028 783 baptizatur
1050 739 1073 767 a
1095 733 1291 779 mortuo,
1313 739 1402 768 non
1420 723 1460 768 ei
1474 722 1652 783 prodest
1663 722 1729 768 la-

336 814 356 836 »
382 795 498 839 vatio
520 797 610 855 ejus
627 797 656 839 3.
687 813 706 836 »
734 797 837 840 Haec
852 795 996 839 omnia
1015 810 1103 855 quo
1122 796 1368 854 pertineant
1384 795 1558 850 videtis,
1583 804 1635 839 ut
1651 795 1728 840 sci-

333 866 433 910 licet
451 875 597 910 sancte
615 866 757 910 dantis
778 867 1041 911 conscientia
1063 869 1137 924 (ne
1157 866 1386 926 quisquam
1406 866 1537 910 fidem
1555 881 1729 910 sumens

333 951 356 979 a
379 936 568 994 perfido,
589 952 678 980 non
697 936 826 980 fidem
845 937 1070 996 percipiat,
1096 936 1171 980 sed
1195 940 1397 993 reatum),
1418 937 1508 995 ipsa
1531 937 1584 980 sit
1607 937 1729 996 origo

333 1017 375 1051 et
397 1007 517 1051 radix
541 1017 583 1052 et
606 1017 738 1067 caput
761 1017 803 1051 et
824 1023 971 1051 semen
988 1008 1206 1067 baptizati.
1235 1007 1395 1051 Volens
1411 1008 1525 1051 enim
1543 1008 1729 1066 probare

331 1079 640 1122 conscientiam
664 1088 809 1123 sancte
836 1078 979 1122 dantis
1002 1078 1193 1132 attendi,
1219 1093 1318 1138 quse
1341 1077 1492 1122 abluat
1511 1078 1728 1138 accipien-

333 1148 408 1205 tis,
434 1157 477 1192 et
502 1164 589 1192 non
608 1148 739 1192 fidem
767 1149 1012 1207 percipere,
1034 1147 1108 1191 sed
1132 1157 1322 1202 reatum,
1347 1148 1422 1208 qui
1440 1148 1570 1192 fidem
1592 1149 1729 1194 sciens

332 1217 463 1262 sumit
481 1235 502 1262 a
523 1220 717 1278 perfido,
738 1219 949 1263 continuo
972 1219 1158 1279 subjecit
1179 1238 1186 1263 :
1213 1238 1233 1261 «
1255 1221 1406 1263 Omnis
1425 1235 1490 1264 res
1512 1220 1627 1263 enim
1643 1220 1730 1264 ori-

332 1290 430 1347 gine
458 1299 501 1333 et
529 1290 674 1333 radice
702 1290 925 1347 consistit3
955 1299 997 1333 et
1025 1291 1059 1333 si
1091 1298 1223 1348 caput
1252 1305 1341 1334 non
1363 1291 1498 1334 habet
1530 1290 1694 1350 aliquid
1714 1325 1725 1345 ‚

320 1359 441 1406 ,nihil
464 1369 549 1415 est,
573 1375 653 1404 nec
671 1361 911 1419 quidquam
935 1360 1046 1403 bene
1063 1370 1310 1418 regenerat,
1332 1361 1412 1404 nisi
1431 1361 1548 1405 bono
1566 1361 1728 1404 semine

332 1439 623 1485 regeneretur.
648 1448 667 1471 »
693 1433 748 1473 Et
766 1446 820 1473 ne
835 1431 1068 1489 quisquam
1089 1439 1176 1473 tam
1193 1431 1342 1474 tardus
1363 1440 1488 1486 esset,
1514 1440 1564 1475 ut
1583 1430 1727 1476 adhuc

330 1515 418 1544 non
441 1500 701 1558 intelligeret
719 1500 773 1544 de
795 1499 872 1545 illo
894 1515 994 1544 eum
1013 1500 1156 1545 dicere
1179 1517 1202 1545 a
1225 1518 1314 1561 quo
1332 1503 1517 1562 quisque
1539 1502 1728 1562 baptiza-

330 1580 426 1625 tur,
451 1571 653 1630 explanat
674 1573 758 1616 hoc
780 1573 1119 1632 subsequenter,
1145 1581 1187 1616 et
1209 1572 1316 1618 dicit
1339 1593 1348 1618 ε
1380 1592 1400 1616 «
1419 1578 1524 1627 Quae
1543 1589 1643 1618 cum
1667 1573 1727 1619 ita

329 1640 430 1695 sint,
457 1640 626 1696 tratres,
653 1658 751 1701 quae
774 1653 916 1702 potest
939 1658 1028 1686 esse
1058 1645 1329 1702 perversitaS,
1352 1655 1402 1690 ut
1435 1646 1511 1706 qui
1532 1646 1618 1690 suis
1639 1646 1726 1690 cri-

331 1709 522 1753 minibus
537 1721 599 1755 est
614 1727 726 1766 reus,
749 1712 880 1756 alium
899 1712 1026 1758 faciat
1040 1715 1334 1770 innocentem,
1353 1716 1524 1761 dicente
1541 1716 1726 1762 Domino

330 1782 431 1824 Jesu
447 1782 620 1825 Christo
641 1801 648 1825 ;
679 1801 698 1823 α
718 1783 860 1827 Arbor
875 1784 989 1828 bona
1007 1786 1143 1829 bonos
1163 1785 1333 1829 tructus
1350 1785 1452 1830 facit
1472 1806 1480 1830 :
1506 1786 1725 1846 numquid

332 1871 350 1893 »
378 1851 591 1910 colligunt
608 1854 662 1897 de
679 1854 810 1913 spinis
824 1857 954 1898 uvas?
973 1875 991 1896 »
1016 1859 1072 1899 Et
1090 1871 1144 1899 ne
1162 1855 1306 1900 adhuc
1326 1856 1570 1900 incredibili
1589 1857 1724 1901 obtu-

327 1922 452 1966 sitate
473 1923 615 1967 cordis
637 1939 775 1968 caecus
801 1925 973 1969 auditor
999 1925 1068 1969 vel
1098 1925 1235 1970 lector
1267 1942 1355 1971 non
1385 1926 1531 1971 videat
1559 1925 1614 1970 de
1640 1927 1721 1971 ho-

329 1994 445 2037 mine
478 1995 722 2053 baptizante
744 1996 911 2053 dicere,
937 1997 1136 2056 adjungit
1159 1997 1300 2052 aliud,
1332 1998 1408 2041 ubi
1431 2006 1473 2041 et
1499 1998 1723 2042 hominem

329 2064 524 2108 nominat
542 2084 550 2108 :
577 2084 596 2106 «
618 2068 673 2109 Et
693 2066 873 2121 iterum,
893 2067 1058 2126 inquit,
1083 2068 1234 2111 Omnis
1247 2068 1381 2112 homo
1396 2068 1537 2112 bonus
1554 2068 1608 2112 de
1627 2069 1723 2112 the-

331 2153 349 2174 »
377 2150 502 2178 sauro
526 2135 666 2179 cordis
689 2137 754 2179 sui
776 2137 941 2195 profert
966 2138 1103 2191 bona,
1130 2146 1173 2181 et
1195 2138 1334 2182 omnis
1356 2139 1487 2182 homo
1510 2138 1649 2183 malus
1667 2138 1722 2182 de

331 2223 350 2245 »
379 2205 580 2248 thesauro
605 2205 745 2250 cordis
770 2207 834 2250 sui
866 2207 1031 2265 profert
1053 2207 1182 2251 mala.
1213 2226 1231 2249 »
1271 2211 1327 2252 Et
1347 2209 1504 2252 iterum
1539 2228 1547 2252 2
1591 2227 1611 2250 «
1635 2209 1722 2261 Qui
1768 2263 1775 2266 ᾖ

331 2293 350 2315 »
378 2275 622 2334 baptizatur
639 2292 661 2319 a
685 2286 874 2331 mortuo,
898 2293 982 2321 non
999 2278 1035 2319 ei
1051 2277 1225 2336 prodest
1242 2278 1400 2322 lavatio
1419 2279 1526 2338 ejus.
1552 2296 1571 2318 »
1593 2279 1721 2323 Certe

322 2347 412 2403 jam
434 2346 713 2389 manifestum
735 2355 816 2401 est,
840 2355 954 2390 certe
971 2348 1061 2406 jam
1085 2363 1174 2391 non
1196 2347 1361 2406 indiget
1384 2348 1618 2407 interprete
1639 2363 1720 2392 nec

327 2414 596 2472 disputatore
618 2426 692 2460 aut
714 2416 1079 2471 demonstratore,
1106 2417 1150 2460 id
1170 2431 1294 2475 agere
1312 2418 1436 2473 istos,
1462 2426 1511 2462 ut
1534 2418 1655 2476 origo
1677 2427 1720 2462 et

328 2483 449 2526 radix
471 2493 514 2527 ct
533 2496 664 2544 caput
682 2486 885 2545 baptizati
907 2502 996 2532 non
1015 2487 1095 2531 nisi
1117 2485 1188 2531 ille
1209 2488 1262 2531 sit
1286 2503 1308 2531 a
1331 2503 1420 2547 quo
1439 2487 1684 2546 baptizatur
1704 2506 1713 2532 :

381 2576 387 2590 ¹
408 2567 526 2600 Matth.
549 2580 607 2609 vn,
632 2570 681 2602 16.
702 2589 740 2594 —
756 2578 768 2594 ²
788 2572 835 2604 Id.
859 2583 916 2609 xu,
937 2572 1042 2605 35.—
1059 2569 1072 2594 3
1093 2571 1188 2605 Eccli.
1209 2582 1319 2611 xxxrv,
1339 2572 1391 2605 30.
