1825 3264
287 280 447 310 conum
481 285 694 312 ciuiscomi
716 286 744 311 n
780 284 1065 324 DONA‘i'tsTAM,
1104 287 1183 314 mn.
1222 288 1279 314 iv.
1399 276 1480 315 477

102 348 180 406 qui
196 346 369 392 funesto
386 363 515 407 opere
537 348 789 408 perditionis
811 364 884 395 vas
899 350 1122 395 sordidum
1141 352 1323 397 collecta
1337 350 1483 398 foecu-

101 416 231 460 lentia
247 415 533 474 glutinarunt,
562 436 582 459 »
603 417 733 477 paulo
748 429 857 477 post,
883 438 901 460 «
922 419 1104 478 plenarii
1127 421 1295 467 concilii
1319 437 1392 467 ore
1409 437 1485 467 ve-

100 486 236 531 ridico
258 487 485 532 damnatos
507 503 596 532 esse
610 489 871 546 cognoscite.
901 507 921 530 »

158 559 276 601 XVI.
313 559 427 610 Quid
452 558 507 602 ad
529 559 606 603 ista
630 559 892 618 respondes?
915 559 957 604 Si
981 575 1067 604 non
1091 561 1280 620 baptizat
1299 578 1322 606 a
1341 572 1481 608 vestra

97 628 404 672 communione
420 638 638 687 separatus
665 629 792 688 :lego
827 628 1062 687 baptizasse
1091 646 1191 675 cum
1220 632 1482 678 Maximiano

99 695 153 740 ad
175 698 439 742 consortium
463 698 651 743 criminis
670 708 842 743 tractos.
866 700 907 744 Si
925 715 1013 744 non
1033 700 1222 760 baptizat
1242 702 1317 761 qui
1335 711 1485 760 peccat

97 766 142 809 in
168 769 303 811 Deum
330 786 338 811 :
365 767 460 826 lego
479 768 715 826 baptizasse
742 778 893 813 catena
925 769 1135 828 sacrilegii
1170 771 1407 829 colligatos.
1440 772 1484 817 Si

97 838 358 883 conscientia
397 848 541 883 sancte
579 840 720 883 dantis
758 839 1025 894 attenditur,
1060 856 1159 899 quae
1190 842 1340 885 abluat
1369 843 1482 887 acci-

98 908 253 966 pientis
280 928 288 952 :
312 908 409 967 lego
432 909 668 968 baptizasse
690 909 904 953 morsibus
933 908 1132 968 aspidum
1155 925 1409 955 venenosos.
1442 912 1485 956 Si

96 980 359 1024 conscientia
394 980 535 1024 dantis
562 990 610 1025 ut
646 981 780 1040 possit
807 980 1006 1036 abluere,
1046 980 1219 1039 publica
1252 981 1366 1026 sama
1394 983 1485 1042 ejus

96 1049 337 1094 attenditur
368 1069 376 1095 :
410 1050 507 1110 lego
533 1051 766 1110 baptizasse
796 1050 948 1096 famosi
982 1052 1170 1095 criminis
1199 1067 1306 1096 reos.
1336 1055 1485 1097 Manet

96 1119 240 1163 adhuc
262 1121 306 1164 in
329 1135 510 1179 corpore
533 1120 792 1175 Felicianus,
817 1137 917 1165 cum
938 1121 1012 1165 illo
1035 1130 1137 1165 sunt
1158 1137 1306 1166 omnes
1331 1123 1385 1166 ab
1409 1122 1484 1167 illo

94 1190 139 1233 in
161 1189 384 1248 sacrilegio
401 1190 639 1234 schismatis
654 1191 871 1249 baptizati,
897 1192 941 1234 in
964 1192 1318 1235 communionem
1338 1201 1485 1235 autem

94 1268 279 1304 vestram
308 1260 486 1319 recepti,
517 1275 597 1304 nec
620 1261 674 1303 ab
700 1259 791 1304 ullo
815 1260 1081 1320 rebaptizati.
1119 1263 1282 1305 Contra
1316 1260 1486 1305 Petilia·

94 1344 218 1385 num,
249 1330 484 1389 baptizavit
507 1329 711 1388 sacrilega
729 1330 992 1374 conscientia
1026 1330 1292 1387 maculosus,
1333 1340 1484 1376 contra

96 1408 139 1444 te
159 1400 393 1459 baptizavit
407 1399 559 1444 famosi
574 1400 764 1444 criminis
781 1416 892 1444 reus.
912 1403 1005 1453 Qua
1023 1401 1190 1445 ratione
1203 1416 1295 1456 vos,
1314 1417 1481 1461 quaeso,

99 1469 347 1526 defenditis,
369 1472 449 1515 nisi
471 1480 519 1515 ut
535 1471 655 1531 quod
677 1480 720 1515 et
742 1487 819 1515 nos
841 1470 1040 1526 dicimus,
1066 1471 1214 1516 vestris
1235 1470 1358 1516 factis
1379 1488 1485 1516 con-

93 1541 199 1585 victi
227 1540 464 1601 aliquando
499 1540 673 1595 dicatis,
698 1541 819 1601 quod
842 1556 923 1585 nec
950 1541 1234 1597 conscientia,
1260 1556 1340 1586 nec
1369 1541 1483 1586 tama

93 1610 236 1656 dantis
258 1610 409 1655 abluat
423 1611 672 1670 accipientis
694 1610 1020 1665 conscientiam,
1045 1612 1119 1655 sed
1139 1610 1246 1655 fides
1268 1612 1485 1670 accipien-

93 1682 147 1726 tis
170 1683 324 1741 ipsius,
349 1681 490 1726 dantis
517 1690 662 1725 autem
678 1681 754 1725 Dei
777 1682 927 1739 gratia,
951 1697 1040 1725 non
1061 1681 1247 1725 hominis
1272 1700 1281 1725 :
1306 1683 1427 1741 quod
1451 1682 1485 1726 si

93 1761 137 1796 et
159 1752 431 1796 conscientiae
447 1751 574 1796 bonae
596 1752 878 1810 interrogatio
900 1751 945 1794 in
968 1751 1207 1810 accipiente
1226 1767 1314 1795 non
1333 1751 1482 1807 fuerit,

95 1822 289 1883 fidesque
310 1823 400 1882 ipsa
420 1823 490 1867 vel
508 1832 612 1877 tota,
632 1821 701 1867 vel
719 1837 769 1866 ex
786 1830 908 1880 parte
926 1821 1069 1881 aliqua
1086 1820 1366 1875 vacillaverit,
1388 1837 1485 1866 mo-

95 1908 162 1938 res
175 1894 404 1938 hominum
426 1908 515 1937 esse
534 1892 829 1950 corrigendos,
854 1906 944 1935 non
966 1899 1234 1935 sacramenta
1253 1890 1485 1936 destruen-

97 1964 151 2008 da
167 1999 178 2018 ,
209 1980 307 2024 quae
341 1979 427 2008 non
465 1963 547 2007 alia
587 1962 655 2007 vel
692 1962 846 2006 similia
863 1996 873 2016 ,
915 1962 992 2005 sed
1029 1971 1077 2005 tu
1121 1962 1300 2006 omnino
1331 1962 1485 2006 eadem

97 2035 315 2079 confiteris
342 2054 348 2077 :
373 2035 483 2078 sicut
501 2048 651 2078 eorum
668 2047 778 2092 quos
802 2031 1045 2075 Felicianus
1075 2040 1117 2075 ct
1140 2034 1422 2076 Praetextatus
1439 2033 1485 2076 in

98 2105 305 2164 sacrilego
328 2104 556 2149 schismate
576 2103 867 2162 baptizarunt,
889 2102 1020 2146 vitam
1044 2110 1087 2145 et
1103 2101 1372 2146 voluntatem
1389 2117 1485 2146 cor-

99 2175 324 2234 rigendam
348 2173 632 2227 existimastis,
653 2188 707 2216 ne
729 2174 773 2215 in
796 2171 871 2215 illo
900 2172 1126 2216 schismate
1155 2171 1361 2229 sacrilego
1391 2187 1485 2231 per-

100 2255 353 2303 manerent3
386 2261 475 2290 non
499 2243 750 2288 violandum
786 2242 1072 2301 baptismum,
1110 2241 1211 2287 licet
1237 2241 1484 2300 indignissi-

99 2317 180 2360 mis
194 2332 270 2376 per
290 2315 610 2374 indignissimos
626 2314 931 2356 ministratum.

158 2389 302 2430 XVII.
318 2392 488 2429 Frustra
505 2384 638 2442 igitur
651 2398 724 2427 orc
738 2381 951 2426 maledico
969 2382 1275 2425 conscientiam
1294 2390 1485 2426 nostram

101 2466 308 2517 tanquam
334 2455 598 2514 publicatam
625 2462 754 2512 atquc
777 2451 1025 2494 damnatam
1049 2451 1228 2494 crimine
1261 2452 1484 2495 thurifica-

103 2528 244 2579 tionis,
280 2525 520 2570 traditionis
536 2559 546 2578 ,
570 2522 879 2582 persecutionis
895 2556 905 2574 ,
932 2537 1132 2566 accusare
1150 2522 1344 2576 voluisti,
1369 2531 1416 2566 ut
1434 2537 1485 2565 ex

102 2598 185 2643 hoc
209 2596 329 2641 velut
352 2595 554 2655 probares
582 2609 659 2638 nos
691 2591 950 2651 baptismum
975 2591 1077 2635 dare
1099 2607 1187 2636 nou
1209 2607 1356 2650 posse:
1383 2606 1483 2636 curn
