1825 3264
0 143 7 239 ’.σιν

129 319 410 338 mmmm

1403 326 1508 343 MMW

641 486 1008 575 INDEX

212 687 380 734 ΤΟΜῙ
433 689 794 737 CENTESIMI
844 651 1406 740 TRIGESIMlssNONl.

125 1038 288 1071 CONTRA
308 1037 502 1071 LITTERAS
523 1039 744 1078 PETILIANI,
763 1050 857 1073 mmm
873 1051 906 1073 ιι.
932 1042 969 1073 In
984 1050 1046 1084 quo
1060 1040 1100 1073 ad
1116 1040 1222 1072 omnia
1239 1044 1272 1073 et
1289 1040 1406 1082 singula

172 1094 273 1127 verba
295 1095 443 1138 Epistola:
462 1096 609 1128 Petiiiani
638 1097 685 1129 sic
708 1097 879 1139 respondet
904 1097 1112 1140 Augustinus,
1138 1101 1288 1141 tanquam
1307 1108 1381 1130 cum

171 1151 356 1184 adversario
375 1155 533 1196 praesente
549 1152 760 1195 colloquatur.

128 1219 267 1241 —umzn
284 1219 330 1241 nt.
350 1208 479 1242 Retettit
493 1209 682 1251 Augustinus
699 1210 852 1243 secundas
870 1210 1020 1250 Litteras,
1036 1221 1111 1253 quas
1128 1210 1159 1241 in
1178 1209 1278 1252 ipsum
1297 1210 1381 1242 Peti-

1497 1157 1515 1186 0³

171 1265 283 1303 lianus‚
305 1266 370 1298 viso
389 1266 492 1309 primo
510 1267 707 1309 superiorum
725 1267 890 1306 librorum,
913 1267 1041 1309 scripsit
1055 1267 1231 1299 maledictis
1248 1266 1358 1309 plenas
1375 1279 1381 1298 z

172 1327 206 1357 et
225 1325 371 1367 neglecta
401 1324 529 1367 propria
550 1335 625 1366 sua,
655 1324 840 1356 defensione
865 1324 1005 1357 ostendit
1030 1324 1215 1356 Petilianum
1239 1324 1270 1356 in
1291 1335 1385 1357 causa

171 1381 340 1422 defecisse,
360 1391 463 1424 neque
480 1381 519 1412 ad
537 1391 604 1412 rem
617 1381 658 1412 de
674 1391 734 1423 qua
756 1381 870 1423 agitur,
889 1380 1083 1423 respondere
1099 1379 1246 1412 valuisse.
1454 1382 1518 1412 143

128 1438 180 1469 DE
197 1439 370 1470 UNITATE
393 1437 607 1476 ECCLESIAE,
629 1447 715 1468 mnan
729 1439 753 1468 Ι.
772 1439 936 1479 Proposita
949 1436 1137 1478 quat-stione,
1153 1437 1258 1468 Sit-ne
1271 1436 1387 1470 Christi

172 1493 317 1526 Ecclesia
334 1494 418 1536 apud
435 1493 614 1525 Catholicos
628 1516 635 1530 ,
655 1504 692 1525 an
711 1492 794 1535 apud
819 1492 1010 1533 Donatistas,
1031 1492 1116 1535 quod
1134 1492 1185 1524 hic
1204 1492 1327 1523 nonnisi
1349 1503 1387 1524 ex

172 1561 269 1582 sacrae
285 1550 456 1592 Scripturae
475 1550 550 1582 locis
566 1550 664 1582 certis
681 1554 714 1582 et
731 1550 823 1582 claris
840 1549 1054 1581 deliniendum
1073 1562 1078 1581 :
1101 1549 1306 1592 proferuntur
1324 1550 1388 1591 pri-

174 1617 259 1639 mum
278 1607 460 1639 testimonia
479 1618 517 1639 ex
534 1608 748 1639 instrumento
766 1609 883 1639 Vetere
898 1617 933 1638 ac
949 1608 1038 1639 Novo
1057 1607 1301 1649 quamplurima.
1320 1606 1388 1649 qui-

174 1663 232 1696 bus
249 1663 427 1696 ostenditur
443 1663 551 1695 doceri
570 1663 735 1697 evidenter
760 1674 798 1695 ac
819 1667 928 1702 certo,
946 1663 1121 1696 Ecclesiam
1148 1663 1262 1696 Christi
1277 1673 1386 1695 veram

175 1730 246 1752 eam
265 1730 333 1752 esse
348 1745 356 1760 ,
375 1731 444 1762 quae
463 1724 531 1751 toto
550 1724 709 1752 terrarum
731 1719 811 1752 orbe
830 1719 1035 1752 diffunditur.
1067 1720 1188 1752 Deinde
1211 1730 1300 1759 vero,
1319 1730 1388 1761 quce

174 1786 275 1819 pauca
295 1787 336 1809 ex
350 1776 461 1808 iisdem
479 1776 641 1808 canonicis
659 1776 833 1818 Scripturis
846 1776 1009 1817 objectari
1025 1788 1042 1807 a
1063 1775 1271 1808 schismaticis
1287 1774 1390 1806 solent

175 1843 233 1876 pro
254 1837 346 1875 parte
363 1833 488 1873 Donati,
507 1843 544 1864 ea
561 1837 596 1864 et
613 1832 760 1874 ambigua
781 1833 968 1875 incertaque
987 1843 1069 1869 esse,
1089 1836 1123 1863 ct
1144 1842 1201 1874 per
1218 1842 1252 1863 se
1269 1831 1308 1862 ad
1328 1841 1387 1862 eo-

160 1899 244 1922 -rum
260 1889 412 1933 tuendam
430 1898 570 1928 causam,
586 1898 658 1920 cum
674 1888 798 1920 ratione
816 1889 976 1920 contraria
995 1887 1147 1929 explicari
1165 1878 1296 1929 possint,
1318 1886 1390 1917 nul-

173 1945 239 1979 lum
256 1945 353 1978 robur
367 1945 500 1978 habere.
521 1945 762 1978 Donatistarum
781 1945 878 1976 etiam
894 1944 935 1976 de
952 1944 1127 1976 traditione
1140 1968 1149 1985 ‚
1175 1944 1216 1975 de
1233 1953 1388 1985 persecu-

174 2002 262 2035 tione
279 2002 410 2044 aliaeque
423 2003 452 2033 in
471 2001 653 2034 Catholicos
666 2001 830 2033 calumniae
844 2001 917 2032 data
935 2000 1105 2032 occasione
1127 2000 1318 2031 refutantur.
1460 2000 1517 2029 111

132 2059 293 2091 CONTRA
309 2059 573 2091 CRESCONIL‘M
591 2058 892 2089 GRAMMATICUM
913 2057 1054 2088 PARTIS
1073 2056 1235 2090 DONATI,
1252 2065 1328 2086 timu
1343 2065 1387 2086 iv.

134 2132 175 2138 —
186 2126 273 2148 Lmen
286 2126 308 2147 ι.
328 2100 502 2157 Epistolam
515 2113 676 2146 Cresconii
689 2124 746 2155 pro
759 2113 907 2145 Petiliani
919 2113 1105 2145 defensione
1121 2112 1252 2147 editam,
1266 2111 1390 2153 sibique

180 2171 377 2213 inscriptam,
402 2170 549 2203 refellere
577 2169 691 2212 incipit
716 2169 920 2211 Augustinus.
941 2169 1057 2201 Probat
1085 2179 1145 2200 nec
1173 2167 1391 2210 eloquentiam

179 2238 240 2260 nec
252 2227 453 2260 dialecticam
466 2227 676 2270 qualemlibet
694 2227 898 2258 metuendam
917 2236 985 2258 esse
1004 2224 1213 2257 assertoribus
1231 2224 1390 2263 veritatis,

179 2284 345 2326 quominus
360 2284 429 2325 ejus
447 2283 660 2324 adversarios,
689 2294 762 2315 cum
780 2282 855 2325 ipsis
872 2282 1082 2325 disputando,
1102 2282 1312 2323 redarguant3
1334 2290 1391 2312 ne·

178 2351 240 2384 que
266 2341 501 2373 contentiosum
528 2340 709 2372 habendum
738 2350 809 2371 eum
829 2350 913 2380 esse,
940 2337 992 2381 qui
1013 2338 1100 2370 duris
1120 2341 1153 2369 et
1179 2336 1391 2369 renitentibus

180 2398 332 2430 sermonis
347 2398 590 2430 altercationem
608 2396 646 2428 ad
666 2407 719 2428 eos
735 2395 924 2427 refellendos
944 2395 1066 2425 inferre
1081 2393 1255 2433 curaverit.
1279 2394 1394 2424 Postea

0 1524 8 1707 *ww-c—
0 1362 8 1512 *0——ax
0 1334 6 1352 u

13 1351 22 1363 n

180 2455 322 2486 ostendit
346 2465 407 2486 non
426 2465 495 2488 esse
512 2464 732 2496 conseqiien5‚
756 2457 790 2483 ut
814 2453 838 2483 si
863 2451 1050 2484 conceditur
1081 2462 1152 2483 esse
1180 2450 1337 2491 baptisma
1364 2450 1393 2480 in

183 2515 275 2554 parte
292 2511 420 2553 Donati,
447 2511 537 2543 simul
556 2511 652 2543 etiam
670 2510 868 2542 concedatur
887 2509 929 2540 ibi
954 2508 1055 2550 accipi
1074 2512 1235 2549 oportere·
1260 2506 1292 2538 td
1313 2505 1395 2538 onim

185 2572 275 2601 extra
287 2568 487 2602 catholicam
505 2567 682 2600 Ecclesiam
698 2566 815 2599 frustra
841 2569 873 2598 et
891 2565 1068 2607 perniciose
1083 2589 1091 2605 ,
1110 2564 1166 2597 sed
1189 2567 1295 2595 tamen
1314 2572 1391 2594 vei-c·

186 2634 224 2657 ac
241 2623 370 2658 omnino
386 2623 470 2657 idem
488 2622 614 2656 haberi.
1468 2617 1527 2647 301
