1825 3264
324 240 486 273 con-ru
519 241 719 272 chr'rERAs
752 228 988 282 emitum,
1023 245 1106 272 Lm.
1145 246 1193 272 11.
1373 235 1448 272 111

68 310 124 356 ad
135 324 180 356 se
195 309 514 370 appellantibus
527 310 701 355 meruit.
719 309 862 355 Ambo
873 310 964 369 jam
986 311 1226 356 christianis
1247 310 1455 369 tempori-

68 381 171 437 bus,
187 379 262 426 sed
275 395 364 426 non
379 379 698 426 fueruntambo
714 380 971 426 Christiani:
987 381 1107 440 quod
1120 382 1153 426 si
1171 381 1300 426 ambo
1314 381 1458 426 Chris-

64 451 271 499 tianitatis
288 450 447 507 invidi,
465 467 543 497 cur
557 451 769 503 adunam
782 466 935 496 eorum
951 450 1011 496 sic
1031 451 1305 510 appellastis?
1328 451 1453 498 alteri

70 537 221 569 eorum
242 522 303 568 sic
319 522 886 583 supplicastis?Petentibus
908 523 1023 566 enim
1041 522 1278 582 majoribus
1289 523 1455 579 vestris,

69 592 314 654 episcopale
340 592 556 654 judicium
588 592 768 638 dederat
790 592 1120 647 Constantinus,
1145 601 1188 636 et
1216 593 1332 651 apud
1370 598 1458 638 Ro-

40 686 41 690 =
69 678 203 720 mam,
219 672 262 708 et
279 663 398 724 apud
409 662 632 709 Arelatum
650 683 659 708 z
677 679 865 724 quorum
882 663 1071 723 primum
1092 662 1209 722 apud
1223 673 1322 707 eum
1338 679 1459 707 accu-

67 735 204 790 sastis,
221 735 277 780 ab
297 734 434 781 altero
454 735 510 781 ad
523 751 624 780 eum
640 734 899 795 appellastis.
919 735 962 780 Si
985 744 1148 790 autem,
1166 735 1286 795 quod
1307 750 1458 779 verum

68 814 152 862 est,
177 820 292 851 unus
320 821 472 851 eorum
500 806 545 850 in
565 806 788 851 Christum
820 804 1081 860 crediderat,
1112 805 1221 850 alter
1243 821 1266 849 a
1287 805 1460 850 Christo

67 884 408 936 apostataverat,
429 891 507 921 cur
534 876 806 922 Christianus
820 875 1052 921 consulens
1079 876 1238 920 unitati
1258 885 1459 920 contem-

71 947 213 1005 nitur,
239 957 282 993 et
304 957 497 1009 apostata
518 948 667 993 favens
681 948 880 994 divisioni
901 947 1132 993 laudatur?
1149 948 1462 993 Constantinus

67 1019 190 1064 vobis
227 1019 425 1065 basilicas
460 1020 588 1080 jussit
626 1018 786 1064 auferri
811 1055 822 1076 ‚
861 1018 1065 1064 Julianus
1112 1019 1295 1064 restitui.
1341 1017 1461 1072 Quid

68 1088 228 1134 horum
240 1090 486 1135 christianae
508 1090 603 1149 paci
631 1091 862 1136 conveniat
880 1089 1012 1134 vultis
1031 1092 1194 1135 nosce?
1217 1089 1335 1134 Illud
1357 1088 1461 1133 fecit

69 1159 147 1219 qui
162 1160 405 1206 crediderat
425 1161 471 1205 in
489 1161 728 1216 Christum,
753 1161 836 1205 hoc
850 1160 953 1206 fecit
974 1161 1051 1221 qui
1073 1161 1293 1206 dimiserat
1309 1159 1458 1205 Chris-

70 1239 179 1275 tum.
205 1234 243 1276 O
264 1247 396 1291 quam
418 1230 548 1276 velles
573 1231 743 1277 dicere:
777 1231 890 1277 Male
918 1231 1083 1276 factum
1115 1240 1180 1276 est
1204 1240 1252 1276 ut
1283 1233 1307 1274 J
1315 1230 1461 1275 uliano

68 1300 130 1346 ita
152 1301 485 1361 supplicaretur,
510 1302 585 1346 sed
614 1303 698 1347 hoc
721 1302 829 1362 quid
852 1301 907 1346 ad
926 1317 1003 1346 nos
1026 1303 1215 1361 pertinet
1237 1304 1255 1346 P
1279 1301 1408 1355 Quod
1430 1301 1463 1346 si

69 1370 250 1426 diceres,
275 1381 319 1416 et
339 1372 385 1416 in
411 1372 478 1416 his
507 1371 686 1432 quidem
712 1372 855 1416 verbis
885 1372 970 1416 tuis
991 1372 1217 1418 Catholiea
1239 1373 1458 1427 vinceret,

71 1440 127 1490 ad
150 1442 273 1502 cujus
302 1451 471 1487 sanctos
498 1451 592 1487 toto
614 1442 718 1487 orbe
741 1441 924 1488 diffusos
942 1442 1082 1488 multo
1112 1444 1255 1487 minus
1277 1443 1465 1502 pertinet

69 1511 287 1574 quidquid
307 1514 464 1569 dicitis,
486 1514 541 1558 de
568 1514 730 1574 quibus
752 1514 882 1560 vultis
897 1550 908 1570 ,
938 1515 1050 1560 sicut
1072 1515 1218 1560 vultis.
1262 1514 1347 1560 Sed
1375 1530 1464 1560 non

70 1592 191 1643 potes
224 1583 398 1641 dicere,
428 1584 724 1630 malefactum
753 1595 804 1630 ut
825 1585 1000 1631 Juliano
1023 1587 1082 1630 ita
1104 1585 1461 1646 supplicaretur

42 1655 238 1733 ὁρρρίἰεῐ
273 1655 451 1712 fauces,
483 1657 642 1715 premit
675 1657 870 1716 linguam
905 1657 1143 1702 domestica
1186 1658 1423 1703 auctoritas
1450 1679 1460 1715 3

48 1757 62 1767 ,
52 1725 254 1771 ’Pontius
272 1725 388 1782 fecit,
415 1727 594 1772 Pontius
612 1726 888 1787 supplicavit,
915 1728 1096 1772 Pontius
1114 1738 1355 1787 apostatam
1367 1729 1464 1788 jus-

46 1795 285 1845 ⁴tissimum
306 1798 436 1854 dixit,
469 1799 648 1843 Pontius
669 1799 787 1857 apud
813 1808 1054 1858 apostatam
1088 1798 1224 1844 solam
1248 1799 1460 1859 justitiam

71 1864 218 1914 locum
232 1869 394 1914 habere
410 1869 677 1929 praedicavit.
708 1870 783 1914 His
799 1870 942 1914 verbis
963 1869 1047 1914 sibi
1069 1870 1275 1914 Pontium
1296 1868 1461 1929 suppli·

44 1970 59 1987 .-
71 1952 189 1986 casse
203 1939 249 1984 in
270 1939 425 1986 eodem
443 1941 653 2000 rescripto
673 1956 750 1985 suo
773 1941 1032 1985 nominatim
1054 1942 1146 1985 sine
1168 1941 1350 2000 ambage
1374 1941 1464 1999 ipse

39 2045 55 2065 A„
72 2010 273 2056 Julianus
295 2013 515 2071 expressit.
542 2015 703 2057 Extant
731 2011 1012 2070 allegationes
1035 2021 1190 2056 vestrae
1218 2031 1226 2056 :
1253 2027 1342 2056 non
1370 2012 1464 2055 haec

30 2099 43 2121 0·
72 2079 238 2126 incerta
257 2080 387 2136 sama,
403 2084 478 2126 sed
501 2082 676 2142 publica
695 2091 980 2127 monumenta
1004 2091 1233 2126 testantur.
1253 2086 1323 2127 An
1348 2081 1465 2127 forte

24 2176 31 2185 w
74 2151 178 2212 quia
194 2163 345 2198 contra
360 2154 574 2198 unitatem
596 2153 773 2209 Christi,
789 2154 986 2213 petitioni
1008 2163 1161 2198 vestrae
1179 2152 1343 2214 aliquid
1360 2168 1467 2197 con-

37 2244 45 2269 ·.
74 2223 198 2270 cessit
224 2233 444 2285 apostata,
469 2240 621 2270 verum
644 2234 768 2284 putas
791 2240 880 2269 esse
900 2226 1022 2285 quod
1048 2224 1217 2270 dictum
1241 2234 1321 2280 est,
1347 2224 1466 2284 apud

32 2304 176 2341 *teum
192 2295 330 2341 solam
344 2296 490 2342 locum
509 2297 669 2341 habere
681 2296 920 2356 justitiam?
934 2296 1036 2356 quia
1059 2311 1163 2340 vero
1185 2296 1467 2354 imperatores

30 2358 58 2417 33
74 2366 324 2424 Christiani,
349 2369 469 2428 qnod
491 2368 635 2413 valere
664 2369 933 2412 arbitrantur
960 2367 1016 2412 ad
1038 2368 1201 2413 Christi
1232 2368 1463 2421 unitatem,

29 2434 61 2482 *ὲ
75 2447 228 2483 contra
257 2448 442 2484 vestram
477 2447 676 2484 statuunt
710 2438 998 2491 voluntatem,
1026 2436 1364 2482 Christianitatis
1397 2437 1466 2480 in·

28 2515 58 2559 '⁴2
77 2507 167 2554 vidi
187 2509 492 2569 appellantur?
512 2509 580 2554 Sic
595 2508 810 2568 desipiant
822 2523 972 2554 omnes
987 2508 1196 2562 haeretici,
1208 2516 1251 2552 et
1264 2506 1469 2567 resipiant

27 2562 60 2633 l
81 2586 237 2624 utnon
258 2578 344 2623 sint
366 2578 570 2624 haeretici.
