1825 3264
296 269 457 300 com-na
492 266 695 298 Lim-ens
727 269 962 309 rantum,
999 273 1081 300 Lm.
1117 273 1165 298 11.
1345 262 1428 299 119

42 334 126 382 diae
147 335 342 380 flammas
363 336 418 379 de
440 334 614 393 regibus
643 334 856 392 excitare3
881 335 1002 394 quod
1032 344 1178 380 autem
1201 351 1222 380 a
1246 350 1345 395 rege
1370 337 1429 381 sic

43 403 264 466 praedicati
284 412 328 449 et
345 404 404 449 sic
426 405 627 449 honorati
645 412 762 459 sunt,
783 412 926 448 tacere
940 414 983 448 et
1006 404 1302 450 abscondere?
1316 408 1431 452 Ecce

41 475 115 520 rex
135 474 268 520 fuerit
287 483 537 535 persecutor
553 509 566 530 ‚
591 489 689 519 cum
718 474 878 534 objecit
898 474 1100 519 leonibus
1134 475 1390 520 Danielem*¹
1419 496 1429 522 ε

39 544 147 608 quid
175 561 276 591 cum
299 561 352 591 eo
371 544 491 591 salvo
512 554 690 606 recepto
711 545 903 604 gaudens
926 554 970 590 et
988 545 1209 604 gratulans
1231 547 1430 594 inimicos

39 616 132 677 eJus
158 615 431 661 dilaniandos
457 625 501 662 et
528 615 848 661 consumendos
879 616 1041 661 eisdem
1058 615 1261 661 leonibus
1278 617 1392 662 misit
1417 653 1428 674 ‚

40 686 126 732 fuit
146 697 422 748 persecutor,
456 704 511 733 an
534 702 624 734 non
645 687 730 733 fuit
754 690 773 731 ⁴?
801 687 913 734 Volo
940 687 1218 748 respondeas.
1246 688 1289 733 Si
1313 689 1432 733 enim

39 755 147 813 fuit,
171 772 252 802 cur
267 759 305 803 ei
326 758 478 803 Daniel
499 760 589 818 ipse
609 773 699 803 non
720 758 878 804 restitit
896 794 907 815 ,
931 772 1031 804 cum
1048 757 1288 818 praesertim
1311 767 1434 804 tanta

39 826 330 874 familiaritate
351 828 558 874 facillime
579 830 790 889 potuisset
816 849 825 876 :
848 839 892 874 et
916 830 1042 875 nobis
1062 829 1219 885 dicitis,
1241 838 1291 874 ut
1311 844 1432 889 reges

40 899 333 946 abhominum
352 902 656 962 persecutione
673 904 956 948 revocemus?
975 902 1019 947 Si
1037 910 1182 946 autem
1201 910 1431 961 propterea

40 981 292 1031 persecutor
308 988 397 1017 non
411 971 511 1028 fuit,
530 973 632 1034 quia
648 972 786 1018 scelus
798 974 843 1017 in
860 981 1060 1018 sanctum
1072 972 1215 1017 virum
1230 972 1434 1017 commis-

41 1057 136 1087 sum
156 1043 391 1103 justissime
419 1044 658 1089 vindicavit
683 1065 695 1103 3
729 1044 951 1105 quomodo
981 1043 1297 1089 vindicandum
1322 1052 1387 1088 est
1409 1059 1432 1087 a

43 1113 234 1173 regibus,
249 1115 368 1175 quod
381 1114 540 1160 Christi
556 1125 824 1161 sacramenta
838 1116 1138 1171 exsufflantur,
1150 1115 1184 1159 si
1204 1115 1433 1174 Prophetae

40 1184 251 1240 membra,
277 1186 379 1245 quia
402 1186 447 1229 in
469 1185 714 1244 periculum
736 1187 863 1231 missa
884 1195 1002 1241 sunt,
1027 1187 1085 1230 sic
1106 1185 1318 1231 vindicari
1343 1199 1436 1228 me-

42 1257 260 1300 ruerunt?
284 1259 393 1300 Item
418 1256 629 1312 concedo,
651 1266 694 1301 et
716 1257 995 1302 manifestum
1010 1267 1089 1312 est,
1110 1265 1434 1316 persecutorem

39 1323 170 1370 fuisse
194 1340 355 1385 regem,
380 1341 481 1370 cum
504 1336 591 1371 tres
613 1342 787 1386 pueros,
817 1327 938 1388 quod
955 1327 1238 1372 simulacrum
1255 1327 1436 1371 adorare

39 1396 285 1453 noluerint,
317 1398 432 1442 misit
465 1398 511 1441 in
543 1398 765 1442 flammam
796 1417 804 1443 :
839 1397 916 1444 sed
944 1413 1095 1459 quaero
1126 1406 1275 1442 utrum
1306 1396 1438 1441 fuerit

39 1477 307 1528 persecutor,
333 1483 432 1513 cum
454 1468 563 1513 illud
588 1468 812 1514 decretum
849 1470 1106 1530 proposuit,
1136 1477 1186 1513 ut
1207 1468 1437 1512 interirent

40 1547 83 1584 et
113 1539 270 1584 domus
298 1554 449 1584 eorum
471 1549 773 1595 vastarentur,
808 1541 883 1601 qui
914 1539 1268 1600 blasphemarent
1297 1552 1436 1582 unum

41 1612 178 1655 Deum
202 1613 391 1656 verum?
415 1612 457 1657 Si
480 1612 595 1656 enim
621 1621 868 1670 persecutor
891 1610 990 1666 fuit,
1013 1625 1092 1655 cur
1108 1609 1163 1654 ad
1184 1609 1317 1654 verba
1335 1623 1437 1667 per-

39 1683 246 1726 secutoris
269 1682 556 1743 respondetis,
584 1686 725 1728 Amen
745 1685 763 1725 ‘3
788 1683 831 1729 Si
855 1692 999 1727 autem
1024 1696 1113 1725 non
1142 1679 1245 1734 fuit,
1270 1694 1349 1723 cur
1365 1693 1438 1724 eos

39 1759 338 1824 persecutores
367 1754 512 1799 dicitis
528 1790 539 1811 ,
565 1755 642 1816 qui
664 1770 740 1800 vos
762 1770 786 1799 a
810 1753 1091 1814 blasphemiae
1120 1751 1268 1796 furore
1287 1751 1435 1796 deter-

39 1827 175 1868 rent?
209 1825 251 1870 Si
277 1826 392 1869 enim
424 1835 590 1885 cogunt
619 1841 695 1871 vos
725 1825 968 1886 supplicare
997 1824 1131 1880 idola,
1168 1822 1232 1867 illi
1254 1831 1356 1867 sunt
1377 1822 1437 1866 si-

40 1893 163 1938 miles
184 1895 319 1955 impio
341 1897 459 1956 regi,
504 1911 581 1941 vos
602 1897 742 1942 tribus
765 1897 909 1957 pueris
936 1915 945 1941 :
977 1896 1011 1940 si
1034 1905 1179 1939 autem
1199 1893 1437 1955 prohibent

41 1978 284 2023 repugnare
312 1967 504 2025 Christo,
527 1983 604 2012 vos
637 1968 736 2012 estis
761 1968 902 2027 impii,
937 1967 971 2011 si
1008 1967 1091 2011 hoc
1126 1964 1280 2009 facitis.
1319 1963 1436 2016 Quid

41 2033 129 2078 sint
146 2044 292 2080 autem
313 2036 405 2092 illi,
441 2038 475 2081 si
504 2038 589 2082 hoc
618 2037 872 2082 terribiliter-
891 2045 1057 2091 vetant,
1081 2051 1163 2095 ego
1195 2049 1286 2078 non
1307 2033 1431 2078 dico:

41 2112 92 2148 tu
132 2105 280 2150 inveni
311 2106 430 2152 aliud
461 2107 582 2168 quod
603 2108 745 2165 dicas,
779 2109 812 2153 si
844 2108 937 2168 pios
958 2109 1240 2168 imperatores
1262 2120 1352 2150 non
1374 2104 1437 2150 vis

42 2174 201 2220 dicere.

100 2248 300 2292 CCXIII.
322 2247 364 2294 Si
377 2248 472 2294 haec
488 2247 684 2309 exempla
701 2248 756 2294 de
772 2249 952 2295 Daniele
969 2257 1012 2294 et
1033 2248 1171 2294 tribus
1185 2246 1330 2308 pueris
1352 2261 1435 2305 ego

41 2326 462 2377 commemorassem,
479 2320 658 2366 fortasse
672 2321 907 2378 resisteres,
922 2330 965 2366 et
977 2321 1022 2366 in
1036 2321 1130 2365 haec
1154 2328 1300 2364 nostra
1322 2327 1435 2362 tem·

40 2403 147 2450 pora
163 2406 216 2434 ex
234 2390 317 2436 illis
340 2392 611 2452 temporibus
633 2394 744 2437 sumi
763 2409 853 2438 non
875 2392 1075 2438 debuisse
1092 2391 1322 2436 clamares:
1342 2392 1433 2433 Deo

45 2460 217 2519 gratias,
242 2461 362 2520 quod
383 2477 432 2506 ea
453 2463 544 2521 ipse
565 2464 760 2522 posuisti,
779 2463 833 2509 ad
847 2463 891 2509 id
908 2463 1086 2523 quidem
1101 2460 1220 2523 quod
1238 2459 1430 2514 volebas,

44 2530 121 2575 sed
144 2531 264 2576 vides
293 2547 341 2576 ea
363 2534 507 2594 potius
527 2532 713 2580 valuisse
735 2533 791 2579 ad
821 2534 865 2579 id
895 2533 1015 2594 quod
1037 2532 1227 2578 nolebas.
1255 2533 1322 2577 An
1344 2545 1433 2576 non

100 2620 107 2637 ¹
134 2618 212 2648 Dan.
233 2626 278 2657 vn,
298 2615 351 2658 24.
