1825 3264
309 213 392 252 270
750 223 783 249 s.
819 219 1052 249 mausum
1083 221 1264 250 zmscom

305 289 624 342 communicat,
645 297 689 332 et
705 297 852 333 sancta
869 298 999 350 atque
1019 288 1187 347 integra
1205 297 1466 349 perseverat.
1492 290 1529 332 Ο
1545 289 1691 348 regula

305 361 411 421 juris
444 358 660 405 Numidici
680 395 691 415 ,
718 375 744 404 o
764 360 985 420 privilegia
1022 363 1264 420 Vaga'i'tana
1298 363 1328 403 ¹.
1362 363 1419 404 Et
1458 360 1695 419 baptismus

307 431 466 476 Christi
488 431 737 475 exsufflatur
764 431 810 474 in
827 431 885 476 eis
901 466 912 487 ,
938 433 1014 492 qui
1035 447 1136 476 eum
1157 432 1202 475 in
1224 430 1426 475 Ecclesiis
1452 430 1696 490 apostolicis

306 511 595 561 perceperunt
610 537 621 557 ‚
649 503 693 546 in
715 502 774 546 eis
793 511 939 546 autem
962 518 1071 563 quos
1094 521 1110 541 «
1139 502 1334 554 damnati
1357 502 1569 561 sacrilegi,
1593 520 1613 542 »
1636 501 1696 545 si-

305 582 381 616 cut
402 573 447 616 in
469 573 705 632 Bagaitano
727 572 913 618 concilio
949 574 1160 633 scriptum
1190 582 1256 617 est
1276 608 1288 628 ,
1333 576 1619 617 Praetextatus
1653 580 1699 616 et

304 645 336 686 F
343 642 549 688 elicianus
571 643 920 703 baptizaverunt,
944 645 1138 703 parcitur
1160 644 1376 703 baptismo
1397 643 1584 700 Christi3
1608 657 1699 686 non

303 714 405 774 quia
424 714 662 773 baptismus
683 714 842 760 Christi
866 723 946 769 est,
966 716 1043 759 sed
1064 715 1165 775 quia
1184 730 1261 774 per
1279 730 1352 759 eos
1370 714 1499 758 datus
1520 722 1598 768 est,
1623 713 1700 773 qui

303 800 326 828 a
343 785 430 828 suis
449 783 777 830 damnatoribus
796 785 987 845 episcopi
1010 786 1228 841 recedere,
1253 794 1297 830 et
1318 785 1374 830 ad
1394 801 1495 830 suos
1510 784 1699 830 damna-

304 864 418 900 tores
433 857 622 915 episcopi
640 856 781 900 redire
800 865 1072 900 meruerunt.

362 929 543 971 XLVII.
568 930 733 987 Nempe
753 927 848 972 haec
869 927 1036 982 omnia,
1066 941 1165 986 quae
1182 925 1353 985 jamdiu
1374 939 1670 970 commemoro
1684 959 1695 980 ,

304 997 519 1056 regalibus
537 998 705 1053 litteris,
732 1008 775 1042 et
797 998 1089 1043 ecclesiasticis
1111 1008 1154 1042 et
1175 997 1514 1057 municipalibus
1535 1006 1579 1041 et
1596 1013 1699 1056 pro-

304 1067 604 1112 consularibus
627 1069 753 1127 gestis
778 1067 890 1112 facta
915 1068 1147 1113 recitamus
1170 1087 1179 1113 :
1207 1077 1370 1124 tamen,
1391 1084 1418 1113 o
1438 1068 1698 1123 Donatistae,

304 1139 337 1182 si
359 1154 435 1182 vos
457 1139 659 1182 teneretis
682 1138 919 1183 Ecclesiam
943 1148 1036 1184 toto
1058 1139 1162 1183 orbe
1186 1138 1389 1184 diffusam
1403 1174 1414 1194 ‚
1439 1155 1540 1200 quae
1562 1140 1703 1183 mani—

303 1208 538 1253 festissimis
546 1209 854 1254 canonicarum
873 1210 1194 1270 Scripturarum
1210 1210 1465 1255 testimoniis
1477 1211 1704 1269 designata

305 1290 347 1324 et
369 1297 566 1340 expressa
587 1291 666 1337 est,
692 1282 801 1326 nihil
818 1282 1022 1327 adversus
1043 1297 1119 1327 vos
1139 1283 1283 1327 omnia
1302 1282 1380 1327 ista
1402 1281 1545 1327 valere
1566 1281 1704 1326 debe-

306 1361 403 1396 rent
428 1371 436 1396 :
461 1352 565 1412 quia
588 1368 731 1412 neque
759 1352 880 1397 vobis
908 1351 1044 1411 paleae
1068 1353 1248 1397 crimina
1277 1351 1635 1412 praejudicarent,
1666 1351 1702 1396 si

304 1438 379 1466 vos
397 1423 443 1466 in
465 1438 514 1466 ea
529 1423 720 1468 triticum
741 1425 910 1479 essetis,
932 1439 1012 1468 nec
1026 1424 1061 1467 si
1076 1439 1152 1468 vos
1171 1423 1317 1467 essetis
1337 1422 1477 1483 palea,
1503 1432 1547 1467 et
1562 1431 1704 1467 vestra

306 1504 446 1538 essent
472 1495 673 1550 crimina,
698 1495 842 1540 tritico
866 1495 1104 1539 Dominicae
1126 1496 1278 1552 segetis
1299 1493 1466 1554 aliquid
1491 1492 1704 1554 praejudi-

306 1565 481 1620 caretis,
507 1565 627 1625 quod
648 1566 707 1610 ita
729 1566 774 1609 in
797 1581 898 1623 agro
921 1565 1095 1610 Domini
1119 1566 1380 1610 seminatum
1404 1573 1489 1620 est,
1517 1573 1567 1609 ut
1585 1578 1703 1608 cres-

307 1644 376 1680 cat
393 1651 532 1696 usque
556 1636 611 1680 ad
633 1652 811 1680 messem
830 1658 840 1694 3
860 1636 905 1680 id
926 1646 1010 1690 est,
1037 1637 1158 1696 quod
1175 1637 1233 1680 ita
1255 1637 1299 1680 in
1323 1635 1491 1680 mundo
1513 1635 1703 1680 semina-

306 1715 401 1750 tum
424 1715 509 1761 est,
536 1715 586 1750 ut
607 1715 770 1751 crescat
793 1722 931 1766 usque
953 1707 998 1750 in
1020 1707 1150 1750 finem
1177 1706 1338 1751 saeculi.
1362 1709 1426 1751 Eo
1443 1721 1545 1765 ergo
1568 1705 1703 1751 modo

306 1777 339 1820 si
363 1776 498 1831 forte,
522 1777 643 1837 quod
672 1778 815 1822 adhuc
839 1778 963 1822 nobis
986 1792 1211 1837 nunquam
1233 1777 1470 1837 probastis,
1496 1775 1703 1822 adversus

306 1847 474 1908 paleam
491 1858 681 1893 nostram
701 1849 801 1893 talia
824 1849 1087 1893 documenta
1108 1849 1329 1907 gereretis,
1354 1864 1434 1893 nos
1457 1858 1600 1892 autem
1622 1847 1704 1892 ad-

307 1935 454 1964 versus
486 1936 561 1964 vos
593 1929 712 1964 tanta
741 1921 820 1965 ista
839 1955 849 1975 ‚
880 1937 979 1980 quae
1002 1922 1365 1975 commemoravi,
1397 1935 1487 1965 non
1515 1919 1700 1963 habere-

307 2004 403 2034 mus
436 2009 444 2034 :
479 1991 608 2034 etiam
637 1991 695 2034 sic
717 1990 827 2034 nihil
855 1991 1083 2035 frumentis
1112 1991 1267 2036 nostris
1291 1999 1382 2035 toto
1404 1991 1510 2034 orbe
1532 1989 1701 2033 diffusis

308 2061 487 2105 omnino
509 2062 809 2121 praejudicaret
831 2061 1048 2121 quidquid
1063 2062 1108 2105 in
1125 2077 1275 2106 eorum
1296 2061 1482 2121 paleam,
1502 2059 1701 2120 quamvis

307 2132 591 2185 verissimum,
615 2134 811 2193 quamvis
834 2132 1246 2188 manifestissimum,
1267 2133 1468 2193 quamvis
1485 2132 1701 2192 probatis-

307 2203 465 2247 simum
488 2203 700 2248 diceretis.
734 2203 920 2248 Proinde
948 2214 1251 2249 removeantur
1284 2219 1435 2248 omnes
1454 2203 1700 2248 moratoriae

308 2275 696 2332 tergiversationes.
732 2275 958 2334 Quidquid
988 2276 1041 2318 de
1069 2275 1254 2334 peccatis
1283 2274 1511 2319 hominum
1540 2273 1700 2318 falsum

308 2345 528 2405 objicitur,
545 2347 828 2391 conveniatur
845 2346 1124 2401 conscientia,
1138 2356 1182 2390 et
1194 2362 1282 2391 non
1296 2345 1538 2406 objiciatur.
1559 2344 1701 2398 Quid-

308 2418 416 2475 quid
442 2417 497 2462 de
527 2418 711 2477 peccatis
732 2418 960 2462 hominum
983 2417 1113 2462 etiam
1141 2432 1293 2462 verum
1317 2416 1541 2477 objicitur,
1566 2425 1610 2460 et
1629 2413 1700 2461 vel

356 2525 364 2541 ¹
393 2520 462 2552 Pro
490 2521 670 2563 Bagaitana.
698 2521 778 2555 Vide
793 2520 849 2554 lib.
870 2531 905 2555 111
923 2525 1037 2555 contra
1061 2521 1206 2554 Pax-men.
1233 2530 1308 2563 cap.
1332 2518 1365 2562 4,
1385 2523 1422 2553 et
1447 2518 1504 2552 lib.
1529 2528 1564 2551 iv
1579 2521 1692 2551 contra

309 2575 456 2607 Crescon.
478 2586 550 2617 cap.
575 2576 628 2608 25.
