1825 3264
316 225 478 256 cowrnA
510 226 710 256 mam-nus
741 228 977 266 Perimam,
1012 229 1096 258 un.
1131 230 1198 256 111.
1382 217 1465 258 155

79 294 154 343 ille
186 301 358 339 accusat
386 292 541 338 vitium
580 305 724 337 meum
746 325 758 346 ,
783 300 952 336 tantum
981 308 1062 352 ego
1092 291 1225 338 laudo
1246 293 1465 340 medicum

77 379 241 413 meum.
278 362 395 417 Quid
426 377 526 422 ergo
554 364 643 423 jam
677 362 732 407 de
762 361 845 406 illis
880 364 1109 422 praeteritis
1143 373 1274 424 atque
1295 364 1467 410 abolitis

76 435 200 484 malis
234 435 339 481 meis
367 433 652 479 defendendis
674 433 898 489 laborem,
938 432 993 477 de
1029 435 1190 493 quibus
1230 435 1466 481 Petilianus

76 505 214 554 multa
234 505 412 566 quidem
436 504 542 550 falsa
564 505 696 560 dixit,
737 504 811 550 sed
843 504 969 564 plura
996 520 1095 550 vera
1125 521 1214 549 non
1235 507 1376 550 dixit?
1406 510 1467 552 De

74 585 272 636 tempore
289 585 432 620 autem
454 575 554 621 vitae
571 590 680 620 meae
698 574 817 635 quod
839 584 902 619 est
924 584 1021 634 post
1038 575 1318 635 baptismum,
1343 577 1466 622 vobis

74 647 342 708 quicumque
370 662 439 691 me
466 647 628 701 nostis,
660 646 882 705 superfluo
904 645 1060 705 loquor
1091 661 1140 689 ex
1164 646 1342 706 iisquae
1364 656 1464 692 nota

74 733 165 765 esse
187 718 437 763 hominibus
459 727 671 778 possunt:
699 718 741 762 hi
768 733 870 762 vero
895 717 972 778 qui
999 732 1070 761 me
1097 732 1186 762 non
1219 726 1462 772 noverunt,

72 804 164 837 non
187 789 246 834 ita
270 789 407 849 iniqui
434 805 524 834 esse
545 789 708 834 debent
730 789 774 834 in
796 805 882 844 me,
903 798 954 834 ut
975 788 1109 848 magis
1130 789 1184 833 de
1202 803 1271 832 me
1287 789 1466 834 credant

73 859 285 905 Petiliano
302 875 433 919 quam
458 859 596 904 vohis.
629 862 737 906 Nam
760 860 794 904 si
816 860 1009 904 laudanti
1037 859 1176 904 amico
1197 859 1465 903 credendum

73 945 162 976 non
185 939 249 974 est
264 964 276 985 ‚
306 945 387 975 nec
409 931 586 975 inimico
616 931 878 976 detrahenti.
903 933 1083 975 Restant
1105 945 1154 974 ea
1176 945 1275 990 quae
1296 928 1466 974 occulta

71 1009 176 1047 sunt
206 1001 394 1046 hominis
415 1036 426 1055 ,
450 1002 526 1046 ubi
549 1001 638 1046 sola
658 1001 919 1046 conscientia
944 1001 1062 1045 testis
1089 1009 1180 1055 est,
1217 1015 1316 1060 quae
1350 1000 1466 1044 testis

73 1085 163 1116 esse
175 1071 292 1131 apud
309 1072 505 1116 homines
527 1088 614 1116 non
634 1081 788 1131 potest.
813 1074 861 1115 ln
886 1071 950 1116 his
971 1087 1040 1116 me
1064 1071 1300 1116 Petilianus
1322 1071 1464 1116 Mani-

72 1142 245 1187 chaeum
268 1157 358 1186 esse
379 1142 508 1196 dicit,
534 1141 718 1202 loquens
740 1142 794 1186 de
818 1141 955 1185 aliena
972 1142 1236 1186 conscientia
1258 1162 1266 1186 :
1286 1142 1370 1186 hoc
1388 1155 1466 1199 ego

74 1227 143 1258 me
165 1229 253 1257 non
274 1228 365 1258 esse
386 1214 500 1265 dico,
525 1213 708 1273 loquens
732 1212 786 1256 de
804 1229 896 1256 mea
917 1213 1197 1257 conscientia.
1220 1212 1378 1270 Eligite
1395 1212 1464 1256 cui

71 1283 271 1329 credatis.
292 1286 602 1329 Verumtamen
617 1284 823 1343 qnoniam
845 1298 924 1327 nec
941 1283 1020 1326 ista
1038 1283 1157 1327 brevi
1176 1298 1224 1327 ae
1240 1281 1352 1326 facili
1370 1297 1462 1326 mea

68 1351 327 1398 defensione
347 1367 458 1412 opus
481 1363 571 1407 est,
606 1354 684 1397 ubi
716 1353 898 1413 quaestio
928 1368 1015 1396 non
1045 1353 1100 1396 de
1132 1352 1465 1412 qualiscumque

66 1424 200 1472 ›unius
226 1425 414 1469 hominis
445 1426 625 1479 merito,
660 1425 735 1469 sed
765 1426 820 1468 de
851 1432 1012 1468 sanctae
1046 1423 1253 1468 Ecclesiae
1285 1425 1466 1468 veritate

69 1503 265 1541 versatur
285 1516 296 1553 3
322 1494 374 1539 ad
398 1510 474 1540 vos
496 1495 625 1540 etiam
648 1496 754 1539 mihi
778 1494 901 1554 plura
920 1494 1105 1539 dicenda
1124 1503 1242 1549 sunt,
1267 1495 1465 1554 quicum-

65 1581 155 1627 que
181 1566 225 1610 in
256 1576 379 1625 parte
411 1566 596 1622 Donati,
625 1566 823 1611 Petiliani
854 1582 954 1627 quae
978 1566 1022 1610 in
1046 1581 1116 1610 me
1136 1566 1304 1625 scripsit
1327 1565 1463 1610 male-

67 1636 185 1682 dicta
202 1636 381 1695 legistis,
408 1653 508 1698 quae
532 1639 587 1682 ab
609 1637 686 1682 illo
709 1653 797 1682 non
821 1637 1034 1692 audirem,
1056 1638 1089 1681 si
1112 1646 1296 1682 vestram
1316 1637 1457 1696 perdi-

63 1707 232 1752 tionem
271 1717 594 1752 contemnerem
626 1727 634 1752 :
671 1708 745 1753 sed
775 1709 996 1754 eharitatis
1019 1709 1264 1753 christianae
1300 1709 1462 1754 viscera

59 1791 158 1823 non
179 1778 401 1822 haberem.

61 1885 67 1890 .
124 1850 228 1892 XII.
254 1849 371 1902 Quid
394 1864 497 1908 ergo
515 1849 692 1904 mirum,
718 1850 750 1894 si
769 1865 869 1894 curn
889 1865 1019 1909 grana
1042 1851 1097 1893 de
1118 1865 1215 1894 area
1242 1850 1461 1895 Dominica

65 1932 241 1964 excussa
257 1953 269 1973 ‚
300 1919 431 1964 simul
452 1936 550 1964 cum
575 1929 687 1965 terra
710 1929 752 1964 et
778 1919 901 1980 palea
925 1922 1158 1965 introrsum
1183 1922 1324 1976 traho,
1345 1921 1460 1981 inju-

65 1987 173 2033 riam
211 1988 436 2034 resilientis
470 1990 660 2049 pulveris
695 1991 892 2035 suffero?
924 1990 1004 2034 Vel
1041 2007 1141 2035 cum
1175 1991 1348 2035 Domini
1378 1991 1461 2033 mei

69 2072 170 2103 oves
192 2059 380 2117 perditas
401 2060 631 2118 diligenter
664 2061 864 2120 inquiro,
903 2061 1173 2119 spinosarum
1211 2059 1459 2119 linguarum

63 2129 270 2188 vepribus
291 2129 483 2175 laceror?
507 2132 699 2176 Obsecro
721 2147 813 2185 VOS,
839 2131 1045 2190 deponite
1068 2130 1293 2190 paululum
1319 2131 1460 2175 studia

59 2200 252 2260 ‚partium
271 2235 282 2256 ‚
308 2211 440 2261 atque
461 2202 573 2246 inter
595 2217 664 2246 me
687 2212 731 2247 et
756 2202 1015 2247 Petilianum
1038 2218 1137 2246 curn
1159 2201 1302 2262 aliqua
1328 2202 1459 2262 aequi·

56 2279 152 2318 ‘tate
167 2271 375 2332 judicate.
398 2275 490 2331 Ego
517 2273 721 2319 Ecclesiae
739 2289 909 2319 causam
928 2275 1029 2319 volo
1055 2284 1102 2318 ut
1128 2274 1333 2319 noveritis
1352 2309 1362 2328 ,
1388 2274 1460 2318 ille

60 2351 115 2390 ut
132 2358 274 2389 meam
292 2362 302 2388 ε
322 2344 377 2388 ad
394 2343 502 2403 quid
522 2344 641 2390 aliud
658 2380 668 2399 ‚
699 2345 777 2390 nisi
799 2349 900 2405 quia
921 2346 1100 2390 testibus
1118 2346 1222 2389 meis
1240 2380 1250 2399 ‚
1282 2359 1391 2404 quos
1414 2345 1457 2387 in

54 2427 190 2469 ,causa
212 2414 418 2459 Ecclesiae
445 2424 694 2459 constanter
720 2415 932 2470 adhibeo,
964 2431 1053 2460 non
1081 2415 1213 2459 audet
1236 2415 1380 2459 dicere
1404 2429 1459 2459 ne

60 2485 249 2531 credatis
268 2506 280 2543 3
305 2486 534 2545 Prophetae
556 2486 674 2531 enim
695 2497 824 2542 sunt,
858 2496 901 2531 et
923 2486 1145 2545 Apostoli,
1170 2496 1213 2531 et
1234 2486 1323 2546 ipse
1349 2489 1456 2531 Pro-

62 2555 294 2615 phetarum
327 2564 370 2600 et
397 2556 705 2614 Apostolorum
736 2557 943 2602 Dominus
963 2557 1190 2603 Christus:
1217 2557 1272 2602 de
1292 2571 1362 2602 me
1379 2572 1457 2602 au-
