1825 3264
512 276 566 303 nr.
600 272 786 303 curru-z
818 275 1032 304 nectestae.
1377 268 1460 307 235

75 340 156 385 nisi
181 340 284 400 quia
305 339 496 385 Ecclesia
517 341 608 399 ejus
629 354 705 399 per
726 354 899 384 omnem
923 343 1110 386 terram?
1133 345 1184 387 In
1203 343 1269 388 his
1290 342 1462 389 duabus

73 411 296 457 sententiis
318 411 598 466 brevissimis,
627 426 703 456 vos
725 410 916 456 haeretici
940 420 1078 457 totum
1102 414 1222 473 quod
1245 415 1357 460 inter
1384 431 1462 461 nos

72 481 215 540 agitur
230 481 465 541 interrogo.
495 501 515 524 «
536 481 750 536 Exaltare‚
767 481 931 541 inquit,
951 497 1082 541 super
1101 483 1252 539 coelos,
1266 488 1398 541 Deus,
1419 495 1463 530 et

77 567 240 612 »super
261 567 436 597 omnem
466 562 621 596 terram
651 551 785 610 gloria
801 560 891 595 tua.
913 554 1034 597 »Cur
1056 554 1289 599 Dominum
1312 556 1461 601 Chris-

73 631 168 667 tum
187 621 422 667 exaltatum
445 637 573 682 super
593 620 728 666 coelos
750 620 1017 681 praedicatis,
1046 632 1089 667 et
1105 625 1197 683 ejus
1219 624 1368 683 gloriae
1391 641 1462 670 su-

72 708 150 753 per
171 708 345 738 omnem
366 702 521 737 terram
540 709 628 738 non
651 692 1015 738 communicatis?

130 765 277 807 XXII.
298 763 491 807 Psalmus
504 763 845 822 septuagesimus
860 762 1024 822 primus
1045 781 1065 804 «
1086 763 1129 806 in
1147 763 1421 809 Salomonem
1439 783 1458 806 »

71 833 273 879 titulatur
291 853 300 878 ε
320 833 395 878 sed
412 835 515 893 quia
537 835 593 878 ita
617 833 733 878 dicta
755 844 856 878 sunt
871 850 970 894 quae
991 834 1036 878 in
1058 833 1183 878 illum
1199 850 1341 894 regem
1359 845 1464 880 tem-

69 904 291 965 poralem,
322 914 365 949 et
399 913 547 964 postea
586 905 772 964 graviter
802 915 1055 964 peccantem
1076 940 1087 960 ‚
1125 907 1355 950 convenire
1375 921 1463 952 non

69 984 253 1035 possunt
271 1010 282 1031 ‚
307 976 436 1020 etiam
458 985 609 1020 contra
631 976 744 1035 ipsos
766 975 942 1020 Judaeos
963 976 1018 1020 de
1042 976 1214 1022 Christo
1236 992 1327 1021 esse
1349 993 1464 1036 prae-

73 1046 189 1092 dicta
209 1046 488 1092 invictissime
516 1046 830 1092 defenduntur.
865 1047 1021 1092 Nullus
1045 1057 1189 1092 autem
1210 1049 1294 1093 hoc
1316 1049 1465 1093 Chris-

70 1118 213 1162 tianus
245 1127 387 1176 negat.
428 1116 543 1161 Talia
575 1117 691 1161 enim
726 1116 839 1162 dicta
861 1127 986 1172 sunt,
1013 1116 1067 1160 dc
1092 1117 1252 1177 quibus
1273 1116 1465 1162 dubitari

71 1203 159 1232 non
178 1188 327 1246 possit,
354 1186 475 1247 quod
490 1186 544 1231 ad
561 1188 780 1232 Christum
801 1187 1060 1247 pertineant.
1082 1187 1148 1231 Ibi
1164 1188 1291 1231 etiarn
1311 1187 1464 1232 dicun·

68 1266 140 1302 tur
157 1258 268 1312 haec,
294 1258 371 1301 ubi
395 1266 653 1315 agnoscatur
675 1257 866 1301 Ecclesia
888 1267 981 1302 toto
1001 1257 1104 1301 orbe
1126 1256 1301 1312 diffusa,
1327 1258 1464 1302 omni-

69 1328 152 1372 bus
174 1329 307 1372 etiam
331 1328 504 1386 regibus
529 1328 702 1372 Christo
724 1328 966 1387 subjugatis
988 1346 996 1371 :
1026 1346 1047 1370 «
1071 1330 1126 1371 Et
1150 1326 1460 1382 dominabitur,

72 1397 422 1457 »inquit‚amari
443 1412 581 1457 usque
602 1397 655 1440 ad
679 1407 866 1451 mare‚et
889 1413 912 1440 a
934 1396 1115 1440 flumine
1139 1411 1275 1456 usque
1298 1397 1352 1440 ad
1376 1406 1464 1441 ter-

72 1468 244 1512 »minos
266 1467 382 1512 orbis
406 1477 531 1512 terrae
548 1470 606 1511 ¹.»
628 1471 665 1512 Α
683 1468 864 1512 flumine
887 1467 1040 1527 utique
1063 1467 1138 1511 ubi
1160 1482 1259 1511 eum
1283 1467 1464 1526 Spiritus

69 1547 245 1583 sanctus
267 1539 311 1582 in
336 1537 552 1583 columbae
577 1539 719 1597 specie
734 1573 745 1593 ‚
771 1547 815 1582 et
837 1553 921 1583 vox
944 1538 999 1581 de
1019 1537 1134 1582 coelo
1160 1536 1460 1582 manifestavit.

71 1608 237 1654 Deinde
248 1609 444 1669 sequitur
463 1628 500 1654 2«
513 1610 670 1654 Coram
688 1609 764 1654 illo
787 1608 986 1654 accident
1001 1609 1244 1668 AEthiopes‚
1259 1617 1302 1653 et
1318 1609 1465 1653 inimi-

73 1699 91 1722 »
117 1680 155 1724 ci
175 1680 267 1739 ejus
288 1688 444 1725 terram
465 1680 679 1740 linguent.
699 1682 836 1739 Reges
855 1679 1026 1725 Thai-sis
1047 1687 1090 1724 et
1111 1678 1266 1724 insulae
1283 1694 1464 1723 munera

70 1768 91 1793 n
113 1750 325 1806 offerent,
341 1766 462 1810 reges
480 1751 675 1796 Arabum
697 1760 740 1795 et
764 1751 873 1796 Saba
896 1750 1010 1795 dona
1032 1750 1265 1795 adducent.
1279 1754 1335 1796 Et
1357 1749 1464 1795 ado-

69 1839 91 1864 »
112 1821 272 1867 rabunt
293 1837 393 1867 eum
414 1837 565 1867 omnes
588 1837 708 1881 reges
728 1841 736 1866 :
756 1836 906 1867 omnes
923 1829 1070 1879 gentes
1088 1822 1276 1866 servient
1294 1822 1345 1865 ei.
1367 1839 1387 1862 »
1408 1823 1465 1865 Et

66 1891 198 1952 paulo
220 1902 316 1952 post
337 1911 346 1938 :
377 1912 397 1935 «
417 1895 474 1938 Et
496 1892 812 1936 benedicentur
834 1893 876 1936 in
903 1907 954 1937 eo
977 1907 1126 1936 omnes
1147 1892 1286 1936 tribus
1312 1901 1434 1935 terrae
1450 1926 1460 1946 ‚

71 1982 90 2005 ι
115 1977 265 2008 omnes
293 1973 442 2022 gentes
462 1963 805 2020 magnificabunt
826 1977 942 2006 eum.
970 1961 1229 2006 Benedictus
1253 1961 1463 2006 Dominus

68 2050 91 2075 n
118 2035 230 2077 Deus
249 2032 398 2087 Israel,
417 2033 497 2092 qui
513 2031 615 2077 fecit
637 2031 850 2076 mirabilia
873 2031 1004 2076 solus,
1022 2034 1078 2076 Et
1096 2031 1374 2076 benedictum
1389 2046 1463 2075 no-

72 2121 92 2144 »
117 2117 218 2147 men
253 2102 402 2161 gloriae
427 2103 517 2161 ejus
540 2103 584 2145 in
607 2111 818 2145 aeternum
852 2111 895 2146 et
920 2102 965 2145 in
988 2101 1197 2146 saeeulum
1220 2100 1381 2145 saeculi.
1408 2103 1464 2144 Et

71 2190 93 2214 i»
119 2173 357 2232 replebitur
381 2172 515 2232 gloria
538 2173 629 2232 ejus
652 2172 791 2216 omnis
815 2180 944 2226 terra,
969 2172 1059 2227 fiat,
1086 2172 1207 2216 fiat.»
1232 2174 1296 2215 lte
1318 2186 1458 2226 nunc,

69 2243 326 2298 Donatistae,
353 2255 392 2288 et
415 2242 599 2288 clamate
632 2262 640 2287 :
666 2245 763 2288 Non
792 2243 882 2296 fiat,
914 2257 1001 2286 non
1031 2242 1122 2286 fiat.
1151 2243 1265 2287 Vicit
1289 2257 1364 2287 vos
1386 2242 1460 2286 Dei

67 2315 254 2360 verbum
275 2314 422 2359 dicens
445 2333 453 2359 :
486 2333 505 2355 «
526 2313 643 2368 Fiat,
665 2314 754 2358 fiat.
777 2315 889 2357 Ecce
910 2312 1180 2358 manifestata
1201 2321 1264 2357 est
1282 2313 1326 2356 in
1347 2312 1464 2356 Psal-

68 2385 150 2429 mis
173 2384 364 2430 Ecclesia
387 2393 479 2430 toto
495 2385 603 2429 orbe
619 2383 796 2438 diffusa,
818 2399 947 2443 super
965 2399 1096 2443 quam
1119 2383 1346 2442 requiescit
1368 2382 1464 2441 glo-

68 2457 130 2500 ria
145 2456 255 2514 regis
272 2457 377 2515 ejus.
405 2454 530 2500 Unde
546 2463 589 2498 et
609 2455 697 2513 ipsa
714 2454 859 2511 regina
878 2462 941 2497 est
960 2469 1116 2513 sponsa
1131 2455 1238 2513 ejus,
1253 2452 1308 2496 de
1319 2468 1405 2511 qua
1426 2453 1462 2497 ei

69 2524 228 2570 dicitur
248 2525 293 2569 in
314 2523 832 2584 quadragesimo-quarto
852 2522 1022 2567 Psalmo
1040 2541 1049 2567 :
1069 2541 1089 2565 α
1104 2523 1251 2567 Αεῑίῑίῐ
1269 2522 1415 2581 regina
1438 2538 1462 2566 a

119 2615 126 2632 ¹
150 2608 230 2641 Psal.
252 2616 350 2646 txxn,
370 2610 401 2640 8.
418 2625 457 2631 -
477 2615 488 2631 ²
505 2608 580 2640 Vide
600 2606 654 2640 lib.
675 2618 736 2640 xvn
755 2607 794 2640 de
809 2607 944 2641 Civitatc
958 2607 1028 2649 Dei,
1045 2617 1117 2650 cap.
1138 2607 1170 2640 8.
