1825 3264
270 288 430 315 com'nix
464 287 726 317 eimscommr
761 287 1046 325 υοΝΛΤιεΤΑΜ,
1083 290 1164 316 Lus.
1202 290 1262 317 ιν.
1376 277 1458 316 493

78 351 170 396 dari
191 386 202 407 ‚
232 352 343 397 intra
361 353 481 413 quod
497 354 532 398 si
551 355 646 414 quis
663 355 816 413 corrigi
840 356 1044 401 voluisset
1062 390 1073 411 ‚
1099 356 1304 400 innocens
1326 355 1462 400 habe-

78 430 211 467 retur.
241 424 308 468 Sic
331 439 419 468 esse
442 422 622 480 sactum,
647 435 697 470 ut
718 441 806 470 non
826 425 966 470 solum
989 425 1051 470 illi
1076 425 1165 470 duo
1191 428 1221 481 ¹,
1247 441 1355 486 quos
1376 440 1462 470 me-

78 490 201 538 moro
224 527 235 549 ,
272 495 348 538 sed
388 496 514 539 etiam
558 495 683 540 multi
720 495 792 540 alii
829 497 999 557 purgati
1039 506 1170 556 atque
1211 497 1464 542 innocentes

78 563 284 609 Ecclesiae
314 564 614 610 redderentur.
647 568 843 619 Quorum
873 566 972 611 idco
994 575 1119 626 putas
1140 566 1354 625 baptisma
1376 581 1465 610 non

79 635 281 680 debuisse
303 636 487 681 rescindi
508 671 518 693 ,
545 638 646 697 quia
671 637 779 682 intra
802 637 916 681 diem
939 636 1231 696 praestitutum
1249 636 1431 680 restituti
1452 672 1463 692 ‚

78 708 368 765 peremptoria
393 707 604 752 sententia
627 723 714 752 non
739 717 1014 763 tenerentur,
1046 723 1126 752 nec
1148 722 1246 751 cum
1270 707 1466 766 baptiza-

78 785 177 820 rent
192 775 375 822 fuissent
392 777 448 822 ab
465 778 653 822 Ecclesia
671 778 870 837 separati,
885 778 1070 822 necdum
1086 777 1248 822 scilicet
1267 777 1469 821 transacti

78 847 286 905 temporis
315 857 427 892 meta
465 847 690 892 defininita
723 848 945 908 disjuncti.
971 867 991 890 »
1024 849 1104 892 Hic
1130 863 1210 906 ego
1237 849 1282 891 in
1309 862 1357 891 ea
1378 847 1469 906 ipsa

78 915 265 962 falsitate
291 918 548 962 narrationis
573 927 677 973 tuae,
708 918 1066 978 quandoquidem
1088 934 1177 962 non
1206 917 1346 962 solum
1372 932 1470 961 sen-

79 989 233 1032 tentias
252 1023 262 1043 ,
300 1004 451 1032 verum
481 999 524 1033 et
546 989 636 1048 ipsa
658 989 792 1034 verba
816 998 890 1033 tua
912 989 1036 1048 posui
1057 1023 1068 1043 ,
1094 989 1226 1033 miror
1247 988 1469 1046 ingenium

77 1066 220 1112 tuum,
266 1060 400 1104 miror
441 1060 634 1104 animum
676 1060 851 1118 ingenio
893 1059 1193 1104 reluctantem.
1234 1061 1470 1119 Nunquam

79 1129 245 1188 uspiam
275 1130 335 1174 sic
363 1131 588 1190 apparuit,
620 1140 835 1190 quantum
866 1130 1008 1174 valeat
1037 1129 1337 1190 praejudicium
1359 1144 1472 1188 prae-

79 1200 338 1259 sumptionis
361 1201 585 1256 humanae,
611 1201 679 1245 vel
701 1200 754 1245 ad
778 1217 867 1245 non
890 1201 1146 1245 intuendam
1170 1199 1471 1244 manifestissi-

79 1285 194 1314 mam
213 1272 454 1327 veritatem‚
475 1272 544 1317 vel
559 1271 614 1316 ad
633 1271 934 1317 affirmandam
953 1271 1371 1331 impudentissimam
1390 1268 1475 1314 fal-

80 1342 264 1385 sitatem.
282 1345 421 1386 Ita-nc
434 1352 476 1387 te
494 1353 581 1387 tam
599 1352 746 1402 aperte
764 1343 1047 1402 repugnantia
1066 1342 1256 1402 posuisse
1272 1355 1361 1386 non
1378 1355 1477 1384 sen-

80 1411 149 1465 tis,
176 1422 226 1456 ut
250 1413 321 1457 vix
355 1413 565 1458 credibile
589 1414 643 1458 sit
674 1413 794 1473 quod
827 1429 942 1458 unus
966 1414 1097 1458 homo
1119 1413 1262 1457 dicere
1289 1421 1476 1471 utraque

79 1483 308 1540 potuerit?
336 1487 401 1528 Tu
427 1499 583 1543 nempe
612 1484 718 1529 dicis
736 1519 746 1539 ,
778 1505 791 1524 α
822 1485 866 1528 in
900 1499 972 1528 eos
1002 1499 1151 1528 omnes
1173 1483 1248 1543 qui
1271 1483 1315 1525 in
1338 1480 1478 1526 Maxi-

79 1553 214 1598 miani
245 1555 474 1599 schismate
504 1555 805 1614 perstitissent,
840 1554 1052 1614 prolatam
1081 1570 1170 1598 esse
1193 1552 1473 1605 sententiam,

18 1628 21 1629 ⁷
80 1632 123 1667 et
157 1624 365 1684 placuisse
387 1626 640 1671 dilationem
663 1626 870 1687 temporis
892 1626 985 1670 dari
1010 1661 1020 1681 ,
1047 1627 1160 1669 intra
1183 1623 1303 1685 quod
1325 1623 1358 1667 si
1380 1622 1478 1682 quis

80 1696 236 1754 corrigi
262 1697 483 1753 voluisset,
513 1699 722 1743 innocens
750 1698 1001 1742 haberetur.
1030 1695 1262 1750 Quomodo
1290 1709 1393 1753 ergo
1430 1702 1478 1737 tu

80 1765 173 1826 ipse
214 1768 314 1812 item
355 1768 460 1813 dicis
478 1805 488 1823 ,
529 1785 617 1814 non
656 1785 728 1814 eos
770 1778 889 1814 extra
924 1769 1162 1813 Ecclesiam
1202 1767 1442 1825 baptizasse
1464 1798 1475 1818 ‚

80 1847 315 1899 antequam
338 1855 382 1884 se
405 1840 458 1883 ab
483 1839 560 1885 illo
585 1841 812 1884 schismate
842 1839 1126 1884 correxissent
1147 1871 1157 1891 ,
1190 1855 1209 1877 »
1238 1837 1270 1880 si
1301 1835 1479 1895 quando

82 1925 182 1954 cum
205 1911 469 1956 Maximiano
492 1921 616 1955 erant
637 1947 646 1966 ,
674 1927 763 1956 non
786 1920 909 1955 crant
939 1919 1057 1954 extra
1087 1907 1357 1952 Ecclesiam?
1381 1905 1476 1950 Ad-

82 1980 295 2024 vertis-ne
322 1981 430 2041 quid
454 1980 570 2025 dicas
591 1983 608 2027 P
635 1981 808 2026 Invenis
830 1997 916 2040 qua
940 1995 1079 2034 exem,
1105 1994 1194 2038 quo
1216 1977 1438 2034 confugias
1461 2010 1472 2031 ,

82 2050 159 2094 ubi
184 2060 224 2094 te
244 2051 483 2096 abscondas
501 2054 518 2095 Ξ)

138 2122 342 2166 xxxvl.
366 2121 496 2166 Vides
513 2131 629 2166 certe
652 2121 757 2165 dum
782 2121 1034 2165 manifestos
1054 2133 1219 2164 errores
1242 2115 1479 2162 defendere

80 2191 248 2235 conaris
271 2191 450 2246 alienos,
474 2192 583 2236 nihil
606 2202 646 2236 te
665 2207 807 2251 agere,
830 2191 910 2235 nisi
928 2191 1192 2250 subjungere
1210 2186 1480 2232 manifestio·

42 2277 50 2286 ·
82 2275 148 2304 res
173 2270 282 2306 tuos.
309 2264 421 2307 Ecce
445 2263 544 2321 lege
567 2262 699 2306 verba
723 2272 797 2307 tua
827 2282 835 2306 ;
861 2263 919 2306 sic
941 2278 962 2305 a
988 2275 1055 2304 me
1090 2274 1260 2318 prorsus
1284 2272 1480 2302 comme-

82 2340 309 2376 morantur
334 2367 343 2385 ,
370 2341 418 2376 ut
441 2348 463 2376 a
487 2341 529 2376 te
551 2334 708 2391 scripta
733 2342 849 2378 sunt.
885 2352 903 2374 «
930 2334 1040 2376 Cum
1065 2345 1196 2390 quam
1232 2328 1441 2388 plurimos
1466 2361 1477 2382 ‚

79 2400 227 2461 inquis
242 2436 253 2455 ,
286 2402 510 2461 episcopos
533 2418 654 2446 error
675 2403 757 2446 sibi
782 2401 1027 2446 Maximiani
1049 2401 1213 2445 sociare
1236 2398 1481 2443 contende-

82 2481 148 2516 ret
171 2507 182 2526 ,
208 2482 433 2517 contracto
455 2489 477 2517 a
503 2474 661 2518 nostris
678 2474 880 2528 concilio,
901 2475 943 2516 in
967 2488 1039 2517 eos
1061 2487 1210 2517 omnes
1229 2471 1304 2531 qui
1328 2470 1372 2513 in
1391 2471 1483 2529 ejus

79 2543 307 2588 schismate
346 2545 653 2603 perstitissent,
692 2544 860 2604 prolata
896 2544 1110 2589 sententia
1145 2551 1224 2597 cst,
1261 2556 1391 2601 quam
1427 2549 1475 2585 tu

126 2635 134 2652 ⁸
154 2631 362 2663 Praetextatus
376 2635 409 2662 ct
427 2629 611 2663 felicianus.
