1825 3264
370 233 452 273 290
810 244 843 272 s.
879 241 1111 274 mausum
1143 246 1324 275 nrlscom

366 319 513 355 tamen
530 309 648 353 idem
669 310 792 354 Jesus
817 310 923 356 dicit
943 329 952 356 :
992 329 1012 354 «
1039 312 1082 357 Si
1103 313 1200 372 quis
1222 312 1336 368 sitit,
1356 312 1502 358 veniat
1526 321 1571 358 et
1591 312 1714 358 bibat
1739 332 1748 359 :

365 398 386 422 >›
421 380 498 439 qui
519 380 657 424 credit
676 379 723 425 in
745 396 840 437 me,
865 381 977 427 sicut
1003 382 1108 428 dicit
1132 383 1377 443 Scriptura,
1415 384 1597 430 flumina
1626 399 1753 445 aquae

365 468 387 492 »
422 451 530 496 vivae
547 452 687 497 fluent
706 451 761 497 de
782 462 932 499 ventre
951 454 1042 514 ejus
1057 456 1089 499 ¹.
1119 472 1140 497 n
1163 456 1221 499 Et
1241 455 1438 516 sequitur
1457 455 1750 515 Evangelista,

360 531 403 567 et
425 527 602 582 exponit
616 524 734 569 unde
751 525 805 569 sit
823 526 991 570 dictum
1013 545 1021 571 :
1051 545 1071 569 «
1092 528 1186 572 Hoc
1201 535 1367 583 autem,
1393 527 1554 588 inquit,
1579 526 1755 572 dicebat

365 611 386 636 »
411 593 467 638 de
491 595 655 655 Spiritu
672 631 683 651 ,
709 611 841 657 quem
863 598 1084 658 accepturi
1110 607 1233 643 erant
1254 599 1311 654 ii,
1340 599 1414 659 qui
1441 599 1487 643 in
1505 613 1606 643 enm
1629 606 1755 643 erant

363 682 384 706 »
410 666 632 712 credituri.
655 667 835 726 Spiritus
853 669 969 712 enim
991 669 1189 714 nondum
1214 679 1306 714 erat
1332 669 1458 715 datus
1472 705 1483 725 ,
1506 670 1609 730 quia
1630 671 1753 714 Jesus

363 755 384 779 »
409 738 608 782 nondum
626 738 769 784 fuerat
789 738 1049 785 clarificatus
1072 743 1104 785 ².
1133 759 1153 783 »
1175 743 1286 786 Ecce
1303 757 1460 802 aquam
1487 741 1595 786 dicit
1617 741 1754 800 Spiri-

360 816 470 863 tum,
491 809 568 868 qui
590 809 788 855 nondum
815 819 906 856 erat
922 811 1066 868 datus,
1092 827 1193 857 cum
1215 813 1303 872 jam
1321 828 1432 872 aqua
1456 811 1530 857 illa
1550 811 1753 872 baptismi

360 877 509 923 multis
527 879 677 925 fuisset
699 882 816 926 data.

418 953 574 995 LXVI.
613 951 738 996 Unde
763 961 806 996 et
827 951 938 996 illud
957 987 969 1007 ,
995 953 1117 1012 quod
1138 952 1333 997 similiter
1364 968 1453 997 non
1483 951 1721 1011 intelligitis
1739 987 1750 1007 ,

357 1022 478 1080 quod
495 1022 706 1081 scriptum
728 1031 792 1066 est
817 1041 825 1067 :
855 1040 875 1064 «
900 1023 1007 1066 Bibe
1034 1037 1193 1082 aquam
1215 1022 1270 1066 de
1289 1023 1373 1066 tuis
1393 1023 1519 1077 vasis,
1537 1032 1580 1066 et
1601 1023 1656 1066 de
1679 1037 1754 1081 pu·

364 1109 385 1132 »
413 1100 582 1136 teorum
606 1101 784 1136 tuorum
807 1092 1020 1148 fontibus,
1046 1101 1089 1137 et
1110 1091 1206 1137 fons
1230 1108 1354 1153 aquae
1373 1103 1460 1137 tuae
1482 1093 1536 1137 sit
1552 1092 1630 1136 tibi
1655 1107 1755 1152 pro-

359 1178 380 1202 »
405 1162 524 1220 prius
540 1197 551 1217 ,
571 1172 615 1206 et
633 1177 763 1208 nemo
786 1162 952 1208 alienus
974 1164 1272 1208 communicet
1294 1164 1400 1218 tibi,
1420 1173 1464 1207 ct
1484 1179 1575 1208 non
1599 1178 1754 1223 super-

357 1249 377 1272 »
405 1233 546 1277 fluant
563 1233 642 1277 tibi
660 1249 785 1293 aquae
807 1233 938 1289 foras,
953 1243 996 1279 et
1014 1235 1060 1278 in
1081 1234 1233 1294 plateis
1260 1237 1343 1279 tuis
1361 1235 1607 1279 discurrant
1628 1249 1754 1294 aquae

356 1320 377 1344 υ
401 1311 489 1348 tuae
502 1305 518 1329 ³
536 1323 545 1348 ι
561 1320 684 1349 »non
705 1304 922 1349 visibilem
935 1305 1199 1364 baptismum
1216 1341 1225 1360 ,
1248 1321 1379 1365 quem
1399 1313 1580 1365 possunt
1592 1305 1754 1348 habere

353 1382 396 1417 et
428 1374 572 1429 alieni,
603 1375 650 1419 id
672 1385 762 1430 est,
788 1376 865 1436 qui
887 1391 1072 1435 regnum
1100 1377 1177 1420 Dei
1214 1392 1302 1421 non
1331 1376 1620 1435 possidebunt
1645 1396 1656 1433 3
1679 1375 1752 1419 sed

351 1445 436 1489 hoc
468 1445 636 1490 donum
665 1446 946 1491 commendat
973 1447 1157 1506 Spiritus
1190 1448 1352 1502 sancti,
1385 1446 1504 1506 quod
1528 1447 1753 1505 proprium

356 1524 420 1560 est
441 1532 591 1561 eorum
615 1526 786 1562 tantum
803 1553 814 1574 ,
838 1518 915 1579 qui
938 1518 1187 1578 regnabunt
1219 1533 1320 1562 cum
1345 1518 1518 1562 Christo
1543 1518 1588 1560 in
1623 1525 1753 1560 aeter-

351 1601 475 1631 num.
503 1589 719 1641 Quoniam
746 1608 766 1631 «
791 1589 989 1634 Charitas
1012 1590 1107 1645 Dei,
1133 1589 1246 1633 sicut
1270 1588 1376 1632 dicit
1398 1587 1648 1647 Apostolus,
1667 1585 1754 1630 difo

355 1676 374 1698 »
406 1656 502 1702 fusa
523 1667 585 1702 est
605 1659 651 1702 in
671 1659 877 1704 cordibus
899 1660 1056 1705 nostris
1087 1675 1164 1720 per
1190 1660 1399 1719 Spiritum
1421 1667 1617 1703 sanctum
1639 1692 1650 1713 ,
1675 1656 1753 1717 qui

354 1745 374 1768 »
403 1726 530 1772 datus
558 1738 621 1773 est
657 1731 781 1775 nobis
805 1731 836 1775 4.
867 1749 888 1772 »
922 1734 1019 1791 Ipsa
1048 1731 1165 1775 enim
1201 1730 1390 1775 latitudo
1415 1729 1556 1775 cordis
1576 1764 1587 1784 ,
1619 1743 1752 1789 quam

352 1797 539 1844 charitas
556 1798 674 1856 facit,
691 1799 809 1845 unde
822 1800 943 1846 illam
961 1801 1165 1846 diffusam
1186 1800 1308 1855 dicit,
1324 1810 1366 1844 et
1384 1801 1503 1844 unde
1521 1798 1576 1844 ad
1597 1799 1753 1846 Corin-

352 1869 466 1914 thios
480 1870 540 1916 ita
556 1869 753 1931 loquitur
777 1892 785 1917 :
809 1891 830 1915 «
854 1874 912 1917 Os
935 1882 1133 1918 nostrum
1151 1881 1270 1933 patet
1284 1870 1339 1916 ad
1361 1887 1452 1925 vos,
1474 1886 1500 1915 o
1515 1870 1747 1925 Corinthii,

356 1957 376 1981 »
402 1955 476 1986 cor
497 1953 696 1988 nostrum
719 1943 950 1990 dilatatum
972 1957 1036 1990 est
1058 1947 1090 2000 ⁵,
1106 1963 1126 1987 >›
1147 1944 1390 2004 platearum
1413 1943 1591 1988 nomine
1612 1942 1752 2001 signi-

356 2012 484 2057 ficata
507 2023 586 2058 est.

411 2086 592 2129 LXVII.
632 2085 761 2138 Quod
795 2100 897 2144 ergo
929 2095 1077 2146 aperte
1113 2085 1314 2130 audimus
1346 2105 1355 2130 :
1397 2103 1416 2127 «
1452 2084 1596 2130 Nolite
1629 2084 1750 2128 omni

355 2171 376 2195 »
401 2155 570 2213 spiritui
591 2155 789 2211 credere,
814 2157 891 2201 sed
912 2158 1095 2217 probate
1117 2157 1292 2217 spiritus
1324 2158 1358 2201 si
1388 2172 1439 2201 ex
1463 2160 1552 2201 Deo
1581 2155 1695 2200 sint:
1723 2173 1744 2196 n

352 2224 437 2269 hoc
469 2225 654 2285 figurate
677 2227 877 2271 audimus
903 2246 912 2273 :
941 2246 962 2270 »
988 2228 1057 2272 Ab
1080 2228 1224 2287 aliqua
1250 2227 1387 2271 aliena
1415 2228 1581 2271 abstine
1604 2235 1646 2269 te
1666 2261 1677 2280 ,
1707 2233 1751 2269 et

355 2313 376 2336 »
403 2297 458 2340 de
481 2296 602 2341 fonte
620 2296 762 2342 alieno
780 2313 834 2342 ne
856 2299 1020 2344 biberis
1041 2301 1073 2343 ⁶.
1100 2317 1120 2340 n
1147 2301 1203 2343 Et
1220 2298 1340 2358 quod
1359 2306 1505 2357 aperte
1522 2297 1744 2341 audimus:

358 2384 379 2407 «
403 2367 598 2412 Charitas
622 2368 698 2413 Dei
713 2368 871 2414 diffusa
893 2379 958 2415 est
979 2370 1024 2414 in
1042 2369 1251 2415 cordibus
1267 2368 1423 2413 nostris
1446 2383 1522 2427 per
1539 2367 1747 2426 Spiritum

359 2453 380 2477 »
409 2447 607 2483 sanctum
629 2439 705 2500 qui
727 2439 855 2485 datus
877 2449 940 2486 est
965 2441 1143 2486 nobis⁷:
1171 2458 1191 2481 »
1218 2440 1300 2484 hoc
1323 2439 1504 2497 figurate
1522 2437 1743 2482 audimus:

407 2549 412 2563 ¹
435 2546 526 2576 Joan.
545 2556 601 2585 vu,
622 2547 674 2587 37.
690 2564 731 2569 —
744 2554 757 2570 ²
771 2548 850 2581 Vide
866 2548 921 2581 lib.
941 2559 961 2581 n
980 2553 1091 2582 contra
1106 2550 1254 2582 crescon,
1273 2558 1345 2590 cap.
1366 2547 1403 2578 13
1419 2550 1452 2578 et
1469 2542 1631 2588 seqq.—³
1650 2546 1744 2576 Prov.

357 2609 391 2636 v,
411 2599 460 2631 15.
475 2600 539 2631 —4
554 2604 644 2634 Rom.
668 2614 701 2643 v,
723 2603 753 2635 5.
769 2621 810 2628 -—
825 2603 839 2627 5
859 2614 877 2637 2
897 2607 1036 2647 Cor.v1,
1060 2616 1111 2638 u.
1132 2603 1199 2628 -ὃ
1222 2616 1233 2637 ι
1250 2607 1342 2637 Joan.
1363 2614 1396 2636 xv
1420 2614 1446 2634 t.
1465 2619 1502 2626 —-
1521 2609 1533 2635 7
1551 2604 1640 2634 Rom.
1660 2611 1692 2642 v,
1711 2599 1742 2633 5.

1821 2000 1825 2092 i

1819 2122 1825 2163 l

1817 2206 1825 2234 t

1816 2265 1825 2338 Ρ

1815 2349 1825 2377 11

1811 2421 1825 2466 ‘i

1812 2490 1825 2521 l]

1811 2547 1825 2605 P*
