1825 3264
310 258 394 297 422
750 265 784 295 ε.
819 265 1049 296 Ausus-run
1079 268 1258 295 zmscom

311 331 474 377 clericis
490 330 740 376 satellitium
763 346 1079 391 usquequaque
1104 330 1368 376 odiosissime
1385 331 1600 390 innotuit3
1624 332 1691 377 in-

310 416 412 459 gens
431 402 476 444 in
497 415 572 445 vos
587 401 870 459 conflagravit
882 401 1042 446 invidia
1056 435 1067 456 ‚
1093 409 1223 460 atque
1238 400 1341 444 inde
1361 401 1526 448 lactum
1544 411 1622 458 est,
1643 412 1694 448 ut

312 479 356 514 et
372 470 602 529 praeteritae
623 485 771 514 omnes
792 479 942 515 contra
955 486 1032 515 vos
1044 469 1160 529 leges
1175 470 1479 526 excitarentur,
1503 480 1547 516 et
1567 472 1659 516 istae
1678 474 1691 499 ¹

313 539 609 585 conderentur
623 555 762 586 novae.
781 543 976 594 Quarum
992 550 1140 584 tamen
1156 541 1452 585 universarum
1472 542 1691 598 severitas,

311 612 345 656 si
368 619 610 656 vestrorum
629 610 887 654 inordinatae
909 626 957 656 ac
974 612 1064 655 sine
1079 610 1168 655 ulla
1186 612 1280 669 lege
1298 612 1504 670 grassanti
1518 612 1696 657 saevitiae

312 691 603 740 comparetur,
629 681 737 725 mira
763 681 917 725 lenitas
940 679 1199 740 appellanda
1220 690 1297 725 est.
1325 682 1401 726 His
1423 682 1538 726 enim
1561 683 1697 741 magis

310 761 431 797 tanta
449 761 661 810 potestate
678 761 854 811 accepta
871 751 1161 796 mansuetudo
1185 751 1397 796 catholica
1418 751 1698 797 commenda-

309 831 399 876 tur,
443 836 577 881 quam
611 822 814 866 haeretica
851 823 1095 866 immanitas
1133 821 1360 880 plectitur:
1386 823 1474 866 imo
1515 838 1619 867 vcro
1652 823 1697 867 in

312 908 419 947 nos,
451 892 618 947 caedes,
652 893 837 951 rapinas,
871 893 1088 948 incendia,
1123 893 1352 947 caecitates,
1386 894 1694 952 excogitando,

313 962 523 1007 minando
541 997 553 1013 .,
578 962 818 1007 exercendo
835 998 846 1018 ,
872 962 1076 1007 audacius
1099 971 1142 1006 et
1168 963 1359 1006 insanius
1385 962 1695 1008 debacchatur.

372 1036 575 1077 LXVIII.
609 1036 712 1077 Haec
736 1034 851 1076 enim
874 1048 955 1091 ego
978 1048 1317 1077 commemorare
1339 1033 1476 1088 volui,
1502 1049 1579 1092 per
1600 1049 1700 1094 quae

314 1104 481 1147 factum
514 1111 578 1146 est
595 1105 628 1156 ²,
659 1111 709 1146 ut
733 1103 798 1146 his
829 1103 985 1147 nostris
1009 1103 1278 1162 temporibus
1301 1104 1504 1148 adversus
1526 1119 1600 1148 vos
1620 1105 1698 1148 ista

316 1172 553 1230 imperialia
582 1180 742 1216 statuta
777 1173 1008 1226 ferrentur,
1044 1173 1133 1216 imo
1165 1172 1367 1216 adversus
1395 1188 1585 1217 errorem
1606 1189 1701 1219 ves·

315 1251 448 1286 trum.
475 1243 583 1286 Nam
602 1241 708 1300 quid
730 1250 837 1295 tam,
859 1242 893 1285 si
912 1242 1098 1300 sapiatis,
1125 1241 1327 1300 prodesse
1348 1243 1580 1301 probabis?
1601 1245 1700 1288 Cae-

313 1321 458 1356 terum
495 1312 641 1356 omuia
682 1327 782 1371 quae
817 1311 887 1357 vel
929 1313 1195 1356 anteriorum
1234 1313 1385 1357 litteris
1428 1313 1589 1368 didici,
1629 1312 1698 1359 vel

314 1383 403 1440 ipse
444 1383 629 1440 cognovi
649 1415 661 1435 ,
701 1397 812 1426 saeva
851 1382 965 1427 facta
999 1392 1241 1427 vestrorum
1259 1418 1270 1438 ,
1307 1383 1465 1442 quibus
1493 1383 1548 1427 ab
1576 1383 1699 1428 initio

314 1452 536 1496 divisionis
563 1461 717 1496 vestrae
740 1468 878 1512 usque
895 1453 950 1497 ad
966 1453 1048 1497 hoc
1070 1462 1238 1512 tempus
1261 1454 1496 1498 Ecclesiam
1521 1453 1700 1499 catholi‹

314 1537 408 1566 cam
431 1523 647 1580 persecuti
668 1531 797 1578 sunt,
823 1523 857 1566 si
878 1521 1010 1568 velim
1035 1532 1228 1567 retexere
1247 1558 1257 1578 ,
1284 1540 1383 1584 quae
1405 1524 1583 1583 lingua,
1607 1525 1703 1585 quis

314 1592 469 1649 stylus,
494 1601 709 1652 quantum
732 1601 904 1652 tempus
920 1594 1146 1654 otiumque
1164 1595 1381 1639 sufficiat?

373 1664 534 1706 XLIX.
578 1666 639 1706 De
680 1665 841 1721 Optato
880 1679 981 1708 cum
1023 1679 1194 1722 agerem
1214 1700 1225 1720 ,
1272 1675 1408 1725 tuque
1441 1667 1524 1710 hoc
1567 1666 1703 1723 magis

317 1746 519 1776 excusare
558 1732 789 1787 voluisses,
830 1748 962 1793 quam
993 1748 1178 1792 purgare
1195 1769 1205 1788 ‚
1250 1734 1391 1778 dixisti
1435 1754 1454 1777 «
1478 1750 1572 1780 reos
1600 1735 1702 1780 hinc

316 1810 479 1846 vestros
510 1817 600 1845 esse
624 1818 713 1846 non
736 1817 874 1861 posse,
895 1802 1016 1863 quod
1047 1818 1119 1847 eos
1149 1803 1204 1847 ad
1230 1803 1544 1848 vindicandum
1573 1820 1701 1849 nemo

318 1870 560 1930 pertulerit.
590 1890 610 1912 η
634 1875 715 1915 Tot
733 1872 1060 1931 protestationes
1077 1882 1323 1917 nostrorum
1342 1873 1396 1917 de
1413 1872 1701 1918 furiosissimis

319 1950 564 1985 vestrorum
591 1941 802 1986 violentiis
836 1944 1011 1987 archiva
1041 1941 1213 2001 publica
1241 1944 1366 1988 citius
1392 1943 1698 2003 impleverunt,

320 2027 453 2071 quarn
475 2011 608 2057 ullam
630 2013 746 2072 apud
761 2029 836 2058 vos
852 2013 1089 2058 vindictam
1107 2012 1179 2057 illa
1196 2012 1311 2058 facta
1327 2024 1595 2059 meruerunt.
1620 2015 1704 2060 Sed

321 2082 435 2126 forte
460 2092 502 2126 et
521 2083 591 2127 hic
613 2084 799 2138 dicatur,
822 2085 1150 2143 protestationes
1171 2083 1347 2143 quidem
1371 2084 1606 2144 depositas,
1631 2083 1706 2129 sed

322 2152 378 2196 ad
410 2153 524 2211 ipsos
553 2154 813 2198 vindicanda
846 2154 968 2199 nulla
999 2154 1177 2214 perlata.
1210 2155 1325 2199 Audi
1352 2171 1454 2214 ergo
1482 2155 1702 2215 quasdam,

322 2237 421 2281 quae
443 2222 532 2280 ipse
553 2237 648 2266 sum
670 2233 884 2282 expertus.
910 2226 1022 2269 Cum
1047 2233 1320 2283 receptorum
1349 2240 1373 2268 a
1398 2225 1547 2269 vestris
1569 2224 1706 2270 Maxi-

322 2292 609 2336 mianensium
627 2308 736 2352 quos
752 2293 1062 2338 damnaverant
1080 2309 1253 2338 causam
1276 2295 1642 2353 cognovissemus,
1663 2303 1707 2340 et

323 2375 414 2404 eam
435 2377 781 2421 quaquaversum
804 2372 1051 2422 poteramus
1080 2362 1261 2407 ferventi
1285 2363 1608 2408 diffamaremus
1625 2364 1707 2409 ins-

323 2432 457 2475 tantia
471 2450 480 2482 ;
501 2432 564 2475 illi
578 2432 706 2476 rebus
723 2441 809 2476 tam
824 2433 1068 2478 recentibus
1084 2443 1127 2478 et
1139 2442 1258 2478 tanta
1272 2434 1708 2479 manifestationecla·

325 2502 519 2546 rentibus
537 2537 547 2555 ,
573 2504 681 2562 quid
699 2504 958 2562 respondere
974 2513 1147 2563 possent
1163 2519 1252 2548 non
1267 2505 1558 2561 invenientes,
1578 2505 1704 2550 solito

376 2592 383 2607 ¹
405 2587 501 2625 Leges
517 2586 656 2618 nonorii.
674 2604 714 2610 -—
729 2595 741 2610 ²
764 2589 879 2621 Confer
897 2589 992 2631 Epist.
1011 2599 1145 2626 ccxxxv,
1164 2599 1236 2631 cap.
1254 2590 1294 2622 vii
1306 2615 1314 2631 ,
1333 2601 1364 2621 n.
1388 2591 1442 2622 26.
