1825 3264
336 258 419 296 370
762 265 796 293 s.
830 261 1063 293 Aucus-nm
1094 264 1278 293 muscorr

333 340 575 377 ramentum
599 329 689 390 ejus
699 344 779 390 per
799 344 871 375 eos
884 345 1029 385 suum,
1054 329 1116 374 illi
1134 329 1276 389 quiex
1290 329 1382 388 ejus
1403 343 1477 374 ore
1503 328 1686 373 audiunt
1700 363 1712 385 ,

331 402 527 457 credant,
552 400 730 456 faciant,
758 402 987 461 proficiant
1002 436 1012 455 ,
1038 415 1186 445 nonne
1206 399 1282 444 illo
1304 399 1535 459 reprobato
1555 399 1712 445 lauda-

329 474 512 528 buntur,
531 471 608 518 illo
629 472 807 532 culpato
822 473 1196 533 justificabuntur,
1215 470 1293 516 illo
1313 469 1518 516 damnato
1534 486 1714 516 corona-

326 544 515 602 buntur3
552 543 763 603 quoniam
791 552 1056 588 curaverunt
1090 542 1268 587 obedire
1306 542 1492 587 Domino
1523 541 1712 597 dicenti,

329 634 350 658 α
384 618 494 669 Quoe
515 615 668 660 dicunt
689 614 841 671 facite,
869 631 969 676 quae
991 623 1138 659 autem
1161 612 1352 669 faciunt,
1379 612 1521 658 facere
1549 612 1714 670 nolite,

327 704 348 728 ιο
383 686 539 731 dicunt
551 687 683 741 enim,
710 695 754 731 et
773 701 865 731 non
892 685 1114 730 faciunt1?
1139 703 1158 727 »
1189 685 1310 730 Sicut
1332 699 1435 744 ergo
1459 684 1538 728 iste
1558 698 1716 744 pecca-

325 765 408 810 tor,
434 757 552 817 sijus
573 757 655 801 sibi
682 757 949 816 praedicandi
977 755 1224 801 testamenti
1245 754 1387 800 divini
1415 754 1712 814 usurpaverit,

323 827 404 870 sibi
425 827 534 870 nihil
559 827 733 886 prodest
749 862 760 882 ,
786 827 1063 871 audientibus
1086 835 1232 870 autem
1262 835 1305 870 et
1340 824 1602 870 iacientibus
1626 839 1716 868 non

323 897 431 955 ipse,
451 897 526 941 sed
543 897 660 957 quod
684 898 892 956 praedicat
913 917 922 942 z
948 899 1125 956 prodest
1140 897 1197 941 ita
1216 904 1259 940 et
1274 895 1348 939 ille
1366 896 1442 955 qui
1454 896 1526 954 jus
1547 895 1714 953 baptis-

322 968 447 1012 matis
477 969 558 1012 sibi
595 984 803 1027 usurpare
837 984 927 1012 non
959 968 1134 1021 debuit,
1176 967 1255 1010 sibi
1291 975 1421 1010 nocet
1447 966 1525 1025 qui
1547 965 1714 1010 bonum

321 1038 432 1081 male
454 1040 693 1096 usurpavit,
714 1053 804 1082 non
831 1037 871 1080 ei
888 1038 965 1097 qui
990 1038 1154 1081 bonum
1178 1037 1289 1080 bene
1310 1035 1519 1095 percepit.

378 1110 628 1153 XXXVIII.
664 1108 797 1153 Vides
823 1124 913 1153 non
932 1107 1073 1153 solum
1101 1117 1145 1152 te
1174 1123 1265 1152 non
1294 1107 1486 1166 potuisse
1516 1106 1714 1151 refellere

320 1180 441 1239 quod
463 1194 542 1237 ego
565 1189 713 1224 contra
736 1179 999 1224 Petilianum
1016 1179 1130 1233 dixi,
1155 1179 1231 1224 sed
1254 1188 1419 1238 quanta
1438 1178 1537 1222 luce
1555 1178 1714 1223 verita-

319 1251 373 1295 tis
394 1251 534 1295 modis
551 1251 755 1296 omnibus
776 1250 1002 1295 refellatur
1023 1251 1143 1312 quod
1165 1260 1318 1295 contra
1339 1266 1410 1294 me
1437 1251 1526 1309 ipse
1550 1249 1710 1294 dixisti.

315 1323 372 1364 Et
399 1321 543 1366 adhuc
576 1322 717 1380 pergis
748 1331 791 1366 et
822 1321 944 1376 dicis,
982 1340 1003 1363 «
1039 1320 1159 1381 quod
1191 1336 1365 1366 causam
1397 1329 1590 1365 nostram
1622 1335 1712 1364 non

317 1391 502 1450 probam
530 1390 738 1435 faciamus
754 1426 765 1445 ,
801 1400 843 1435 et
871 1390 1063 1451 quodam
1097 1392 1228 1435 modo
1250 1400 1498 1450 peccatores
1520 1406 1599 1434 nos
1623 1405 1713 1434 esse

317 1461 555 1515 fateamur,
582 1462 790 1521 quoniam
808 1463 914 1505 dum
937 1461 1064 1505 nobis
1091 1462 1319 1521 objicitur,
1347 1462 1415 1520 jus
1439 1461 1710 1520 baptismatis

320 1547 406 1590 qua
442 1531 568 1576 nobis
596 1531 771 1575 licentia
793 1532 1089 1589 vindicemus,
1113 1547 1202 1576 non
1224 1531 1280 1575 de
1313 1532 1467 1575 merito
1500 1540 1680 1575 actuum
1696 1565 1709 1585 ,

314 1616 402 1645 non
425 1602 479 1645 de
507 1602 756 1648 innocentia
773 1602 875 1646 vitae
898 1611 1156 1657 tractamus»,
1187 1603 1263 1646 sed
1292 1603 1555 1661 cuicumque
1574 1601 1710 1646 licere

315 1671 515 1715 dicimus.
545 1690 564 1713 »
591 1672 781 1716 Attende
807 1682 924 1717 certe
948 1688 998 1716 ex
1021 1673 1086 1716 his
1106 1689 1205 1732 quae
1222 1672 1481 1728 dictasunt,
1507 1688 1598 1717 non
1620 1673 1711 1717 cui-

313 1756 503 1801 cumque
525 1741 654 1785 licere
676 1757 754 1786 nos
768 1741 910 1786 dicere
927 1763 938 1792 -,
954 1742 1030 1786 sed
1043 1743 1080 1786 ei
1097 1758 1275 1801 poenam
1292 1758 1396 1797 esse,
1419 1744 1494 1802 qui
1509 1751 1709 1787 sanctum

311 1810 628 1856 tractatillicite
645 1832 655 1870 3
671 1821 715 1856 et
726 1827 825 1856 eum
837 1813 1258 1870 essecorrigendum,
1270 1828 1359 1857 non
1374 1822 1574 1857 sanctum
1589 1812 1710 1873 quod

313 1882 462 1927 illicite
486 1892 665 1938 tractat,
687 1882 833 1928 illicite
855 1883 1187 1928 rescindendum
1215 1902 1224 1928 t
1255 1884 1368 1928 sicut
1395 1885 1593 1928 homines
1618 1899 1708 1928 non

311 1953 501 2011 legitime
525 1953 619 2012 lege
642 1962 813 1998 utentes
835 1954 990 2012 corrigi
1018 1954 1222 1999 volumus
1239 1990 1249 2010 ,
1277 1970 1367 1999 non
1396 1955 1534 2013 ipsam
1567 1953 1706 2012 legem

311 2022 476 2067 irritam
503 2023 733 2082 ducimus,
767 2026 878 2069 sicut
916 2026 992 2069 Dei
1028 2035 1339 2070 testamentum
1373 2024 1521 2069 illicite
1555 2040 1632 2083 per
1659 2039 1708 2069 os

313 2109 439 2137 suum
465 2104 752 2139 assumentem
781 2095 1162 2154 reprehendimus,
1190 2112 1278 2140 non
1300 2096 1444 2155 ipsum
1468 2105 1706 2139 testamen-

311 2172 406 2207 tum
425 2179 631 2222 negamus
653 2174 728 2209 aut
747 2165 985 2211 scindimus
1010 2185 1019 2211 :
1040 2182 1121 2211 nec
1139 2166 1238 2211 ideo
1257 2182 1335 2211 nos
1351 2166 1592 2225 peccavisse
1603 2180 1707 2210 con-

312 2235 504 2290 fitemur,
530 2237 630 2295 quia
654 2236 758 2280 etin
779 2246 1001 2293 peccatore
1018 2236 1138 2297 quod
1156 2246 1219 2281 est
1233 2237 1368 2296 ipsius
1386 2236 1701 2295 improbamus,

312 2309 433 2366 quod
450 2315 595 2350 autem
615 2307 690 2350 Dei
707 2316 771 2351 est
792 2308 1055 2352 honoramus
1078 2326 1086 2352 :
1108 2309 1208 2368 quia
1227 2308 1273 2351 in
1289 2311 1428 2351 Deum
1447 2305 1702 2351 credentem

314 2392 404 2420 non
421 2392 471 2420 ex
497 2377 678 2422 occultis
692 2378 894 2422 humanis
916 2378 1106 2438 pendere
1120 2378 1341 2432 volumus,
1361 2378 1497 2422 sedin
1517 2378 1702 2422 Domino

317 2445 487 2502 gloriari
517 2447 571 2490 de
604 2463 692 2506 quo
722 2457 864 2492 certus
896 2458 981 2503 est,
1020 2449 1318 2493 admonemus.
1345 2450 1496 2508 Neque
1523 2447 1637 2492 enim
1661 2455 1705 2491 et

320 2516 555 2573 Apostolus
570 2517 693 2562 malae
716 2534 805 2563 suae
827 2519 1100 2564 conscientiae
1118 2518 1364 2573 diffidebat,
1382 2518 1458 2562 sed
1473 2532 1594 2577 spem
1614 2532 1702 2562 cre·

368 2603 376 2620 ¹
398 2599 515 2631 Matth.
534 2610 632 2639 xxm,
651 2601 680 2632 3.
