1825 3264
282 260 445 291 εοΝτιιΑ
478 260 680 292 LITTERAS
711 264 946 305 mummi,
981 267 1064 294 Lm.
1099 269 1164 294 ιιι.
1342 258 1423 299 145

40 327 148 372 tium
169 360 181 381 ,
215 325 290 371 sed
312 325 366 370 ad
397 325 664 385 litigantium
695 328 826 373 verba
855 332 1098 387 conversis,
1124 332 1428 379 obscuraretur

8 446 15 454 ,Ἰ
36 395 191 440 veritas
211 430 223 450 ,
263 411 394 455 quam
426 395 693 441 dilucescere
721 406 853 457 atque
874 399 1143 445 innotescere
1167 402 1425 449 formidatis.

36 467 129 523 Ego
151 466 298 526 itaque
319 475 470 511 contra
494 466 577 512 tale
598 467 824 513 consilium
848 469 955 529 quid
973 485 1112 528 agam,
1139 473 1218 516 nisi
1242 489 1336 518 mea
1354 489 1429 534 po-

8 541 16 600 ¹.
35 535 120 580 tius
137 534 390 581 defensione
407 536 604 596 neglecta
626 553 715 582 rem
734 547 903 583 teneam
921 574 931 594 ‚
957 539 1013 584 de
1035 556 1121 600 qua
1139 542 1430 589 intentionem

5 600 13 645 ζ’
35 621 178 652 meam
199 606 344 652 nullus
367 623 489 652 meus
508 608 758 654 criminator
773 610 991 654 excutiat?
1014 614 1200 656 Domum
1219 614 1295 656 Dei
1314 615 1398 658 mei
1416 651 1427 670 ‚

4 689 15 693 ··
35 679 158 737 cujus
176 677 378 722 decorem
400 677 552 735 dilexi,
578 680 799 738 praeconio
819 681 1042 725 servientis
1063 682 1179 726 vocis
1200 683 1404 728 extollam
1417 719 1428 739 ‚

36 761 107 791 me
128 762 229 792 vero
260 748 505 793 humiliabo
529 757 572 793 et
596 749 809 809 abjiciam.
841 749 965 809 Elegi
993 751 1109 794 enim
1131 751 1325 811 adjectus
1342 769 1432 798 esse

33 817 80 862 in
99 818 231 862 domo
255 819 331 862 Dei
359 819 444 862 mei
466 821 504 874 ¹,
530 819 665 878 magis
694 835 827 880 quam
848 820 1047 865 habitare
1075 822 1120 865 in
1142 822 1434 869 tabernaculis

5 883 15 953 f
33 886 354 933 haereticorum.
381 893 419 933 A
443 897 486 932 te
507 903 633 946 ergo,
659 890 892 945 Petiliane,
926 905 1168 936 sermonem
1199 907 1435 953 parumper

5 935 15 1033 3
33 966 223 1002 avertam
241 978 252 1015 3
278 968 322 1003 et
343 958 398 1003 ad
416 974 488 1004 eos
509 968 762 1004 convertam
781 995 792 1015 ,
814 975 924 1020 quos
946 976 969 1005 a
992 976 1063 1005 me
1088 961 1328 1008 maledictis
1350 965 1435 1008 tuis

11 1043 76 1072 es
92 1038 271 1074 conatus
295 1038 489 1074 avertere
503 1064 514 1085 ‚
538 1031 663 1089 quasi
680 1030 764 1075 hoe
789 1045 871 1090 ego
893 1031 1064 1088 moliar,
1090 1041 1140 1076 ut
1161 1033 1359 1078 homines
1378 1034 1435 1079 ad

32 1113 102 1143 me
123 1108 434 1144 convertantur
448 1134 459 1155 ‚
485 1109 528 1143 et
550 1115 639 1144 non
661 1101 805 1159 potius
826 1116 999 1146 mecum
1018 1101 1074 1146 ad
1092 1105 1247 1147 Deum.

91 1171 176 1213 111.
202 1169 363 1214 Audite
379 1184 504 1228 ergo,
528 1170 796 1229 quicumque
818 1169 1045 1215 maledicta
1068 1171 1243 1229 legistis,
1268 1189 1368 1232 quae
1388 1173 1432 1217 in

31 1253 102 1282 me
122 1240 270 1285 iratior
292 1255 423 1300 quam
451 1240 764 1285 consideratior
797 1241 1032 1286 Petilianus
1061 1245 1269 1287 evomuit.
1308 1244 1433 1289 Prius

4 1316 12 1349 ἰ
30 1325 106 1355 vos
132 1311 377 1370 apostolicis
399 1310 541 1354 verbis
564 1309 790 1369 alloquar3
816 1326 916 1369 quae
933 1321 1073 1366 certe,
1100 1313 1433 1373 qualiscumque

9 1380 109 1440 ipsi
137 1380 216 1424 sim
236 1415 248 1436 ‚
272 1396 372 1426 vera
402 1389 518 1425 sunt.
552 1380 620 1425 Sic
642 1395 721 1425 nos
740 1380 954 1424 existimet
982 1382 1115 1427 homo
1137 1385 1260 1442 quasi
1277 1384 1432 1428 minis-

29 1459 117 1497 tros
138 1453 329 1507 Christi,
354 1461 397 1496 et
428 1452 745 1510 dispensatores
767 1453 1074 1510 mysteriorum
1104 1455 1195 1498 Dei.
1231 1456 1309 1499 Hic
1339 1457 1430 1514 Jam

8 1523 242 1597 quaeritur
277 1523 391 1567 inter
420 1522 737 1582 dispensatores
770 1531 820 1566 ut
853 1522 993 1566 fidelis
1030 1524 1124 1583 quis
1162 1524 1424 1569 inveniatur.

6 1598 53 1666 J«
76 1594 186 1638 Mihi
208 1602 353 1638 autem
376 1593 606 1637 minimum
629 1602 720 1648 est,
746 1602 796 1637 ut
817 1609 842 1637 a
864 1593 984 1638 vobis
1002 1593 1246 1653 dijudicer,
1273 1605 1348 1640 aut
1371 1596 1426 1639 ab

29 1681 51 1707 n
74 1664 269 1709 humano
290 1665 361 1708 die
388 1683 396 1708 :
422 1663 497 1708 sed
529 1678 672 1723 neque
698 1678 779 1722 ego
810 1679 880 1708 me
914 1665 1054 1723 ipsum
1071 1665 1237 1724 judico.
1267 1684 1287 1707 »
1327 1669 1427 1711 Jam

9 1733 146 1794 quod
170 1734 388 1794 sequitur,
415 1733 493 1778 etsi
521 1733 630 1777 mihi
656 1748 745 1778 non
768 1734 909 1778 audeo
931 1743 1155 1794 coaptare,
1181 1743 1231 1779 ut
1252 1735 1422 1781 dicam:

9 1822 51 1846 α
73 1804 191 1850 Nihil
223 1805 339 1849 enirn
368 1804 474 1848 mihi
503 1804 700 1849 conscius
731 1820 826 1849 sum
845 1808 862 1831 ²
886 1824 894 1850 :
923 1823 944 1847 »
982 1804 1170 1850 fidenter
1198 1815 1346 1851 tamen
1378 1808 1424 1851 in

25 1883 260 1934 conspectu
292 1875 370 1919 Dei
397 1873 496 1918 dico
528 1893 537 1918 ι
575 1892 592 1914 «
621 1873 739 1919 Nihil
771 1890 923 1920 eorum
942 1910 953 1930 ‚
994 1875 1154 1935 quibus
1184 1876 1421 1921 Petilianus

10 1962 49 1987 n
74 1954 245 2006 tempus
274 1946 374 1990 vitae
405 1960 512 1989 meae
544 1954 693 2004 postea
726 1961 858 2004 quam
891 1946 937 1988 in
970 1946 1144 1990 Christo
1176 1946 1420 2005 baptizatus

9 2033 48 2058 ιο
74 2031 171 2060 sum
190 2051 200 2071 ,
225 2016 478 2060 criminatus
495 2024 574 2069 est,
601 2015 707 2059 mihi
732 2015 931 2059 conscius
953 2029 1050 2058 sum
1073 2035 1083 2071 3
1108 2030 1189 2059 nec
1208 2025 1355 2060 tamen
1371 2017 1418 2061 in

8 2102 48 2131 2»
71 2087 156 2130 hoc
171 2087 434 2146 justificatus
456 2101 551 2130 sum
572 2105 581 2129 2
602 2085 677 2145 qui
698 2094 842 2129 autem
867 2084 1074 2144 dijudicat
1097 2100 1183 2139 me,
1208 2088 1418 2131 Dominus

7 2173 47 2199 »
74 2165 153 2200 est.
179 2158 332 2216 Itaque
353 2155 487 2200 nolite
508 2163 608 2199 ante
632 2163 802 2214 tempus
819 2153 1060 2214 quidquam
1073 2155 1269 2214 judicare
1284 2191 1295 2211 ,
1333 2157 1418 2201 do·-

10 2242 49 2269 ι»
73 2241 153 2270 nec
178 2226 323 2271 veniat
350 2226 555 2270 Dominus
574 2259 584 2278 ,
616 2232 658 2268 ct
681 2223 898 2268 illuminet
929 2224 1181 2269 abscondita
1211 2227 1416 2271 tenebra-

26 2313 49 2338 ι»
73 2312 170 2342 rum
186 2332 196 2352 ‚
225 2306 268 2342 et
296 2296 587 2341 manifestabit
619 2296 902 2354 cogitationes
931 2295 1071 2340 cordis
1087 2331 1098 2350 ‚
1129 2305 1172 2339 et
1193 2305 1299 2340 tunc
1321 2297 1416 2341 laus

25 2383 47 2410 »
71 2369 152 2412 erit
175 2368 411 2426 unicuique
434 2383 456 2411 a
478 2370 582 2411 Deo.
605 2369 709 2411 Haec
726 2375 887 2421 autem,
914 2366 1083 2421 fratres,
1114 2369 1416 2425 transfiguravi

25 2455 48 2481 ιο
71 2439 117 2482 in
140 2454 210 2482 me
228 2474 238 2494 ‚
275 2454 330 2482 ne
352 2454 478 2498 supra
502 2453 633 2497 quam
665 2438 875 2496 scriptum
898 2447 962 2482 est
979 2473 990 2491 ‚
1025 2453 1137 2481 unus
1172 2453 1250 2495 pro
1278 2439 1415 2491 altero

26 2525 48 2553 ι
70 2509 247 2554 infletur
271 2509 472 2554 adversus
493 2507 692 2553 alterum.
722 2512 875 2568 Itaque
898 2523 1026 2552 nemo
1050 2507 1256 2565 glorietur
1275 2509 1320 2553 in
1340 2511 1414 2555 ho-
1466 2530 1469 2531 ⁷

73 2600 82 2614 ¹
103 2595 186 2626 Psai.
208 2603 336 2633 unm,
360 2604 409 2625 ιι.
432 2609 469 2616 —-
489 2598 500 2614 ²
524 2603 536 2624 1
559 2596 632 2626 Cor.
653 2603 696 2633 iv,
720 2603 747 2624 ι.

185 2657 373 2688 cxxxix.
1202 2648 1248 2685 10
