1825 3264
286 262 448 294 comm
479 265 746 294 cuscomtnvr
779 267 1068 306 DONATISTAM,
1104 269 1186 296 mn.
1223 270 1253 295 1.
1379 259 1461 296 327

80 329 156 376 sed
179 338 228 374 ut
247 330 332 374 hoe
354 344 624 389 consequens
646 344 746 373 cum
766 327 923 374 falsum
940 346 1029 374 esse
1050 332 1323 389 cognoveris,
1343 342 1393 376 ut
1413 334 1467 377 ab

79 403 162 446 hoc
189 410 231 445 te
252 400 424 455 liberes,
448 399 559 444 illud
581 399 701 460 quod
723 400 954 459 praecedit,
980 402 1198 446 emendes.
1225 401 1349 455 Quid·
1365 419 1468 462 ergo

77 471 287 532 praecedit
307 472 326 513 ἳ
350 486 403 515 ex
416 470 540 516 vobis
561 484 713 515 omnes
732 470 808 530 qui
829 470 995 515 habent
1011 471 1178 516 bonum
1202 472 1468 532 baptismum

77 542 214 587 bonos
236 555 328 586 esse
354 561 367 599 3
390 541 512 602 quod
534 549 597 585 est
615 539 773 585 falsum
794 538 985 585 evidens.
1008 540 1122 595 Quid
1148 543 1430 603 consequitur
1458 563 1468 589 :

76 615 220 657 Bonos
235 612 367 656 fuisse
388 611 550 656 scilieet
569 609 666 656 illos
689 610 767 672 qui
787 611 1018 656 schismata
1041 611 1259 658 faciebant
1279 648 1290 669 ,
1315 612 1467 658 dicen-

76 691 140 727 tes
152 700 160 727 :
171 700 192 724 «
203 684 298 741 Ego
315 681 494 741 quidem
509 695 607 727 sum
621 680 763 736 Pauli,
775 696 855 740 ego
869 691 1014 727 autem
1031 684 1210 742 Cephae,
1227 699 1309 743 ego
1326 693 1473 729 autem

75 770 97 795 η
111 752 286 797 Christi.
302 753 421 804 Quos
435 765 621 809 arguens
638 751 872 811 Apostolus
888 752 969 797 ait:
986 753 1154 798 Divisus
1170 762 1234 798 est
1255 754 1473 799 Christus?

78 819 340 881 »Numquid
356 819 519 865 Paulus
542 836 621 881 pro
637 821 761 866 vobis
774 822 1003 866 crucifixus
1025 831 1103 877 est,
1129 831 1206 867 aut
1226 823 1271 867 in
1293 824 1471 868 nomine

76 909 98 934 ιι
114 890 238 936 Pauli
260 891 466 951 baptizati
485 891 586 936 estis
610 894 622 917 ¹
652 893 671 936 P
697 909 718 933 »
746 891 831 937 Sed
856 891 1015 936 falsum
1039 900 1104 936 est
1123 891 1246 952 quod
1267 892 1336 936 isti
1367 892 1474 937 boni

74 971 213 1018 erant,
228 963 419 1022 exceptis
430 963 490 1007 eis
507 963 584 1023 qui
604 962 807 1008 dicebant
838 982 883 1008 z«
900 966 994 1022 Ego
1015 971 1161 1007 autem
1184 963 1368 1008 Christi:
1385 981 1405 1004 »
1430 972 1474 1008 et

72 1043 220 1078 tamen
242 1034 446 1094 baptizati
469 1042 592 1078 erant
609 1043 760 1079 sancto
775 1034 990 1093 baptismo
1009 1035 1187 1080 Christi.
1209 1037 1303 1079 Hoc
1325 1035 1474 1095 itaque

73 1103 231 1149 falsum
248 1120 383 1165 quare
400 1114 599 1150 secutum
617 1113 681 1149 est
701 1107 719 1147 ἰ)
742 1105 854 1158 Quia
876 1103 1036 1149 falsum
1058 1105 1294 1164 praecessit,
1323 1119 1474 1149 omnes

73 1177 284 1221 habentes
312 1177 480 1221 bonum
515 1176 781 1235 baptismum
804 1177 942 1220 bonos
964 1191 1067 1220 esse.
1098 1178 1344 1236 Utrumque
1361 1190 1471 1234 ergo

74 1255 317 1307 respuatur,
339 1255 525 1307 utraque
547 1247 760 1291 sententia
777 1247 1019 1305 corrigatur
1044 1265 1052 1291 :
1075 1255 1126 1290 ut
1143 1246 1352 1306 quoniam
1375 1261 1472 1291 ma-

73 1317 281 1362 nifestum
313 1326 402 1372 est,
436 1318 538 1362 istos
575 1318 651 1377 qui
687 1317 917 1362 schismata
954 1316 1173 1362 faciebant
1210 1318 1348 1362 bonos
1381 1332 1472 1361 non

72 1387 219 1444 fuisse,
245 1396 289 1432 et
311 1397 458 1432 tamen
489 1389 608 1433 bono
640 1388 859 1447 baptismo
885 1388 1126 1447 baptizatos
1158 1386 1322 1445 fuisse,
1359 1385 1471 1430 illud

73 1460 203 1504 etiam
225 1459 507 1504 manifestum
529 1461 598 1515 sit,
615 1474 706 1503 non
729 1473 879 1503 omnes
902 1459 978 1519 qui
996 1459 1163 1504 bonum
1189 1457 1351 1501 habent
1372 1457 1474 1516 bap-

72 1530 247 1573 tismum
275 1530 413 1574 bonos
449 1544 552 1573 esse.
580 1532 641 1573 Ac
669 1543 746 1588 per
769 1529 853 1573 hoc
882 1544 972 1573 non
993 1529 1092 1573 ideo
1119 1537 1318 1572 tenemur
1344 1535 1395 1571 ut
1426 1527 1472 1571 in

72 1609 194 1660 parte
213 1601 368 1644 Donati
385 1599 696 1659 baptizandum
715 1614 804 1644 esse
819 1599 1010 1660 aliquem
1034 1597 1340 1653 concedamus,
1367 1599 1471 1658 quia

71 1679 114 1715 et
136 1679 305 1729 partem
327 1671 510 1726 Donati,
536 1686 669 1730 quam
690 1671 850 1715 malam
872 1669 1056 1716 dicimus
1071 1706 1082 1727 ,
1103 1671 1271 1715 bonum
1294 1669 1457 1730 baptis-

74 1756 195 1785 mum
211 1740 374 1785 habere
396 1740 691 1785 concedimus.

130 1815 343 1858 XXXIII.
381 1816 547 1857 Rursus
575 1821 626 1857 ut
647 1828 700 1856 ex
721 1827 771 1856 ea
792 1812 1076 1856 consensione
1105 1826 1175 1855 me
1196 1810 1251 1855 ad
1276 1810 1320 1855 id
1343 1810 1465 1871 quod

72 1898 162 1928 non
194 1883 418 1928 consentio
443 1883 683 1937 detineres,
708 1882 888 1941 posuisti
920 1882 1129 1941 scriptum
1149 1895 1237 1925 esse
1265 1899 1274 1926 :
1306 1899 1326 1922 «
1349 1883 1470 1925 Unus

76 1970 97 1994 »
124 1956 254 2007 Deus,
278 1969 365 1997 una
383 1953 512 2008 fides,
529 1968 666 1997 unum
683 1952 911 2011 baptisma,
928 1967 1014 1996 una
1029 1952 1280 2010 incorrupta
1305 1960 1348 1995 et
1367 1966 1469 1995 vera

77 2042 96 2064 »
122 2023 334 2068 catholica
355 2023 618 2068 Ecclesia2.»
633 2028 738 2077 Quae
753 2023 898 2067 omnia
915 2022 1128 2076 concedo,
1147 2022 1226 2066 etsi
1244 2020 1469 2081 aliquanto

76 2094 200 2139 aliter
230 2095 386 2155 scripta
415 2105 531 2140 sunt.
567 2095 653 2140 Sed
675 2094 781 2155 quid
813 2093 867 2139 ad
891 2109 981 2138 rem
999 2129 1009 2149 ,
1036 2109 1137 2138 cum
1166 2093 1333 2147 omnia,
1360 2092 1468 2137 sicut

73 2165 177 2218 dixi,
201 2166 281 2210 ista
297 2167 535 2211 concedam
557 2167 575 2210 P
598 2168 762 2210 Verum
785 2165 905 2226 quod
927 2180 978 2209 ex
999 2165 1064 2209 his
1081 2164 1248 2209 conaris
1271 2164 1465 2219 efficere,

73 2250 163 2280 non
192 2237 401 2292 efficitur,
436 2236 640 2281 videlicet
666 2246 716 2281 ut
740 2236 815 2296 qui
844 2251 933 2281 non
955 2244 1057 2280 sunt
1078 2235 1123 2280 in
1152 2250 1240 2279 una
1278 2234 1467 2279 Ecclesia

74 2321 163 2351 non
181 2308 346 2366 possint
367 2307 528 2351 habere
549 2322 690 2351 unum
711 2307 976 2367 baptismum
1004 2325 1013 2351 z
1040 2305 1161 2366 quod
1184 2306 1362 2351 omnino
1382 2303 1467 2348 fal-

74 2377 285 2422 sissimum
315 2386 392 2421 est.
420 2379 490 2421 ·'Et
516 2376 698 2431 melius,
730 2378 832 2436 quia
866 2386 909 2421 et
941 2377 1031 2435 ipse
1067 2376 1248 2435 posuisti
1280 2373 1397 2418 unde
1427 2381 1467 2418 te

75 2447 232 2507 possim
255 2461 594 2491 commemorare
616 2446 737 2506 quod
758 2447 875 2491 volo.
900 2449 1028 2491 Certe
1051 2447 1166 2489 enim
1200 2446 1277 2490 ista
1304 2459 1466 2504 propo—

74 2517 195 2562 suisti
215 2516 261 2560 in
282 2516 632 2561 concessionibus
662 2517 768 2561 meis
787 2551 798 2570 ,
826 2531 876 2561 ex
898 2516 1057 2575 quibus
1087 2530 1167 2560 me
1190 2514 1380 2560 adducas
1411 2513 1466 2558 ad

125 2607 133 2624 ¹
162 2612 172 2633 1
196 2602 267 2634 Cor.
294 2611 317 2642 1,
340 2609 446 2634 12.—
461 2607 473 2623 ²
494 2600 676 2643 Ephes,1v‚
696 2600 728 2632 5.
