1825 3264
299 244 462 275 CONTRA
496 244 696 276 Li'r‘rssnAs
729 247 963 287 PETILIANI,
999 250 1081 277 Lm.
1118 251 1183 277 111.
1370 240 1450 279 153

66 329 146 359 nec
168 327 361 374 unquam
385 313 468 358 hoc
490 313 667 358 audistis
690 329 714 358 a
735 313 875 358 nobiS.
905 315 1053 359 Securi
1075 331 1179 375 ergo
1201 316 1315 372 estis,
1340 331 1452 377 qua-

65 385 316 444 lescumque
337 399 414 428 nos
435 384 566 428 simus
583 419 593 439 ,
614 385 689 444 qui
716 384 858 428 dicere
881 383 1114 443 didicistis,
1146 405 1165 428 «
1194 389 1243 431 In
1267 387 1452 432 Domino

70 475 88 498 »
112 470 287 514 sperans
321 470 410 499 non
432 455 674 499 movebor²
700 474 708 500 :
738 473 757 496 >t
784 464 850 510 et,
879 473 899 497 «
926 457 976 499 In
1016 459 1106 500 Deo
1128 458 1308 515 sperabo
1327 493 1338 512 ,
1364 473 1453 503 non

67 543 87 568 »
114 526 276 570 timebo
299 525 405 585 quid
428 526 556 570 faciat
579 526 683 570 mihi
706 527 837 570 homo
852 528 883 570 ¹.
907 544 927 567 »
949 528 1004 570 Et
1027 526 1085 570 eis
1102 528 1177 586 qui
1199 543 1274 572 vos
1297 528 1351 572 ad
1371 529 1453 573 ho-

63 597 231 641 minum
249 597 537 657 superborum
560 606 749 641 terrenas
771 596 1022 641 altitudines
1044 597 1250 642 seducere
1273 599 1451 643 noliun-

64 674 152 720 tur,
179 667 439 726 respondere
466 667 599 712 nostis
626 687 634 713 :
665 687 684 710 «
720 670 770 711 In
795 667 980 712 Domino
1004 668 1204 723 confido,
1229 669 1452 728 quomodo

65 753 87 777 »
112 735 254 781 dicitis
277 738 434 782 animae
464 752 570 782 meae
603 757 611 784 :
647 740 917 797 Transmigra
936 738 982 783 in
1005 748 1200 784 montem
1221 739 1332 784 sicut
1355 755 1453 800 pas-

66 823 86 847 »
113 821 180 851 ser
197 809 227 850 ³.
257 825 277 848 »

121 879 198 922 IX.
233 880 322 923 Nec
344 887 515 923 tantum
536 894 628 934 vos,
654 879 814 940 quibus
831 880 876 923 in
898 879 1022 924 nobis
1045 879 1136 939 ipsa
1153 880 1314 925 Christi
1336 881 1447 924 veri-

61 956 125 993 tas
146 948 304 1008 placet,
325 960 734 1011 quantumcumque
749 967 830 1011 per
844 966 922 996 nos
940 960 982 995 et
1004 951 1279 1012 ubicumque
1293 951 1455 1011 praedi-

62 1028 200 1075 catur,
220 1030 262 1064 et
278 1022 379 1081 quia
402 1037 496 1066 eam
514 1022 922 1082 quantulocumque
944 1031 1103 1066 nostrae
1120 1021 1282 1081 linguae
1305 1023 1455 1066 minis-

64 1089 171 1134 terio
193 1090 380 1134 libenter
408 1092 589 1146 auditis,
631 1093 759 1136 etiam
789 1092 844 1135 de
879 1092 1005 1136 nobis
1035 1093 1148 1136 bene
1176 1093 1454 1151 benigneque

62 1161 243 1214 sentitis,
266 1165 405 1206 securi
421 1162 538 1216 estis,
558 1162 900 1222 qualescumque
923 1178 1001 1207 nos
1019 1163 1175 1221 simus,
1195 1163 1296 1223 quia
1314 1163 1359 1206 in
1378 1162 1454 1207 illo

9 1242 11 1247 ·
61 1244 156 1288 spes
177 1240 317 1275 vestra
339 1241 425 1286 est,
451 1247 581 1292 quem
606 1232 728 1276 vobis
751 1248 801 1275 ex
822 1232 938 1276 illius
960 1248 1090 1292 super
1112 1248 1187 1277 vos
1211 1233 1454 1277 misericor-

60 1298 130 1344 dia
154 1300 440 1359 praedicamus
459 1321 466 1346 :
492 1317 644 1347 verum
667 1303 797 1346 etiam
820 1304 1089 1363 quicumque
1112 1313 1258 1347 nostra
1277 1303 1454 1363 dispen-

59 1371 223 1414 satione
251 1372 380 1415 etiam
419 1381 736 1416 sacramentum
765 1373 901 1416 sancti
936 1373 1141 1432 baptismi
1177 1374 1450 1432 percepistis,

60 1439 209 1484 eadem
233 1442 463 1486 securitate
486 1441 694 1500 gaudete,
721 1443 926 1502 quoniam
949 1458 1038 1487 non
1060 1443 1105 1486 in
1127 1442 1253 1486 nobis
1272 1477 1282 1497 ,
1309 1442 1385 1487 sed
1408 1444 1452 1487 in

58 1511 231 1556 Christo
255 1513 458 1572 baptizati
485 1514 597 1557 estis.
624 1515 721 1558 Non
743 1513 892 1573 itaque
916 1529 1018 1568 nos,
1043 1511 1118 1557 sed
1140 1513 1362 1558 Christum
1385 1514 1454 1557 in-

58 1580 232 1640 duistis3
249 1598 329 1627 nec
346 1598 422 1627 vos
447 1583 724 1641 interrogavi,
744 1592 892 1627 utrum
909 1583 964 1628 ad
980 1599 1049 1627 me
1070 1584 1449 1640 converteremini,

0 1677 2 1691 ·
57 1652 132 1696 sed
154 1654 209 1697 ad
239 1657 378 1698 Deum
401 1654 580 1712 vivum,
605 1669 684 1698 nec
709 1663 854 1698 utrum
878 1656 923 1698 in
947 1669 1016 1699 me
1049 1654 1342 1709 credideritis,
1376 1653 1452 1699 sed

59 1721 103 1766 in
123 1725 294 1767 Patrem
318 1732 361 1768 et
384 1723 545 1768 Filium
568 1734 611 1768 et
635 1725 843 1784 Spiritum
862 1734 1074 1769 sanctum.
1103 1725 1232 1779 Quod
1252 1725 1286 1769 si
1309 1726 1451 1769 veraci

57 1794 201 1839 animo
223 1796 524 1855 respondistis,
549 1796 688 1841 salvos
711 1811 786 1840 vos
819 1796 937 1851 fecit,
961 1812 1050 1840 non
1072 1798 1210 1841 carnis
1233 1796 1449 1856 depositio

57 1864 265 1920 sordium,
286 1865 361 1910 sed
381 1866 657 1910 conscientiae
680 1867 808 1911 bonae
829 1867 1112 1927 interrogatio
1136 1887 1144 1912 :
1164 1883 1253 1912 non
1273 1883 1450 1912 conser-

0 1948 9 1978 ·.
55 1950 155 1990 vus,
182 1936 259 1980 sed
281 1938 515 1994 Dominus,
553 1953 640 1981 non
663 1953 832 1997 praeco,
866 1938 941 1983 sed
971 1939 1124 1998 judex.
1158 1942 1310 1998 Neque
1334 1939 1449 1982 enim

54 2020 178 2059 vere,
212 2007 323 2050 sicut
346 2007 580 2051 Petilianus
609 2009 920 2052 inconsiderate
950 2008 1060 2052 dixit
1087 2028 1095 2052 :
1127 2027 1147 2051 «
1172 2009 1448 2054 Conscientia

52 2073 210 2129 dantis,
230 2093 249 2116 »
268 2075 338 2119 vel
360 2076 478 2135 quod
500 2076 683 2131 addidit,
706 2097 725 2118 «
746 2079 1021 2122 Conscientia
1038 2088 1183 2123 sancte
1207 2079 1351 2123 dantis
1378 2088 1446 2123 at-

51 2145 262 2199 tenditur,
288 2162 387 2206 quae
409 2146 558 2191 abluat
580 2149 843 2207 accipientis.
874 2167 892 2190 »
918 2151 1031 2193 Cum
1054 2150 1170 2193 enim
1193 2150 1276 2194 hoc
1318 2150 1449 2194 datur

54 2216 175 2275 quod
198 2217 274 2259 Dei
300 2225 386 2271 est,
411 2226 610 2261 sanctum
635 2218 708 2262 dat
731 2219 857 2262 etiam
882 2234 971 2263 non
998 2229 1144 2264 sancta
1166 2220 1445 2264 conscientia.

0 2304 3 2318 ·
55 2287 163 2338 Quae
185 2295 302 2330 certe
324 2288 412 2331 sive
445 2288 498 2332 sit
519 2298 663 2333 sancta
679 2324 689 2343 ‚
716 2289 803 2333 sive
827 2305 914 2334 non
939 2300 1109 2346 sancta,
1136 2291 1190 2335 ab
1213 2291 1449 2350 accipiente

55 2354 210 2415 inspici
226 2373 314 2401 non
329 2367 471 2415 potest
485 2379 496 2415 3
510 2359 585 2402 sed
603 2359 730 2418 plane
748 2359 859 2404 illud
874 2361 993 2421 quod
1011 2362 1140 2406 datur
1155 2370 1311 2420 potest,
1328 2361 1448 2420 quod

53 2426 278 2482 cognitum
302 2427 338 2470 ei
360 2428 435 2485 qui
458 2443 627 2487 semper
648 2438 712 2473 est
745 2440 934 2482 sanctus,
960 2446 1036 2490 per
1057 2430 1339 2490 qualemlibet
1362 2431 1446 2474 mi-

54 2495 238 2538 nistrum
260 2496 511 2555 accipiatur,
532 2498 800 2543 securissime
819 2500 1042 2559 accipitur.
1061 2500 1148 2545 Nisi
1167 2500 1282 2544 enim
1301 2509 1445 2544 sancta

102 2586 110 2602 ¹
134 2579 213 2611 Psal.
234 2591 306 2622 xxv,
328 2593 354 2614 1.
375 2598 414 2604 --
433 2589 444 2604 ²
466 2583 510 2614 m.
532 2593 584 2619 ιν,
617 2594 666 2615 11.
683 2600 722 2607 -
741 2582 753 2607 3
770 2585 814 2616 ld.
843 2595 873 2622 x,
894 2593 924 2618 2.
