1825 3264
508 274 562 302 ΒΕ
593 270 780 303 uni-run
814 274 1028 302 EceLEsrffi.
1377 258 1461 299 287

75 341 274 403 »justitia
302 349 443 386 vestra
471 355 601 400 super
636 340 884 386 Scribarum
912 349 955 384 et
990 338 1337 391 Pharisaeorum,
1373 349 1463 381 non

75 412 333 458 »intrabitis
357 412 404 456 in
432 427 615 472 regnum
643 411 856 457 coelorum
890 413 904 437 ¹
932 430 940 455 :
978 429 1000 452 »
1032 419 1082 454 ut
1106 425 1197 455 non
1226 408 1466 469 baptismus

72 483 211 539 solus,
236 482 310 529 sed
334 483 463 528 etiam
482 484 648 544 justitia
670 481 882 544 perducat
904 481 958 526 ad
981 497 1165 542 regnum
1187 503 1198 539 3
1220 482 1291 526 cui
1320 489 1467 525 autem

71 553 143 599 vel
162 563 415 614 utrumque,
433 554 502 599 vel
519 569 656 598 unum
678 552 883 608 defuerit,
902 552 1005 596 illuc
1027 552 1250 612 pervenire
1264 567 1350 596 non
1373 566 1470 610 pos-

73 625 142 671 sit.
168 628 446 686 Quapropter
461 640 561 670 cum
575 625 744 670 dicatur
758 624 986 678 haereticis,
1005 626 1028 668 J
1035 624 1179 668 ustitia
1192 623 1315 668 vobis
1330 623 1465 677 deest,

73 713 206 758 quam
219 698 311 742 sine
327 698 537 743 charitate
556 713 604 742 ac
621 696 800 743 vinculo
818 696 934 756 pacis
952 695 1112 739 habere
1131 694 1279 739 nullus
1298 702 1439 754 potest
1457 712 1467 737 ε

73 783 262 829 cumque
283 779 327 814 et
357 770 438 829 ipsi
463 768 706 824 fateantur,
730 767 892 814 multos
918 767 1184 827 baptismum
1212 766 1400 820 habere,
1429 772 1472 808 et

66 839 279 900 justitiam
301 855 391 885 non
413 840 576 885 habere
596 875 607 895 ‚
633 841 711 884 etsi
746 855 835 884 non
865 838 1107 892 fateantur,
1133 852 1205 882 eos
1239 838 1473 881 convincat

75 910 295 970 Scriptura
320 910 489 956 divina:
511 912 645 955 miror
657 909 883 970 quomodo
895 917 1068 968 putent,
1085 923 1187 952 cum
1204 922 1276 952 eos
1301 905 1474 950 haben-

74 989 137 1026 tes
162 997 252 1026 non
273 997 425 1037 suum,
463 983 539 1026 sed
569 982 728 1028 Christi
760 981 1025 1041 baptismum
1043 1015 1053 1034 ,
1079 980 1238 1023 iterum
1266 976 1474 1022 nolumus

75 1051 308 1111 baptizare,
333 1052 391 1096 ita
410 1067 488 1096 nos
508 1067 657 1111 agere,
684 1067 733 1096 ac
754 1052 788 1096 si
811 1051 871 1095 eis
888 1052 976 1111 jam
999 1050 1109 1094 nihil
1134 1050 1283 1093 deesse
1299 1047 1474 1109 judice-

73 1137 170 1166 mus
187 1144 198 1180 3
217 1132 260 1168 et
277 1123 378 1183 quia
398 1123 635 1182 baptismus
655 1124 714 1167 eis
732 1124 777 1167 in
791 1121 1017 1168 Catholica
1040 1137 1129 1166 non
1150 1119 1281 1165 datur
1305 1155 1316 1175 ,
1342 1133 1475 1179 quem

74 1193 236 1237 habere
270 1193 582 1249 inveniuntur,
616 1193 725 1238 nihil
757 1209 801 1238 se
832 1192 921 1237 illic
953 1193 1147 1251 accipere
1175 1191 1442 1235 arbitrentur
1462 1223 1472 1243 ,

75 1265 152 1309 ubi
169 1265 252 1309 hoc
275 1264 621 1324 accipiunt,sine
641 1281 731 1325 quo
746 1264 856 1308 illud
881 1264 999 1325 quod
1017 1263 1200 1318 habent,
1219 1263 1277 1306 eis
1300 1263 1354 1306 ad
1377 1275 1477 1320 per-

75 1335 233 1380 niciem
255 1335 414 1389 valeat,
434 1351 522 1379 non
541 1336 597 1379 ad
620 1335 956 1388 salutem.Quod
979 1335 1014 1379 si
1037 1333 1197 1379 nolunt
1214 1332 1474 1391 intelligere,

75 1406 237 1451 sufficit
258 1407 384 1451 nobis
401 1408 522 1466 quod
538 1422 631 1451 eam
653 1417 849 1452 tenemus
867 1406 1123 1460 Ecclesiam,
1149 1421 1248 1466 quae
1271 1403 1479 1448 manifes-

79 1477 250 1522 tissimis
263 1486 510 1522 sanctarum
535 1487 577 1522 et
595 1479 904 1523 canonicarum
930 1477 1254 1537 Scripturarum
1278 1474 1478 1520 testimo-

79 1548 162 1592 niis
183 1548 524 1593 demonstratur.

137 1622 301 1664 LXIII.
318 1620 442 1664 Dicat
462 1619 568 1663 mihi
587 1635 705 1664 nunc
726 1619 956 1663 haereticus
976 1638 984 1663 ε
1007 1615 1235 1671 Quomodo
1253 1631 1322 1659 me
1341 1615 1474 1659 susci-

78 1689 144 1749 pis
166 1692 184 1734 Ρ
204 1690 302 1735 Cito
319 1690 586 1750 respondeo:
610 1691 730 1736 Sicut
748 1690 927 1749 suscipit
950 1689 1159 1744 Ecclesia,
1186 1688 1257 1733 cui
1279 1687 1478 1732 Christus

79 1759 282 1820 perhibet
305 1761 615 1806 testimonium.
631 1760 856 1821 Numquid
872 1769 920 1805 tu
944 1760 1096 1804 melius
1114 1769 1237 1820 potes
1259 1774 1349 1803 esse
1372 1773 1478 1818 quo-

79 1830 212 1876 modo
227 1832 526 1892 suscipiendus
541 1833 612 1887 sis,
628 1848 760 1893 quam
781 1832 980 1880 Salvator
1000 1841 1147 1877 noster
1167 1830 1364 1875 medicus
1386 1828 1483 1873 vul-

82 1902 195 1947 neris
212 1903 308 1947 tui?
326 1903 406 1947 Hic
423 1901 536 1948 forte
556 1903 685 1948 dicis:
712 1906 827 1964 Lege
851 1903 957 1947 mihi
980 1918 1083 1963 ergo
1106 1900 1482 1964 quemadmodum

82 1972 278 2018 Christus
294 1974 452 2034 suscipi
465 1975 639 2034 jusserit
668 1989 740 2019 eos
758 2009 768 2029 ,
795 1975 871 2034 qui
893 1974 948 2018 ab
979 1973 1194 2018 haereticis
1221 1972 1405 2018 transire
1428 1969 1483 2015 ad

82 2043 320 2088 Ecclesiam
347 2043 520 2089 volunt.
552 2048 646 2089 Hoc
679 2054 826 2104 aperte
850 2054 981 2106 atque
1012 2045 1260 2099 evidenter,
1293 2058 1374 2087 nec
1400 2056 1482 2101 ego

83 2112 197 2172 lego,
220 2129 300 2159 nec
322 2123 386 2158 tu.
405 2115 448 2160 Si
471 2115 586 2158 enim
600 2115 830 2160 haereticus
841 2125 950 2160 esset
969 2118 1230 2171 Joannes,et
1243 2115 1288 2158 in
1308 2113 1484 2158 nomine

85 2185 224 2229 Patris
238 2194 281 2230 et
299 2184 395 2230 Filii
417 2195 461 2230 et
480 2187 663 2245 Spiritus
686 2188 822 2232 sancti
846 2188 1209 2247 baptizaret,post
1229 2187 1351 2247 cujus
1375 2184 1485 2244 bap-

85 2255 261 2300 tismum
288 2256 415 2316 jussit
447 2256 605 2301 Paulus
631 2258 830 2302 homines
856 2259 1064 2318 baptizari
1085 2261 1103 2284 ²
1138 2279 1149 2316 3
1187 2267 1235 2302 tu
1264 2255 1482 2301 obtineres

85 2326 206 2386 quod
232 2324 365 2381 dicis,
395 2326 455 2370 ita
480 2335 528 2371 ut
559 2336 711 2373 contra
743 2327 851 2389 quid
879 2329 1093 2383 dicerem,
1127 2344 1215 2373 non
1252 2326 1478 2371 haberem.

86 2399 252 2442 Rursus
273 2399 307 2442 si
324 2400 477 2442 Petrus
493 2397 539 2442 in
560 2400 738 2443 nomine
751 2400 888 2444 Patris
907 2409 949 2444 et
967 2399 1065 2443 Filii
1085 2408 1127 2443 et
1151 2398 1331 2456 Spiritus
1347 2395 1484 2441 sancti

88 2469 147 2513 ab
170 2468 385 2514 haereticis
409 2469 650 2528 baptizatus
677 2468 852 2526 fuisset,
879 2471 950 2516 cui
973 2470 1184 2515 Dominus
1215 2469 1273 2514 ait
1309 2487 1318 2514 :
1355 2487 1376 2511 «
1401 2467 1487 2521 Qui

138 2582 150 2602 ¹
171 2577 285 2611 naith.
309 2589 358 2619 111,
390 2588 444 2612 πο.
461 2595 503 2601 -
519 2584 533 2601 ²
561 2579 678 2612 Confer
695 2578 812 2613 librum
835 2590 846 2613 ι
873 2584 985 2614 contra
1001 2579 1227 2621 Cresconium,
1255 2589 1329 2622 cap.
1362 2584 1490 2613 unet

91 2644 201 2668 xxxm-
