1825 3264
350 222 404 258 66
790 224 822 251 s.
860 224 1089 251 Λιουετιω
1123 223 1303 250 zmscom

345 296 555 339 malorum
580 293 829 345 hominum,
863 304 951 350 quo
989 289 1064 334 illa
1093 289 1162 333 vel
1194 289 1374 333 omnino
1406 301 1496 332 non
1517 287 1604 332 sint
1623 319 1634 341 ,
1660 285 1730 330 vel

348 366 488 408 minus
509 371 655 406 sancta
678 362 791 415 sint,
816 359 891 404 sed
912 360 1013 419 ipsis
1037 359 1157 403 malis
1177 358 1450 412 hominibus,
1472 366 1521 401 ut
1543 356 1733 401 habeant

346 436 399 479 ad
418 433 713 478 testimonium
728 430 1034 485 damnationis,
1052 446 1142 475 non
1158 429 1213 474 ad
1231 429 1495 489 adjutorium
1517 427 1728 471 sanitatis.

347 505 507 550 Saltem
519 505 681 564 quippe
702 504 790 562 ipsa
810 502 939 546 verba
962 501 1115 545 ultima
1136 499 1296 545 Psalmi
1315 500 1445 559 hujus
1461 497 1735 544 considerare

348 575 553 629 debuisti,
578 583 620 618 et
642 583 818 632 propter
837 588 909 617 eos
940 572 1015 632 qui
1046 572 1261 631 baptismo
1285 578 1464 629 accepto
1486 576 1735 628 apostatant

348 645 589 704 intelligere
605 678 616 699 ,
640 659 730 688 non
752 644 806 688 ab
830 643 1033 687 omnibus
1065 642 1142 702 qui
1165 650 1363 686 sanctum
1388 639 1600 699 baptisma
1623 637 1736 682 acci-

347 717 473 776 piunt
491 731 613 774 posse
635 715 721 759 dici
744 734 752 759 ι
777 733 796 756 «
817 717 871 758 Ut
893 713 1135 757 inhabitem
1157 713 1202 756 in
1224 712 1356 756 domo
1375 710 1546 755 Domini
1577 710 1624 753 in
1644 707 1739 753 lon·

354 805 372 827 »
409 786 652 845 gitudinem
674 786 844 830 dierum
865 788 877 810 ¹
906 804 914 829 :
944 803 963 824 n
990 793 1033 828 et
1054 793 1202 828 tamen
1238 782 1326 827 sive
1347 779 1707 841 permanentibus
1722 813 1734 835 ,

350 858 437 901 sive
450 856 593 916 lapsis,
615 871 717 900 cum
738 856 817 914 ipsi
840 871 928 899 non
955 855 1042 898 sint
1062 869 1219 908 unum,
1243 852 1485 912 baptismus
1499 865 1614 908 unus
1636 859 1700 894 est
1725 869 1737 907 3

349 937 508 972 etcum
531 927 612 985 ipsi
627 942 717 970 non
740 926 914 985 utrique
935 925 1071 969 sancti
1091 925 1193 979 sint,
1220 923 1462 982 baptismus
1478 922 1524 966 in
1541 921 1738 980 utrisque

349 1007 522 1042 sanctus
544 1006 605 1040 est
630 1016 637 1040 :
665 997 766 1055 quia
786 1006 830 1040 et
852 1004 1058 1054 apostatae
1079 995 1119 1055 si
1142 993 1353 1048 redeant,
1373 1008 1463 1037 non
1487 991 1610 1052 quasi
1639 1005 1741 1034 eum
1787 1048 1791 1053 .

352 1068 572 1111 amiserint
594 1067 886 1125 baptizantur,
906 1065 981 1109 sed
995 1064 1117 1124 quod
1131 1066 1175 1109 in
1189 1079 1233 1108 se
1251 1063 1524 1122 permanenti
1537 1061 1741 1122 injuriam

352 1138 536 1182 fecerint
558 1137 859 1180 humiliantur.

412 1209 528 1253 CXI.
552 1211 812 1252 Peuma-us
829 1206 937 1250 dixit
955 1225 962 1250 :
988 1209 1084 1250 «At
1104 1221 1160 1250 ne
1182 1220 1257 1250 vos
1277 1213 1449 1249 sanctos
1465 1218 1555 1248 esse
1572 1202 1742 1261 dicatis,

355 1278 542 1337 primum
563 1277 609 1321 id
629 1293 786 1332 assero,
813 1277 914 1337 quia
936 1277 1012 1336 qui
1034 1291 1124 1321 non
1152 1275 1286 1321 fuerit
1305 1276 1531 1330 innocens,
1552 1290 1642 1319 non
1664 1275 1745 1318 ha-.

357 1350 431 1393 bet
460 1351 745 1392 sanctitatem.
775 1367 794 1389 »

414 1421 552 1464 CXII.
585 1423 860 1465 Aususmws
886 1418 1107 1478 respondit
1133 1437 1142 1463 ;
1166 1416 1359 1463 Ostende
1392 1417 1518 1461 nobis
1552 1414 1747 1460 tribunal

358 1490 434 1533 ubi
469 1489 633 1546 sedisti,
657 1500 705 1534 ut
728 1500 827 1534 ante
857 1499 896 1534 te
925 1498 1057 1534 staret
1082 1489 1200 1534 orbis
1234 1498 1449 1533 terrarum
1486 1509 1497 1545 3
1520 1497 1565 1531 et
1587 1487 1747 1546 quibus

356 1560 516 1614 oculis,
543 1576 632 1604 non
654 1561 752 1605 dico
774 1561 1058 1605 conscientias
1080 1560 1280 1604 omnium
1295 1594 1305 1614 ,
1331 1558 1407 1603 sed
1428 1556 1498 1602 vel
1518 1566 1639 1602 actus
1656 1557 1747 1601 ins-

360 1631 511 1690 pexisti
533 1641 575 1674 et
593 1631 841 1686 discussisti,
868 1641 916 1675 ut
938 1646 1038 1675 euni
1062 1631 1300 1690 perdidisse
1317 1630 1612 1674 innocentiam
1628 1627 1750 1688 Judi-

362 1716 494 1745 cares.
523 1700 601 1744 llle
620 1702 694 1760 qui
723 1711 870 1761 raptus
892 1711 955 1745 est
976 1717 1112 1761 usque
1131 1702 1176 1745 in
1199 1702 1378 1745 tertium
1402 1700 1585 1755 coelum,
1608 1698 1713 1743 dicit
1736 1719 1748 1744 z

367 1790 385 1812 »
424 1770 508 1816 Sed
531 1786 673 1831 neque
693 1786 769 1829 ego
790 1787 857 1814 me
882 1772 1024 1830 ipsum
1046 1771 1238 1831 dijudico
1266 1791 1274 1815 ;
1301 1790 1321 1812 »
1347 1780 1391 1815 et
1411 1780 1456 1815 tu
1473 1770 1527 1814 de
1552 1770 1751 1814 universa

365 1852 493 1897 terra,
517 1857 602 1902 qua
624 1842 852 1886 haereditas
869 1843 1027 1887 Christi
1045 1842 1270 1896 dilatatur,
1290 1843 1424 1886 audes
1442 1840 1555 1885 ferre
1577 1850 1751 1885 senten·

367 1913 486 1956 tiam.
514 1912 678 1956 Deinde
695 1913 728 1956 si
747 1913 846 1956 satis
872 1912 1118 1956 absolutum
1138 1912 1217 1957 tibi,
1238 1911 1412 1956 videtur
1431 1910 1554 1971 quod
1573 1911 1718 1956 dixisti
1739 1929 1749 1956 z

372 2002 391 2023 u
402 1982 486 2035 Qui
498 1997 585 2026 non
600 1981 729 2026 fuerit
744 1982 967 2037 innocens,
983 1998 1070 2027 non
1092 1984 1223 2027 habet
1235 1983 1509 2027 sanctitatem
1520 1985 1535 2007 ²
1549 2001 1559 2027 z
1571 2003 1587 2023 ι)
1603 1996 1754 2042 quaero

367 2054 400 2096 si
442 2069 531 2096 non
562 2054 750 2097 habebat
789 2053 891 2098 Saiil
927 2054 1184 2098 sacramenti
1224 2054 1499 2098 sanctitatem
1519 2088 1531 2108 ,
1556 2052 1665 2112 quid
1706 2052 1753 2095 in

368 2138 419 2166 eo
448 2123 585 2167 David
607 2125 893 2168 venerabatur
915 2126 932 2165 ⁶?
957 2125 999 2168 Si
1032 2133 1175 2168 autem
1214 2124 1408 2168 habebat
1427 2124 1722 2168 innocentiam
1738 2156 1750 2176 ,

369 2207 503 2251 quare
544 2193 822 2237 innocentem
860 2194 1200 2253 persequebatur
1227 2195 1244 2235 ἱ)
1285 2196 1395 2239 Nam
1437 2208 1538 2237 euni
1575 2201 1754 2252 propter

370 2273 683 2308 sacrosanctam
702 2265 951 2308 unctionem
985 2274 1028 2308 et
1052 2265 1283 2309 honoravit
1303 2266 1468 2318 vivum,
1490 2273 1534 2308 et
1554 2262 1752 2308 vindica-

371 2343 432 2378 vit
450 2335 661 2379 occisum:
677 2344 721 2378 et
732 2336 832 2394 quia
847 2334 915 2378 vel
929 2334 1211 2394 panniculum
1233 2350 1284 2379 ex
1300 2336 1391 2395 ejus
1407 2344 1523 2380 veste
1535 2334 1751 2394 praecidit,

373 2419 574 2462 percusso
588 2404 719 2450 corde
734 2405 978 2464 trepidavit.
995 2408 1107 2450 Ecce
1126 2404 1229 2450 Saiil
1243 2421 1333 2450 non
1348 2405 1756 2450 habebatinnocen-

372 2475 490 2529 tiam,
512 2485 556 2519 et
573 2485 718 2520 tamen
736 2476 928 2520 habebat
947 2476 1234 2532 sanctitatem,
1265 2491 1355 2522 non
1371 2476 1471 2522 vitae
1487 2491 1594 2532 suae,
1616 2477 1634 2534 (
1652 2489 1754 2520 nam

421 2565 427 2581 ¹
451 2559 531 2592 Psal.
553 2568 641 2599 xxvi,
659 2560 691 2601 4.
711 2577 751 2584 -
770 2568 782 2584 ²
802 2572 813 2594 1
835 2563 909 2595 Cor.
932 2572 985 2603 iv,
1005 2562 1036 2594 3.
