1825 3264
289 245 450 275 CONTRA
483 243 684 274 LITTERAS
717 245 949 284 Parmam,
984 248 1068 274 Lm.
1105 248 1151 273 ιι.
1365 235 1420 274 79

40 320 84 356 et
101 312 279 366 coelum,
300 313 374 372 qui
393 320 442 356 ut
468 327 556 356 non
576 311 900 356 communicent
917 313 1128 356 universae
1146 320 1295 367 terrae,
1319 326 1420 358 con·

39 390 240 426 temnunt
260 383 391 427 verba
413 382 601 427 sedentis
622 382 671 426 in·
689 381 832 426 coelo?
850 383 959 427 Nam
978 383 1032 426 de
1053 391 1194 427 vestra
1216 397 1420 428 mansue·

39 453 208 508 tudine,
233 467 321 497 non
342 462 427 497 tuae
444 468 584 507 voces,
609 453 684 497 sed
707 451 1120 498 Circumcellionum
1134 452 1268 498 fustes
1282 453 1420 498 inter-

39 533 261 583 rogentur.
296 525 497 569 Dicturus
518 539 586 569 es:
611 523 728 578 Quid
754 524 809 568 ad
832 539 909 569 nos
928 524 1115 582 pertinet
1135 525 1154 566 P
1176 525 1307 576 Quasi
1343 540 1421 570 nos

38 594 118 639 ista
137 593 346 650 dicamus,
369 595 450 640 nisi
473 604 523 640 ut
543 596 627 640 hoc
650 595 979 655 respondeatis?
1003 594 1107 639 Ideo
1129 595 1246 638 enim
1270 594 1325 638 ad
1348 611 1422 641 vos

38 665 225 724 pertinet
236 666 419 710 schisma
438 675 645 720 vestrum,
668 666 768 726 quia
786 666 1000 725 pertinere
1020 664 1076 709 ad
1097 679 1173 709 vos
1195 674 1422 724 peccatum

37 749 127 780 non
147 735 278 780 vultis
300 735 490 780 alienum
519 755 528 781 :
554 751 633 781 nec
658 746 803 780 tamen
831 735 889 781 oh
917 735 1036 780 aliud
1057 750 1132 780 vos
1153 751 1178 779 a
1202 735 1326 780 nobis
1352 749 1424 779 se-

38 807 231 866 parastis,
252 808 333 851 nisi
355 809 462 852 dum
483 808 608 853 nobis
631 808 814 868 objicitis
835 808 1001 852 crimen
1021 807 1228 851 alienum.

94 877 265 922 CXLV.
296 878 557 924 Paruimus
579 877 712 923 dixit:
738 897 758 921 «
783 878 903 922 Beati
929 878 1006 937 qui
1022 877 1193 936 lugent,
1214 876 1423 936 quoniam

39 947 150 1007 »ipsi
161 948 519 995 consolabuntur.
536 953 648 996 »Vos
662 950 798 995 nostri
810 949 1033 994 carnifices
1048 947 1247 1006 lugentes
1260 946 1418 1002 facitis,

45 1033 135 1064 non
151 1017 321 1078 lugetis.
347 1037 367 1062 n

93 1091 288 1134 CXLVI.
327 1094 603 1137 Aucos‘rmus
624 1091 850 1150 respondit
869 1110 877 1135 :
898 1090 1180 1135 Considerate
1195 1088 1423 1148 paululum

35 1174 167 1219 quam
200 1160 363 1216 multis,
403 1171 446 1206 et
478 1170 696 1222 quantum
725 1161 900 1205 luctum
922 1160 1126 1204 dederint
1157 1163 1247 1204 Deo
1275 1159 1425 1203 laudes

37 1240 302 1276 armatorum
335 1242 593 1277 vestrorum.
622 1233 754 1275 Dicite
778 1233 958 1276 iterum:
993 1231 1108 1284 Quid
1144 1230 1199 1274 ad
1221 1245 1298 1274 nos
1330 1232 1427 1273 ?Et

37 1315 119 1361 ego
136 1302 298 1346 iterum
325 1302 466 1347 dicam
481 1338 491 1357 ,
519 1313 562 1347 et
590 1312 639 1346 tu
665 1302 786 1362 quod
807 1302 913 1345 dicis
933 1321 941 1345 :
965 1301 1081 1355 Quid
1101 1300 1154 1344 ad
1177 1316 1255 1344 nos
1278 1304 1295 1344 P
1319 1299 1426 1359 quid

39 1370 94 1416 ad
110 1372 263 1417 orbem
283 1382 494 1417 terrarum
518 1375 536 1416 Ρ
557 1373 666 1432 quid
690 1371 743 1416 ad
764 1387 835 1416 eos
857 1373 933 1431 qui
950 1371 1133 1415 laudant
1155 1385 1317 1414 nomen
1340 1374 1426 1414 Do-

39 1442 146 1486 mini
160 1458 183 1486 a
195 1442 295 1488 solis
308 1452 409 1488 ortu
423 1458 561 1503 usque
576 1442 632 1487 ad
645 1444 871 1487 occasum?
886 1441 995 1502 quid
1010 1441 1066 1486 ad
1077 1456 1252 1486 omnem
1268 1449 1426 1484 terram

38 1527 138 1573 quae
158 1522 305 1558 cantat
317 1514 538 1558 canticum
559 1528 722 1558 novum
741 1515 758 1554 ?
782 1512 890 1573 quid
911 1512 965 1556 ad
983 1527 1130 1556 semen
1153 1512 1356 1566 Abrahae,
1382 1511 1427 1554 in

38 1597 128 1643 quo
149 1584 469 1628 benedicuntur
489 1599 639 1628 omnes
661 1593 808 1642 gentes
829 1586 840 1610 ¹
866 1585 883 1625 ?
907 1586 1022 1641 Ergo
1043 1581 1143 1627 ideo
1165 1581 1219 1626 ad
1236 1597 1312 1626 vos
1333 1597 1428 1641 per-

39 1653 150 1698 tinet
176 1653 446 1713 sacrilegium
477 1654 742 1709 schismatis,
768 1654 871 1713 quia
902 1669 991 1698 non
1019 1654 1074 1697 ad
1103 1667 1178 1697 vos
1207 1652 1427 1711 pertinent

40 1722 153 1768 facta
187 1725 300 1769 mala
321 1735 563 1770 vestrorum
590 1745 599 1770 ε
633 1735 676 1769 et
702 1725 806 1769 hinc
833 1724 1071 1783 intelligitis
1093 1738 1174 1768 nec
1197 1722 1252 1767 ad
1272 1724 1426 1768 orbem

41 1802 251 1839 terrarum
274 1797 508 1855 pertinere,
542 1796 671 1840 etiam
703 1796 738 1840 si
760 1811 809 1840 ea
844 1795 1105 1854 probaretis,
1139 1794 1252 1839 facta
1274 1807 1426 1838 eorum

41 1874 217 1924 propter
245 1881 354 1926 quos
374 1867 477 1910 inde
493 1881 569 1911 vos
582 1866 822 1925 separastis.

98 1937 314 1982 CXLVII.
357 1941 617 1983 PETILIANUS
639 1937 748 1982 dixit
786 1957 794 1981 :
835 1957 855 1979 «
891 1938 1011 1981 Beati
1043 1937 1118 1995 qui
1149 1937 1347 1980 esuriunt
1382 1943 1426 1979 et

44 2023 66 2049 ιι
99 2006 489 2068 sitiuntjustitiam,
515 2009 723 2069 quoniam
746 2009 827 2067 ipsi
849 2008 1162 2052 saturabuntur
1184 2011 1216 2050 ².
1245 2024 1265 2047 n
1295 2005 1425 2050 Vobis

42 2077 310 2138 haecjustitia
328 2089 406 2133 cst,
428 2089 478 2124 ut
499 2089 694 2124 nostrum
709 2079 964 2137 sanguinem
983 2078 1147 2121 sitiatis.
1165 2096 1184 2117 »

100 2149 337 2193 CLXVIII.
363 2154 640 2194 AncusTmth
664 2147 887 2208 respondit
913 2167 920 2192 ;
948 2146 1063 2200 Quid
1093 2147 1171 2190 tibi
1193 2146 1350 2201 dicam,
1377 2155 1426 2190 tu

42 2218 189 2274 homo,
223 2220 302 2264 nisi
324 2221 426 2280 quia
448 2220 740 2265 calumniosus
772 2220 856 2264 es?
889 2218 1035 2264 Esurit
1063 2217 1244 2278 quidem
1278 2233 1352 2261 vos
1382 2225 1427 2260 et

41 2288 130 2333 sitit
148 2290 288 2334 unitas
309 2291 468 2336 Christi
495 2310 503 2335 :
532 2307 632 2351 quae
657 2291 820 2335 utinam
844 2305 922 2334 vos
942 2289 1171 2333 absorbeat
1197 2309 1208 2344 3
1233 2285 1426 2332 haeretici

43 2374 133 2404 non
157 2370 289 2406 eritis.

101 2432 298 2476 CXLIX.
312 2435 574 2476 Pau-,umus
586 2430 694 2475 dixit
705 2450 714 2475 :
724 2450 745 2474 «
762 2431 880 2476 Beati
892 2428 1204 2482 misericordes,
1216 2427 1422 2487 quoniam

47 2519 69 2544 η
102 2503 183 2562 ipsi
202 2500 540 2546 misericordiam
560 2510 896 2561 consequentur.
921 2519 941 2542 »
960 2502 1044 2544 Vos
1063 2498 1239 2559 quando
1257 2498 1424 2543 miseri-

99 2593 109 2609 ¹
128 2587 211 2621 Gen.
225 2597 307 2628 xxn,
325 2586 376 2620 18.
392 2602 432 2610 —·
448 2592 461 2609 ²
479 2585 600 2619 Matth.
614 2596 652 2627 v,
670 2585 703 2618 6.
