1825 3264
335 220 390 258 46
770 225 802 253 s.
840 225 1070 253 Aucus'nm
1103 224 1283 252 muscoi’i

333 298 521 339 Joannes
555 291 733 352 quidem
764 289 998 350 baptizavit
1032 304 1142 348 aqua
1163 322 1174 342 ,
1220 301 1295 331 vos
1333 293 1477 329 autem
1515 283 1721 342 baptizati

334 367 432 409 estis
472 363 632 423 Spiritu
672 371 835 416 sancto,
874 359 1052 421 quando
1092 359 1216 404 vobis
1255 357 1299 401 in
1336 355 1490 401 faciem
1524 354 1718 409 sufflavi,

334 444 376 478 et
404 433 608 493 deinceps
643 431 966 492 baptizabimini
999 431 1043 474 in
1074 431 1200 489 igne,
1226 443 1358 489 quem
1385 427 1603 486 accepturi
1625 426 1724 472 estis

333 520 423 549 non
446 513 542 562 post
565 502 725 548 multos
741 502 831 546 dies
853 503 930 546 hos
952 504 981 546 ¹:
1005 511 1053 545 ut
1075 500 1278 545 videlicet
1294 497 1619 557 complerentur
1640 505 1724 541 tres

333 573 395 617 illi
418 574 598 632 gradust
628 573 787 632 quibus
818 571 922 616 dieis
946 586 1083 615 unum
1115 570 1377 630 baptismum
1407 576 1723 612 consecratum.
1759 614 1766 619 ,

335 647 399 688 Ita
422 644 486 698 fit,
513 652 562 688 ut
584 644 728 688 adhuc
747 642 908 686 nescias
931 641 1037 702 quid
1059 640 1141 685 sibi
1167 639 1271 684 velit
1296 637 1416 698 quod
1439 636 1605 682 dictum
1635 644 1724 680 est:

338 733 358 755 α
394 716 488 773 Ipse
506 729 580 758 vos
600 713 788 773 baptizat
805 713 849 756 in
874 712 1035 771 Spiritu
1059 719 1208 756 sancto
1231 719 1274 754 et
1296 709 1384 768 igni
1406 712 1445 753 ²:
1469 726 1489 749 »
1506 717 1549 752 et
1566 716 1728 752 temere

334 783 438 829 velis
460 783 632 839 docere,
655 785 774 844 quod
797 784 949 828 nescis.

394 857 614 898 LXXVII.
651 857 912 898 Pmmmus
948 853 1056 897 dixit
1085 871 1093 897 :
1124 851 1248 896 «Sed
1282 860 1331 895 ut
1354 849 1481 910 plene
1503 848 1731 894 discutiam

338 925 598 985 baptismum
625 926 859 979 Trinitatis,
881 924 989 968 dixit
1013 923 1230 983 Apostolis
1251 923 1338 967 suis
1364 921 1573 966 Dominus
1588 919 1731 965 Chris-

338 1004 407 1039 tus
434 1015 442 1039 z
473 1015 489 1035 «
529 999 609 1050 lte,
638 996 849 1052 baptizate
875 1004 1025 1054 gentes
1060 994 1103 1036 in
1135 993 1311 1037 nomine
1342 991 1476 1036 Patris
1508 1000 1551 1035 et
1572 989 1671 1034 Filii
1688 998 1732 1034 et

341 1084 361 1106 »
401 1066 582 1124 Spiritus
603 1066 756 1120 sancti,
775 1064 982 1109 docentes
999 1079 1069 1107 eas
1087 1078 1255 1107 servare
1278 1063 1423 1107 omnia
1440 1075 1734 1122 quaecumque

340 1153 360 1175 »
398 1135 558 1180 mando
580 1136 702 1179 vobis
717 1137 747 1178 3.
766 1155 784 1175 »
810 1138 950 1188 Quem
975 1130 1127 1188 doces,
1150 1132 1358 1177 traditor?
1380 1147 1512 1192 quem
1536 1130 1695 1177 occidis
1714 1132 1732 1173 ⁶?

340 1208 561 1249 Postremo
584 1220 716 1266 quem
739 1205 867 1249 doces
884 1208 900 1247 ἶ)
919 1220 973 1248 an
990 1220 1118 1264 quem
1135 1204 1287 1247 feceris
1301 1202 1592 1247 homicidam?
1612 1205 1733 1256 Quo-

339 1273 470 1318 modo
492 1274 623 1332 igitur
642 1275 831 1331 baptizas
856 1274 901 1318 in
923 1274 1100 1317 nomine
1125 1273 1342 1317 Trinitatis
1364 1275 1569 1317 PPatrem
1594 1275 1732 1316 Deum

341 1343 483 1387 dicere
493 1355 726 1404 nonpotes.
738 1347 846 1388 Nam
860 1359 959 1388 cum
970 1344 1124 1388 dixerit
1140 1344 1570 1389 DominusChristus:
1581 1363 1600 1385 α
1612 1342 1734 1387 Beati

346 1432 364 1454 »
380 1414 560 1472 pacifici,
583 1415 684 1474 quia
703 1414 778 1457 filii
800 1415 872 1457 Dei
891 1414 1166 1458 vocabuntur
1181 1417 1195 1439 ⁴
1216 1434 1223 1459 :
1247 1433 1266 1456 »
1290 1424 1335 1459 tu
1349 1415 1422 1475 qui
1441 1430 1590 1474 pacem
1605 1413 1736 1458 animi

343 1500 431 1528 non
455 1485 603 1540 habes,
626 1489 765 1530 Deum
786 1501 875 1530 non
896 1486 1026 1529 habes
1051 1495 1231 1545 patrem.
1266 1486 1500 1539 Quomodo
1523 1495 1669 1530 autem
1693 1486 1738 1528 in

344 1555 518 1598 nomine
550 1556 646 1599 Filii
683 1556 895 1616 baptizas,
930 1557 1003 1616 qui
1032 1557 1163 1600 tradis
1187 1557 1346 1615 ipsum,
1370 1556 1446 1616 qui
1470 1556 1631 1600 Filium
1663 1555 1739 1600 Dei
1791 1589 1795 1592 -

344 1641 433 1670 non
456 1625 552 1669 ullis
577 1627 845 1685 passionibus
870 1642 949 1670 nec
972 1626 1172 1671 crucibus
1197 1627 1389 1672 imitaris.
1410 1626 1643 1680 Quomodo
1661 1642 1740 1670 au-

346 1705 431 1738 tem
465 1697 656 1755 baptizas
688 1697 734 1740 in
766 1697 942 1741 nomine
982 1697 1165 1756 Spiritus
1201 1698 1336 1741 sancti
1363 1719 1374 1754 3
1415 1712 1516 1741 cum
1554 1697 1740 1756 Spiritus

346 1775 518 1810 sanctus
546 1768 590 1810 in
611 1767 705 1812 illos
735 1767 965 1827 Apostolos
987 1769 1176 1823 venerit,
1202 1768 1278 1828 qui
1301 1784 1389 1813 non
1408 1767 1581 1812 fuerant
1603 1768 1738 1813 tradi-

347 1839 494 1880 tores?
515 1839 627 1882 Cum
651 1838 778 1895 igitur
808 1842 919 1882 Deus
942 1838 1062 1882 vobis
1091 1840 1259 1897 genitor
1287 1854 1376 1884 non
1398 1840 1480 1893 sit,
1514 1855 1596 1884 nec
1626 1854 1739 1900 aqua

348 1907 617 1965 baptismatis
639 1922 737 1951 vere
758 1908 1009 1962 nascimini,
1040 1923 1168 1953 nemo
1193 1918 1384 1953 vestrum
1410 1909 1584 1969 penitus
1612 1918 1741 1953 natus

348 1985 426 2030 est,
448 1992 527 2019 nec
549 1986 714 2035 patrem
737 1978 921 2032 habetis,
944 1979 1079 2037 impii,
1102 1994 1180 2023 nee
1199 1989 1397 2024 matrem.
1420 1983 1506 2025 Vos
1528 1995 1631 2039 ergo
1653 1980 1738 2024 hu-

344 2046 535 2104 jusmodi
557 2061 645 2090 non
668 2046 807 2091 debeo
835 2047 1069 2106 baptizare,
1098 2049 1176 2092 etsi
1200 2060 1249 2094 ut
1272 2065 1423 2095 canem
1447 2052 1471 2095 J
1478 2049 1590 2094 udaei
1617 2050 1742 2110 quasi

349 2114 586 2174 baptizant,
607 2115 761 2160 millies
784 2133 859 2160 vos
880 2116 1063 2161 lavetis?

408 2186 651 2228 LXXVIII.
689 2190 964 2230 Ancnsusus
995 2188 1219 2246 respondit
1252 2208 1259 2232 :
1291 2190 1419 2234 Certe
1455 2205 1742 2250 proposueras

352 2254 477 2313 plene
490 2253 703 2298 discutere
718 2256 982 2313 baptismum
1005 2258 1241 2312 Trinitatis,
1259 2267 1302 2302 et
1319 2258 1510 2304 intentos
1527 2275 1605 2306 nos
1627 2260 1740 2305 mul-

350 2333 444 2368 tum
462 2323 647 2369 feceras:
669 2325 760 2380 sed,
780 2326 941 2370 scilicet
959 2326 1077 2386 quod
1091 2328 1214 2372 vobis
1235 2326 1490 2374 facillimum
1512 2341 1590 2386 est,
1609 2346 1742 2391 quam

352 2396 437 2438 cito
466 2405 507 2438 te
539 2395 595 2438 ad
617 2394 740 2440 solita
773 2396 1001 2440 maledicta
1033 2397 1211 2441 vertisti.
1252 2401 1344 2443 Hoc
1374 2415 1418 2444 re
1438 2415 1538 2445 vera
1568 2402 1740 2461 copiose

352 2462 471 2507 facis.
489 2467 697 2524 Proponis
711 2466 825 2510 enim
846 2466 924 2510 tibi
943 2483 1051 2528 quos
1073 2468 1151 2523 vis,
1168 2468 1213 2512 in
1231 2485 1340 2529 quos
1355 2469 1741 2533 inveharis,quan-

403 2553 412 2571 ¹
431 2552 500 2581 Act.
521 2560 556 2590 u,
576 2549 605 2581 5.
624 2567 653 2573 —-
679 2559 688 2573 ³
709 2551 961 2594 Matt11.1n,31.
976 2569 1016 2576 --
1035 2551 1048 2577 3
1064 2554 1112 2586 ld.
1135 2565 1247 2596 xxviii,
1272 2554 1525 2599 19.—41d.v,
1549 2567 1583 2600 q.
