1825 3264
320 259 483 292 CONTRA
517 259 717 290 Li‘r'rnms
749 260 981 296 Paruum,
1018 261 1101 288 Lm.
1137 261 1202 287 111.
1374 248 1456 288 169

76 331 200 375 toties
230 328 458 388 repetivit,
494 327 572 370 nisi
604 340 658 370 ne
686 340 755 369 me
785 326 927 384 putari
960 326 1118 369 sineret
1140 325 1418 370 innocentem
1444 361 1455 381 ,

75 399 227 461 procul
250 398 386 443 dubio
403 397 602 457 judicans
631 395 751 457 quod
779 395 938 439 nullius
969 395 1215 439 innocentia
1237 395 1424 440 violatur
1445 431 1456 451 ‚

74 471 108 516 si
128 471 320 514 nesciens
342 469 473 513 fidem
492 469 624 512 sumit
641 483 664 511 a
682 465 863 526 perfido,
887 474 930 509 et
952 465 1215 510 maculosam
1239 466 1461 510 conscien-

74 542 178 586 tiam
207 556 296 585 non
329 549 475 585 sancte
507 539 648 583 dantis
687 538 869 596 ignorat.
915 537 1039 581 Dicat
1069 551 1172 594 ergo
1205 538 1322 580 unde
1358 537 1463 581 tales

75 613 310 657 abluantur
328 647 339 667 ,
370 611 488 655 unde
509 609 641 654 fidem
659 609 915 669 percipiant,
937 623 1025 651 non
1046 609 1245 652 reatum?
1271 607 1353 652 Sed
1376 623 1464 652 non

74 698 150 728 vos
173 682 294 727 fallat
313 701 321 727 :
346 683 459 726 dicat
479 702 490 738 3
521 696 611 725 non
628 680 764 724 multa
788 678 974 724 dicendo
993 678 1055 722 nil
1071 677 1202 733 dicat,
1225 687 1298 722 aut
1320 678 1380 721 nil
1403 677 1463 721 di-

73 752 213 799 cendo
230 753 373 812 potius
391 751 529 797 multa
547 751 677 796 dicat.
703 751 887 805 Deinde,
912 749 1033 810 quod
1049 750 1095 794 in
1117 758 1305 793 mentem
1328 750 1464 804 venit,

74 833 117 868 et
146 823 502 883 praetereundum
536 837 624 867 non
647 830 710 865 est
730 856 741 876 ,
773 822 806 865 si
834 836 914 880 ego
944 829 1170 880 propterea
1203 834 1300 863 reus
1343 835 1464 874 sum,

74 894 175 955 quia
199 909 288 938 non
310 895 526 953 ignoravi,
556 902 606 937 ut
627 892 868 937 secundum
894 892 1037 952 ipsum
1059 891 1241 952 loquar,
1264 890 1363 934 ideo
1387 905 1467 934 au-

73 974 163 1011 tem
182 981 270 1010 non
292 965 514 1024 ignoravi,
543 965 645 1024 quia
674 973 717 1008 et
750 963 858 1008 Afer
878 978 972 1008 sum
990 998 1001 1019 ,
1026 972 1069 1007 et
1095 971 1222 1006 aetate
1251 976 1361 1020 pene
1378 962 1466 1020 jam

75 1052 205 1081 senex
230 1056 239 1081 :
264 1035 416 1080 saltem
444 1036 567 1095 pueri
596 1045 851 1080 caeterarum
880 1044 972 1079 toto
1008 1034 1113 1079 orbe
1139 1042 1349 1077 terrarum
1378 1048 1467 1076 non

76 1109 161 1152 sint
181 1107 240 1150 rei
260 1142 270 1162 ,
296 1108 373 1167 qui
396 1122 474 1152 nec
504 1116 630 1165 gente
661 1122 741 1150 nec
769 1115 898 1151 aetate
922 1107 1002 1151 ista
1033 1115 1173 1151 vestra
1202 1105 1369 1165 objecta
1393 1120 1468 1148 seu

76 1193 192 1233 vera,
215 1193 290 1223 seu
303 1177 408 1222 lalsa
427 1193 550 1223 nosse
573 1187 838 1238 potuerunt3
863 1177 940 1237 qui
962 1187 1126 1233 tamen,
1148 1179 1181 1220 si
1198 1177 1242 1220 in
1265 1191 1340 1221 vos
1356 1176 1467 1220 inci-

77 1247 243 1303 derint,
266 1250 357 1293 sine
378 1248 469 1294 ullo
491 1258 689 1308 respectu
712 1249 1050 1308 rebaptizantur.

135 1320 324 1363 XXXII.
353 1319 437 1364 Sed
456 1334 574 1363 nunc
597 1321 675 1364 ista
698 1335 788 1364 non
806 1320 1042 1379 quaerimus
1064 1339 1072 1364 :
1094 1318 1203 1363 illud
1218 1319 1361 1378 potius
1380 1333 1470 1362 res-

78 1388 268 1448 pondeat
289 1388 424 1448 (quod
447 1404 503 1433 ne
520 1389 782 1449 respondere
801 1398 981 1447 cogatur
1001 1389 1290 1448 copiosissime
1313 1388 1471 1433 aliena-

78 1462 192 1517 tur),
214 1458 332 1504 unde
357 1458 561 1504 abluatur
580 1460 826 1519 accipientis
850 1460 1112 1504 conscientia
1129 1495 1139 1514 ,
1174 1460 1249 1519 qui
1272 1459 1469 1503 maculo-

78 1544 167 1574 sam
182 1530 517 1588 dantisignorat,
542 1550 562 1573 «
576 1531 609 1575 si
621 1532 884 1576 conscientia
897 1539 1042 1575 sancte
1053 1529 1195 1573 dantis
1210 1530 1466 1584 attenditur,

78 1615 177 1659 quae
200 1599 351 1644 abluat
368 1601 616 1660 accipientis
636 1622 646 1657 3
674 1620 693 1642 »
719 1610 762 1645 et
779 1601 896 1644 unde
913 1600 1096 1660 percipit
1111 1599 1260 1654 fidem,
1281 1600 1356 1659 qui
1373 1615 1471 1643 nes-

79 1670 194 1713 ciens
216 1670 459 1729 baptizatur
477 1687 499 1715 a
517 1672 700 1730 perfido,
732 1692 749 1713 «
772 1672 805 1716 si
823 1672 1016 1732 quisquis
1039 1672 1168 1715 fidem
1187 1671 1323 1714 sciens
1341 1687 1362 1714 a
1377 1686 1472 1730 per-

78 1739 167 1785 fido
181 1743 433 1800 sumpserit,
455 1758 543 1787 non
560 1742 691 1787 fidem
715 1744 919 1802 percipit,
941 1742 1016 1787 sed
1039 1752 1223 1787 reatum.
1247 1761 1266 1783 »
1292 1742 1471 1785 Omissis

79 1826 180 1870 ergo
196 1814 286 1872 ejus
308 1812 548 1858 maledictis
565 1849 575 1868 ‚
602 1829 700 1873 quae
728 1814 773 1857 in
796 1829 865 1860 me
886 1814 978 1859 sine
1002 1813 1090 1858 ulla
1105 1829 1207 1858 sana
1225 1812 1471 1858 considera-

79 1882 396 1942 tionejactavit,
422 1884 565 1929 adhuc
583 1885 858 1928 attendamus
880 1900 934 1927 ne
952 1885 1064 1928 forte
1080 1885 1163 1929 hoc
1182 1885 1301 1944 quod
1324 1899 1471 1942 expos-

80 1954 216 1998 cimus
234 1955 279 1998 in
295 1956 663 2015 consequentibus
680 1955 810 2000 dicat.
839 1956 963 2000 Libet
978 1965 1122 2000 autem
1142 1956 1318 2009 intueri,
1341 1969 1471 2010 quam

81 2024 279 2082 garrulus
302 2040 349 2068 ea
377 2026 677 2084 proposuerit,
714 2026 835 2085 quasi
866 2024 1070 2070 facillime
1108 2023 1395 2069 convulsurus
1429 2032 1473 2067 et

81 2109 321 2138 eversurus.
353 2113 372 2136 α
397 2095 479 2139 Sed
502 2095 556 2138 ad
578 2095 705 2150 illud,
730 2096 873 2155 inquit
894 2132 904 2150 ,
946 2096 1009 2140 tui
1051 2094 1318 2139 fantasmatis
1341 2109 1471 2152 argu-

79 2174 276 2208 mentum
299 2202 310 2219 ,
345 2180 434 2224 quo
456 2181 780 2227 quemcumque
814 2167 1002 2226 baptizas
1025 2167 1166 2211 verbis
1195 2165 1272 2209 tibi
1294 2167 1472 2225 pingere

80 2236 194 2280 visus
207 2251 266 2291 es,
293 2236 534 2281 redeamus.
563 2239 791 2296 Imaginari
813 2239 927 2282 enim
954 2247 994 2283 te
1014 2239 1103 2282 veri
1126 2237 1277 2282 similia
1300 2237 1468 2292 decuit,

80 2307 154 2366 qui
177 2321 266 2350 non
289 2306 408 2351 vides
430 2309 672 2352 veritatem.
701 2326 721 2349 »
756 2311 856 2353 Haec
878 2310 1010 2354 verba
1034 2325 1109 2354 sua
1133 2308 1386 2368 prolocutus
1409 2315 1472 2350 est

81 2375 317 2420 Petilianus
335 2412 345 2431 ,
378 2378 508 2421 verba
532 2393 626 2421 mea
650 2380 965 2438 propositurus.
998 2380 1163 2423 Deinde
1185 2379 1437 2437 subjunxit¹
1460 2396 1468 2420 :

87 2464 106 2486 «
135 2447 262 2499 Ecce,
289 2447 447 2505 inquis,
473 2456 556 2490 stat
579 2448 770 2506 perfidus
794 2449 1103 2508 baptizaturus,
1125 2457 1167 2491 at
1187 2448 1258 2491 ille
1276 2448 1351 2507 qui
1368 2448 1472 2506 bap-

83 2514 279 2559 tizandus
301 2525 390 2569 est,
432 2517 656 2575 perfidiam
679 2519 768 2576 ejus
801 2520 1032 2577 ignorat.»
1069 2521 1164 2565 Non
1201 2528 1335 2563 totam
1367 2518 1472 2562 dixit

131 2607 137 2623 ¹
155 2601 233 2633 Vide
247 2611 353 2643 supra,
374 2601 428 2634 lib.
452 2614 475 2642 1,
496 2613 567 2644 cap.
592 2611 622 2635 2.
