1825 3264
268 252 432 283 coiwrm
463 254 728 284 canscomuu
758 253 1047 295 noun-mum,
1083 257 1165 284 Lm.
1202 258 1250 284 11.
1375 247 1461 288 379

76 321 216 368 tolicis
257 321 483 367 laboribus
524 331 568 366 et
611 320 951 381 plantationibus
993 332 1192 382 porrecta
1237 325 1375 370 crevit
1417 335 1463 370 et

73 392 226 438 crescit
267 391 474 436 Ecclesia.
522 394 628 436 Istas
661 399 777 436 certe
809 392 1037 447 Ecclesias,
1077 409 1184 454 quas
1210 409 1260 438 ex
1290 395 1462 440 Litteris

72 461 229 508 divinis
257 470 388 522 atque
415 462 634 506 canonicis
671 461 919 516 nominavi,
953 471 1039 506 tam
1068 462 1199 522 longe
1233 465 1289 508 ab
1316 464 1462 510 Africa

69 534 328 579 constitutas
352 569 363 588 ,
390 543 596 593 tanquam
615 533 822 592 perierint
835 548 889 576 ex
907 534 1093 592 peccatis
1109 533 1313 579 Afrorum
1332 551 1460 580 accu-

68 620 163 650 sare
194 605 416 664 cogimini,
441 620 497 649 ne
519 604 739 662 corrigatis
776 620 965 648 errorem
996 605 1074 664 qui
1109 604 1259 653 vosad
1289 615 1458 652 tantum

67 675 207 720 scelus
229 675 393 719 nefaria
415 673 680 720 dissensione
699 673 937 734 compellit.

125 748 305 790 XLVII.
333 748 419 791 Nos
445 754 590 790 autem
625 754 674 790 ut
703 745 832 790 istum
861 761 1051 790 errorem
1073 755 1263 791 vestrum
1287 745 1455 793 facilius

65 821 390 875 convincamus,
422 836 502 865 nec
537 821 650 880 ipsos
684 820 828 876 Afros,
859 837 1048 882 quorum
1075 821 1186 866 falso
1216 824 1380 867 crimen
1410 824 1456 866 in

64 901 240 937 caeteras
259 892 388 936 etiam
415 901 563 950 gentes
591 891 856 950 perfundere
885 891 1068 948 audetis,
1101 908 1182 937 nec
1207 894 1347 952 ipsos,
1384 895 1454 938 in-

63 978 192 1024 quam
214 998 225 1018 ,
250 963 486 1007 defendere
509 964 719 1022 cogimur.
746 965 921 1008 Habent
943 964 1057 1008 enim
1086 980 1184 1008 cum
1209 964 1292 1009 illis
1316 974 1456 1009 trans-

63 1033 240 1077 marinis
256 1032 458 1077 Ecclesiis
471 1035 722 1078 societatem
739 1034 877 1093 regni,
900 1035 932 1078 si
951 1035 1221 1089 innocentes,
1244 1034 1424 1079 fuerunt
1441 1055 1451 1081 2

65 1104 100 1150 si
133 1114 277 1148 autem
309 1114 515 1148 nocentes
534 1139 545 1159 ,
582 1113 790 1164 tanquam
819 1105 977 1149 zizania
1003 1106 1232 1150 frumentis
1253 1141 1264 1159 ,
1295 1122 1376 1151 nec
1408 1107 1455 1151 in

60 1174 207 1220 Africa
237 1174 387 1219 obesse
423 1185 665 1234 potuerunt
706 1177 781 1230 eis,
820 1177 896 1236 qui
933 1192 977 1220 se
1002 1186 1178 1236 propter
1206 1176 1301 1221 illos
1324 1178 1453 1221 etiam

61 1247 257 1303 cognitos
277 1245 331 1289 ab
350 1246 516 1289 unitate
535 1245 741 1290 Ecclesiae
762 1262 959 1306 separare
981 1249 1232 1292 noluerunt.
1264 1250 1319 1292 Ut
1336 1248 1453 1292 enim

60 1318 258 1362 omittam
292 1331 422 1376 quam
455 1316 579 1360 multi
610 1333 682 1361 cos
705 1317 970 1361 crediderint
996 1319 1266 1370 innocentes,
1292 1319 1453 1378 quibus

62 1385 231 1431 facinus
259 1402 409 1430 corum
432 1387 562 1430 etiam
589 1387 622 1431 si
655 1387 834 1446 aliquod
863 1387 965 1438 fuit,
998 1396 1143 1431 tamen
1164 1389 1451 1432 demonstrari

60 1472 150 1501 non
175 1457 334 1515 potuit,
360 1466 404 1500 et
427 1457 581 1516 utique
604 1458 704 1501 istos
728 1474 807 1502 nec
829 1473 905 1501 vos
930 1459 1107 1517 potestis
1129 1458 1273 1502 dicere
1297 1474 1450 1517 pecca-

58 1528 112 1571 tis
139 1527 286 1572 alienis
319 1527 549 1586 incognitis
582 1528 773 1585 potuisse
806 1528 1014 1572 maculari
1041 1528 1145 1573 :sed
1174 1538 1222 1572 ut
1256 1530 1346 1583 hos,
1384 1529 1452 1572 in-

58 1613 208 1658 quam,
238 1599 453 1652 omittam,
491 1599 571 1658 ipsi
605 1600 679 1658 qui
717 1615 788 1642 eos
821 1609 1025 1644 nocentes
1047 1599 1116 1643 vel
1146 1609 1357 1643 noverant
1382 1599 1452 1643 vel

57 1669 296 1727 putabant,
321 1669 516 1728 quamvis
539 1670 585 1712 in
608 1669 822 1713 Africanis
847 1669 1048 1714 Ecclesiis
1070 1670 1323 1723 constituti,
1349 1684 1450 1714 cum

56 1739 256 1784 viderent
290 1754 362 1783 eos
395 1738 513 1798 apud
549 1739 762 1783 Ecclesias
796 1742 1101 1784 transmarinas
1135 1756 1222 1784 non
1260 1740 1451 1799 potuisse

56 1810 271 1865 convinci,
296 1825 377 1854 nec
399 1811 578 1854 crimina
601 1826 750 1855 eorum
773 1810 904 1869 longe
930 1810 1104 1871 lateque
1125 1810 1293 1854 diffusis
1316 1825 1451 1853 mem-

56 1880 144 1924 bris
167 1880 372 1925 Ecclesiae
394 1881 698 1935 demonstrari,
724 1882 757 1925 si
779 1897 824 1925 se
850 1880 1012 1925 vellent
1032 1890 1207 1939 propter
1224 1880 1320 1924 illos
1341 1896 1450 1939 quos

56 1950 194 1995 malos
215 1960 448 2005 noverant,
475 1967 499 1995 a
520 1952 830 1995 communione
853 1960 918 1995 tot
945 1952 1140 2009 gentium
1160 1985 1171 2004 ‚
1193 1950 1356 2010 quibus
1379 1965 1451 1994 eos

56 2022 285 2066 ostendere
310 2037 399 2065 non
432 2022 654 2077 valebant,
686 2023 806 2067 velut
838 2021 1053 2080 pestiferae
1088 2021 1357 2079 contagionis
1394 2021 1449 2064 ti-

55 2107 176 2136 more
192 2107 390 2151 separare
409 2113 419 2149 3
441 2102 609 2137 teneret
631 2107 703 2137 eos
718 2127 730 2148 ‚
755 2108 844 2137 non
866 2108 963 2152 ego,
987 2108 1077 2137 non
1102 2102 1172 2147 tu,
1193 2108 1281 2136 non
1305 2095 1449 2137 Dona·

55 2171 141 2217 tus,
180 2177 269 2207 non
303 2164 587 2219 Caecilianus,
617 2163 693 2209 sed
724 2165 814 2223 ipse
841 2179 972 2224 quem
1002 2165 1226 2208 nominare
1254 2178 1382 2207 ausus
1406 2178 1449 2207 es

55 2233 328 2292 Cyprianus3
349 2243 393 2278 ct
414 2233 578 2278 diceret
595 2250 642 2279 ea
666 2235 798 2279 verba
815 2251 914 2294 quae
932 2235 1100 2294 scripsit
1118 2234 1173 2279 ad
1193 2235 1444 2278 Maximum.

115 2306 317 2349 XLVIII.
335 2324 354 2348 «
371 2307 427 2349 Et
438 2305 470 2349 si
482 2305 704 2359 videntur,
719 2306 877 2365 inquit,
896 2306 940 2349 in
956 2305 1147 2350 Ecclesia
1160 2320 1248 2349 esse
1266 2305 1444 2358 zizania,

63 2383 315 2419 nontamen
332 2375 532 2434 impediri
549 2375 681 2420 debet
704 2386 780 2420 aut
797 2377 903 2420 fides
917 2385 993 2420 aut
1011 2376 1195 2420 charitas
1217 2384 1378 2427 nostra,
1399 2383 1449 2418 ut

57 2445 264 2505 quoniam
281 2445 441 2489 zizania
462 2461 552 2489 esse
571 2447 615 2489 in
631 2446 818 2490 Ecclesia
835 2448 1066 2499 cernimus,
1082 2446 1162 2504 ipsi
1182 2446 1237 2489 de
1254 2444 1447 2489 Ecclesia

19 2573 22 2577 ¹
55 2515 322 2560 recedamus.
349 2515 482 2561 Nobis
511 2525 683 2560 tantum
705 2517 836 2560 modo
865 2515 1155 2560 laborandum
1176 2525 1255 2570 est,
1281 2524 1331 2560 ut
1352 2514 1447 2560 fru-

57 2594 255 2632 mentum
276 2600 366 2632 esse
388 2586 616 2646 possimus,
633 2595 684 2632 ut
695 2601 797 2632 cum
815 2587 1281 2647 coeperitlrumentum
1302 2586 1447 2634 Domi-
