1825 3264
329 237 380 273 38
785 240 817 268 s.
853 241 1083 268 Auonsnm
1117 239 1295 266 nmscom

330 319 572 363 concurrat,
589 310 768 368 ejusque
782 306 958 351 decolor
973 305 1103 350 facies
1119 303 1350 364 splendore
1367 318 1584 363 percussa,
1603 302 1710 348 dum

329 381 436 424 radii
459 379 558 424 solis
581 378 636 422 ab
658 376 808 422 eadem
837 376 1050 429 redeunt,
1073 374 1196 435 quasi
1218 374 1414 433 proprios
1432 373 1573 418 radios
1592 373 1710 418 emit-

328 461 418 494 tere
439 448 637 493 videatur
663 467 672 492 :
706 448 765 492 sic
781 482 791 502 ,
815 447 874 491 sic
895 446 939 489 in
962 444 1048 489 fide
1073 444 1340 504 baptismatis
1363 443 1483 488 aliud
1503 453 1568 488 est
1587 457 1713 504 quae-

329 535 420 564 rere
442 520 649 578 imagines
664 553 674 572 ,
698 517 817 561 aliud
834 530 1064 574 agnoscere
1082 514 1325 559 veritatem.

388 592 522 634 LXV.
558 593 832 634 Accusamus
860 585 1085 646 respondit
1117 605 1126 630 z
1150 586 1267 639 Quid
1289 585 1505 646 loqueris,
1530 586 1714 646 quaeso?

331 660 517 714 Quando
545 661 682 704 nubes
710 657 892 703 caerulea
923 656 1065 701 radios
1093 656 1193 701 solis
1221 671 1421 716 percussa
1449 655 1710 715 repercutit,

332 730 547 790 numquid
563 730 734 774 furiosis
749 729 871 789 quasi
893 727 982 771 duo
1000 726 1109 771 soles
1131 735 1363 786 apparent,
1387 741 1436 770 ac
1458 739 1548 770 non
1569 726 1715 770 omni-

332 803 412 846 bus
440 804 514 861 qui
542 803 794 846 intuentur?
821 802 932 844 Cum
957 808 1103 843 autem
1121 797 1294 843 furiosis
1314 798 1374 843 ita
1400 797 1590 852 videtur,
1616 796 1716 842 solis

333 874 433 933 ipsis
456 873 639 917 videtur.
660 873 742 916 Sed
762 871 793 915 si
809 870 1038 915 molestum
1052 886 1142 914 non
1157 869 1354 929 estquod
1366 867 1597 922 admoneo,
1618 867 1718 913 vide

332 945 476 1003 potius
493 959 547 986 ne
564 942 675 986 forte
690 940 788 985 talia
805 941 948 985 dicere
966 950 1010 984 et
1029 940 1088 985 sic
1104 940 1226 999 loqui
1244 938 1453 983 furiosum
1468 939 1536 983 sit.
1554 941 1720 997 Nempe

334 1023 479 1058 tamen
505 1014 586 1056 hoc
621 1012 762 1056 dicere
797 1010 993 1065 voluisti,
1015 1013 1154 1070 justos
1180 1011 1342 1054 habere
1362 1010 1587 1054 veritatem
1613 1009 1721 1068 bap-

336 1086 465 1137 tismi,
499 1085 678 1143 injustos
706 1092 851 1126 autem
872 1082 1106 1141 imaginem
1134 1101 1142 1126 :
1168 1082 1202 1125 si
1223 1082 1282 1125 ita
1310 1090 1390 1134 est,
1416 1081 1558 1125 audeo
1579 1079 1722 1125 dicere

336 1155 567 1213 imaginem
586 1154 714 1198 tuisse
730 1154 774 1197 in
796 1152 870 1197 illo
893 1161 1051 1207 vestro,
1077 1152 1147 1196 cui
1169 1167 1256 1196 non
1283 1154 1420 1206 Deus,
1445 1151 1521 1195 sed
1542 1149 1722 1211 quidam

336 1228 491 1270 Comes
514 1236 604 1269 erat
626 1229 740 1269 Deus
767 1245 775 1269 z
802 1224 1030 1268 veritatem
1058 1232 1202 1267 autem
1225 1216 1309 1267 vel
1328 1222 1372 1266 in
1408 1231 1448 1266 te
1469 1221 1539 1267 vel
1570 1223 1616 1266 in
1648 1221 1724 1266 illo

338 1297 414 1355 qui
435 1296 581 1339 hocin
604 1311 702 1338 eum
720 1295 940 1353 eleganter
957 1294 1118 1348 emisit,
1137 1293 1315 1353 quando
1333 1294 1371 1337 ei
1388 1293 1496 1337 dixit
1515 1311 1524 1338 ε
1542 1293 1623 1338 Cui
1639 1294 1727 1338 Co-

339 1382 429 1410 mes
451 1376 514 1410 est
538 1370 664 1410 Deus.
692 1369 749 1409 Et
771 1366 1000 1409 discernite
1024 1364 1119 1409 illos
1135 1381 1244 1426 quos
1266 1374 1453 1425 uterque
1473 1364 1723 1424 baptizavit,

340 1447 383 1480 et
419 1438 464 1480 in
500 1437 590 1481 aliis
618 1437 856 1495 approbate
889 1437 1153 1495 baptismum
1179 1451 1348 1491 verum,
1377 1437 1433 1479 ab
1464 1435 1556 1480 aliis
1580 1443 1727 1479 autem

342 1508 556 1552 excludite
574 1509 830 1566 imaginem,
850 1517 891 1551 et
910 1508 1174 1552 introducite
1188 1509 1429 1552 veritatem.

403 1582 557 1623 LXVI.
582 1582 841 1622 Parim-mus
867 1578 973 1621 dixit
993 1597 999 1622 :
1023 1597 1038 1616 «
1070 1578 1153 1622 Sed
1177 1588 1225 1622 ut
1247 1579 1341 1622 haec
1368 1578 1536 1622 minora
1558 1577 1729 1622 discur-

344 1665 457 1705 ram3
484 1649 780 1709 numquidjus
793 1649 910 1703 dicit,
927 1649 1102 1708 quinon
1121 1658 1184 1693 cst
1201 1650 1331 1693 curiae
1348 1648 1637 1706 magistratus,
1655 1655 1732 1691 aut

345 1720 388 1763 id
417 1721 537 1779 quod
560 1721 711 1763 dixerit
728 1720 797 1779 jus
820 1729 908 1773 est,
934 1735 1034 1764 cum
1058 1720 1212 1779 privati
1235 1719 1416 1779 persona
1439 1718 1613 1778 publica
1633 1719 1731 1778 jura

346 1791 601 1848 perturbet?
635 1794 703 1833 An
731 1805 819 1833 non
849 1805 981 1849 magis
1010 1806 1107 1834 reus
1140 1805 1227 1834 non
1257 1788 1391 1833 modo
1413 1804 1502 1833 non
1524 1789 1730 1847 prodest3

347 1860 419 1903 scd
442 1875 542 1904 cum
561 1875 611 1904 eo
634 1858 754 1919 qtled
776 1860 981 1914 conficit,
1008 1859 1204 1904 falsarius
1229 1860 1502 1904 obtinetur.»

408 1933 585 1973 LXVII.
607 1935 882 1975 Accvsvrm-us
906 1931 1127 1991 respondit
1149 1951 1157 1975 :
1179 1931 1294 1985 Quid
1310 1931 1344 1975 si
1360 1931 1439 1975 iste
1457 1931 1648 1990 privatus
1671 1938 1735 1974 at-

348 2016 433 2060 que
451 2000 646 2045 falsarius
663 2002 802 2060 legem
824 2003 1094 2061 imperatoris
1112 2002 1237 2046 alicui
1255 2002 1344 2055 det,
1371 2017 1517 2046 nonne
1537 2001 1612 2045 ille
1633 2015 1734 2045 cum

349 2072 583 2115 contulerit
604 2088 702 2116 cum
728 2073 787 2115 eis
805 2073 878 2132 qui
896 2073 1007 2116 hanc
1025 2073 1204 2122 habent,
1224 2082 1267 2117 et
1285 2073 1419 2132 ipsam
1443 2087 1533 2116 esse
1557 2072 1736 2116 invene-

352 2143 434 2196 rit,
468 2157 554 2185 non
588 2143 772 2186 attendit
804 2159 826 2186 a
859 2159 947 2203 quo
976 2144 1189 2202 acceperit
1209 2179 1219 2197 ,
1249 2144 1325 2187 sed
1353 2142 1458 2202 quid
1496 2141 1737 2201 acceperit?

355 2211 567 2255 Falsarius
585 2214 747 2271 quippe
771 2214 949 2273 quando
972 2230 1022 2257 ex
1044 2230 1119 2258 sua
1141 2214 1327 2258 falsitate
1349 2213 1423 2257 dat
1443 2213 1608 2272 aliquid
1624 2248 1635 2266 ,
1656 2212 1738 2256 sal-

354 2297 448 2325 sum
473 2293 533 2325 cst
558 2302 565 2326 :
593 2284 768 2341 quando
787 2293 930 2327 autem
951 2284 1138 2328 alienum
1161 2300 1311 2329 verum
1336 2284 1390 2328 ab
1421 2283 1567 2343 aliquo
1589 2283 1734 2338 datur,

355 2353 519 2395 etiamsi
553 2368 576 2395 a
604 2352 774 2397 falsario
801 2354 945 2407 detur,
974 2357 1171 2413 quamvis
1203 2354 1275 2398 ille
1296 2370 1423 2399 verax
1444 2367 1532 2398 non
1555 2354 1636 2407 sit,
1661 2368 1737 2398 ve-

360 2437 455 2464 rum
480 2432 543 2465 est
566 2434 711 2466 tamen
733 2423 852 2483 quod
875 2425 1019 2468 datur.

417 2494 618 2535 LXVIII.
650 2496 910 2539 Pssnmmns
925 2493 1032 2539 dixit
1053 2514 1063 2540 :
1087 2513 1103 2535 «
1131 2499 1221 2540 Aut
1241 2495 1274 2540 si
1297 2494 1527 2554 quisquam
1549 2493 1737 2538 carmina

406 2574 417 2596 3
433 2576 564 2616 Optato.
582 2593 619 2598 —
639 2582 649 2597 2
670 2576 770 2608 Gildo.
