1825 3264
302 216 385 255 238
738 225 771 249 s·
809 220 1040 250 mausum
1072 221 1255 249 Bmscom

304 291 447 335 »tebat
459 287 686 346 adimpleri
703 287 873 331 omnia¹
895 305 903 331 :
924 304 945 328 »
964 284 1186 346 quomodo
1202 284 1272 329 isti
1286 282 1562 342 negant‚nisi
1583 283 1687 342 quia

300 358 468 405 veritati
484 357 647 402 inimici
664 359 798 402 sunti’
821 357 864 402 Si
882 366 1027 402 autem
1045 356 1228 400 obscura
1245 368 1335 398 esse
1354 353 1497 398 adhuc
1515 352 1685 406 dicunt,

301 440 345 474 et
361 430 463 473 hinc
475 429 615 488 ipsum
630 437 758 487 caput
777 427 1003 472 audiamus
1019 426 1285 471 verissimum
1299 424 1688 468 demonstratorem

301 500 492 559 corporis
513 499 595 543 sui.
620 501 733 544 Cum
756 498 871 543 enim
893 497 1069 542 dixisset
1092 516 1100 541 2
1131 497 1275 550 «Quia
1298 494 1528 555 oportebat
1547 492 1688 538 adim-

304 590 323 612 »
338 570 449 630 pleri
470 571 615 616 omnia
637 570 794 630 scripta
812 570 856 613 in
879 573 994 628 Lege
1013 569 1151 626 Moysi
1165 576 1223 622 ‚et
1245 565 1486 626 Prophetis,
1503 575 1545 610 et
1567 563 1689 609 Psal-

306 643 421 686 »mis
445 641 500 686 de
527 645 655 686 me2:
682 659 702 683 n
718 651 924 701 tanquam
937 654 1231 700 quaereremus
1249 647 1400 682 utrum
1419 638 1465 681 in
1493 651 1546 681 eo
1569 635 1690 696 quod
1721 649 1726 651 ⁴

302 714 408 757 dixit
434 732 451 752 «
473 712 528 757 de
549 727 619 756 me
634 747 645 767 ,
669 731 689 754 »
710 712 797 757 illic
825 710 1105 770 intelligenda
1135 718 1244 754 essct
1272 707 1488 764 Ecclesia,
1513 715 1691 767 propter
1747 705 1750 709 ’

302 783 346 827 id
362 783 482 843 quod
499 784 706 842 scriptum
720 792 784 827 est
803 801 811 827 :
841 801 860 823 «
880 784 1022 825 Erunt
1033 781 1122 825 duo
1134 782 1178 824 in
1192 795 1322 825 carne
1333 794 1419 823 una
1434 780 1450 805 ³
1467 799 1478 836 3
1497 795 1518 820 »
1540 787 1589 822 ut
1602 792 1693 822 non

302 853 442 898 solum
461 852 515 897 de
536 854 677 912 capite
693 888 703 907 ,
723 852 1006 897 verumetiam
1022 850 1077 895 de
1098 866 1279 910 corpore
1298 858 1414 894 certa
1434 848 1579 893 divina
1597 863 1695 893 ora-

302 922 676 978 culateneremus,
696 923 889 983 sequitur
909 921 1183 981 Evangelista
1200 931 1244 965 et
1261 921 1391 965 dicit:
1417 938 1437 962 «
1457 922 1578 963 Tunc
1591 932 1694 978 ape-

305 1012 325 1034 »
338 994 424 1037 ruit
437 991 520 1036 illis
538 1007 726 1047 sensum,
738 1003 787 1036 ut
804 991 1096 1050 intelligerent
1112 991 1368 1051 Scripturas,
1391 999 1435 1033 et
1455 989 1563 1034 dixit
1577 989 1660 1033 illis
1680 1007 1690 1033 ι

308 1065 550 1118 »Quoniam
562 1064 621 1108 sic
634 1065 842 1122 scriptum
857 1072 936 1118 est,
955 1072 998 1107 et
1018 1063 1077 1107 sic
1097 1062 1327 1121 oportebat
1344 1061 1566 1106 Christum
1585 1059 1692 1118 pati,

306 1143 381 1177 »et
403 1148 623 1192 resurgere
646 1149 668 1177 a
692 1133 873 1177 mortuis
896 1133 1019 1176 tertia
1043 1132 1113 1176 die
1131 1132 1191 1176 ⁴.»
1207 1132 1288 1176 Hic
1311 1132 1452 1191 ipsum
1476 1137 1608 1189 caput
1626 1143 1695 1174 os-

303 1205 525 1259 tenditur,
558 1204 677 1265 quod
705 1205 832 1249 etiam
864 1220 907 1248 se
932 1204 1132 1248 manibus
1162 1203 1483 1263 Discipulorum
1510 1201 1698 1262 praebuit

302 1276 677 1320 contrectandum.
714 1275 826 1318 Vide
851 1274 1221 1334 quemadmodum
1246 1274 1300 1317 de
1327 1288 1509 1332 corpore
1535 1271 1696 1331 adjun-

303 1355 389 1404 gat,
415 1345 535 1406 quod
553 1355 617 1389 est
630 1344 838 1399 Ecclesia,
864 1353 913 1388 ut
931 1360 1009 1388 nos
1026 1345 1162 1388 necin
1179 1359 1353 1404 sponso,
1376 1358 1456 1388 nec
1478 1343 1523 1386 in
1540 1354 1698 1402 sponsa

303 1431 445 1460 errare
466 1416 689 1474 permittat
713 1435 720 1460 z
753 1435 770 1455 «
798 1418 854 1459 Et
875 1415 1122 1474 praedicari,
1142 1414 1314 1475 inquit,
1340 1414 1386 1458 in
1408 1412 1585 1458 nomine
1606 1413 1697 1472 eJus

306 1488 639 1546 »poenitentiam
654 1496 696 1531 et
711 1487 1003 1531 remissionem
1017 1495 1294 1546 peccatorum
1318 1500 1394 1545 per
1416 1499 1565 1529 omnes
1587 1497 1696 1542 gen-

307 1576 325 1598 »
340 1566 418 1613 tes,
437 1558 744 1617 incipientibus
765 1558 820 1601 ab
842 1557 1096 1601 Jerusalem.
1107 1556 1250 1610 »Quid
1266 1556 1347 1600 hac
1359 1570 1464 1601 voce
1480 1555 1692 1609 veracius,

304 1628 411 1688 quid
435 1629 642 1684 divinius,
669 1628 776 1689 quid
799 1628 1095 1673 manifestius?
1121 1632 1191 1673 Me
1214 1629 1330 1688 piget
1352 1642 1446 1673 eam
1468 1640 1693 1672 commen·

304 1698 408 1742 dare
429 1699 571 1742 verbis
593 1699 720 1752 meis,
746 1708 788 1743 et
809 1700 1033 1744 haereticos
1051 1713 1138 1743 non
1161 1698 1298 1758 pudet
1320 1713 1414 1744 earn
1437 1712 1692 1758 oppugnare

303 1769 447 1812 verbis
469 1769 570 1813 suis.

363 1840 501 1882 XXV.
529 1838 684 1883 Dicant
703 1854 752 1882 ea
769 1839 1030 1894 testimonia,
1049 1855 1148 1899 quae
1162 1839 1287 1899 posui
1303 1838 1359 1883 de
1377 1842 1507 1897 Lege,
1528 1846 1571 1882 et
1586 1840 1692 1882 Pro-

306 1908 461 1965 phetiS,
480 1917 523 1952 et
546 1907 740 1964 Psalmis,
761 1909 942 1953 obscura
965 1925 1055 1954 esse
1069 1918 1112 1953 et
1130 1910 1313 1968 figurate
1333 1910 1449 1953 dicta
1465 1910 1595 1952 etiam
1613 1907 1696 1950 ali-

305 1987 370 2022 ter
402 1994 526 2038 posse
560 1979 745 2038 intelligi
766 1998 776 2037 3
801 1995 1053 2039 quanquam
1074 1989 1117 2024 et
1144 1980 1189 2024 in
1212 1980 1271 2024 eis
1300 1980 1458 2038 egerim
1481 1986 1696 2038 quantum

305 2051 445 2108 potui,
471 2059 519 2094 ut
543 2065 622 2095 nec
643 2051 726 2095 hoc
750 2050 940 2095 audeant
960 2052 1103 2096 dicere
1129 2071 1136 2096 :
1163 2052 1238 2096 sed
1255 2066 1354 2096 ecce
1376 2050 1537 2095 dicant.
1563 2052 1696 2095 Num·

306 2119 415 2178 quid
449 2129 492 2164 et
524 2121 609 2165 hoc
639 2121 821 2166 obscure
849 2122 1041 2177 dictum,
1073 2132 1147 2167 aut
1178 2122 1420 2181 aenigmatis
1449 2120 1698 2166 velamento

307 2190 606 2235 inumbratum
621 2201 699 2247 est,
721 2191 839 2250 quod
856 2193 946 2251 ipse
959 2193 1154 2238 Christus
1168 2192 1276 2237 dixit
1293 2212 1301 2237 :
1325 2211 1343 2234 «
1360 2193 1471 2245 Quia
1485 2192 1544 2235 sic
1561 2191 1697 2250 scrip-

309 2279 329 2300 »
353 2269 445 2304 tum
459 2270 539 2316 est,
551 2271 592 2305 et
608 2263 666 2306 sic
681 2262 911 2321 oportebat
925 2263 1145 2307 Christum
1159 2263 1266 2322 pati,
1282 2272 1324 2306 et
1338 2277 1560 2321 resurgere
1574 2261 1697 2305 tertia

313 2351 329 2371 »
351 2329 437 2385 die,
455 2340 497 2375 et
510 2332 733 2391 praedicari
747 2333 791 2376 in
806 2333 981 2376 nomine
992 2334 1082 2393 ejus
1101 2333 1404 2392 poenitentiam
1419 2342 1463 2377 et
1484 2331 1698 2376 remissio-

312 2420 329 2440 »
356 2415 455 2444 nem
467 2411 745 2461 peccatorum
762 2418 838 2463 per
850 2417 1000 2448 omnes
1021 2413 1185 2463 gentes,
1211 2403 1519 2463 incipientibus
1541 2402 1596 2447 ab
1618 2404 1694 2446 Je-

358 2506 365 2522 ¹
386 2502 476 2534 Joan.
500 2514 577 2543 nv,
605 2504 639 2536 6.
655 2521 697 2529 --
717 2511 729 2528 ²
751 2506 825 2538 Luc.
854 2515 947 2547 xxiv,
979 2504 1034 2547 44.
1052 2521 1094 2528 -—
1112 2503 1126 2528 3
1152 2507 1231 2539 Gen.
1251 2516 1286 2546 u,
1306 2502 1361 2546 24.
1381 2500 1451 2534 -4
1485 2504 1564 2537 Luc.
1594 2513 1691 2542 xxiv,

310 2554 364 2595 45.
