1825 3264
279 299 442 330 CONTRA
474 303 734 332 anscomum
770 301 1057 339 DONATISTAM,
1094 305 1176 332 Lm.
1213 306 1271 333 ιγ.
1403 295 1486 334 505

97 366 275 411 10011313
304 367 457 422 fuerit,
485 367 809 413 obmutescunt.
840 386 860 408 »
888 370 1049 413 Verum
1079 377 1142 413 est
1175 368 1295 429 quod
1317 369 1483 427 dixisti,

98 457 118 481 «
143 440 256 482 Ecce
279 453 367 483 non
388 438 699 485 obmutescunt
725 459 733 484 :
764 459 782 481 »
811 439 1074 485 verecundia
1105 439 1268 501 quippe
1290 441 1334 484 in
1358 441 1488 486 rebus

76 517 182 570 ‘tam
215 508 474 565 manifestis,
505 509 571 554 vel
600 512 728 555 etiam
763 511 853 570 ipsa
885 511 1156 570 impudentia
1183 512 1486 558 obmutescere

95 588 251 638 potest,
278 580 441 624 insania
459 596 547 626 non
570 590 726 640 potest.
748 583 899 641 Neque
921 583 1003 626 1100
1033 582 1196 626 dictum
1224 582 1278 627 de
1303 592 1342 627 te
1365 585 1487 629 acci-

92 649 183 708 pias
210 669 217 694 :
243 651 319 710 qui
351 652 432 695 tuis
461 652 668 711 episcopis
700 652 1013 697 mentientibus
1034 651 1282 707 credidisti,
1321 668 1402 698 nec
1432 654 1487 699 de

91 717 172 764 illis
210 721 437 780 omnibus3
470 737 612 782 neque
643 722 759 766 enim
795 737 945 767 omnes
978 721 1032 767 de
1067 724 1148 767 hac
1182 738 1227 767 re
1261 734 1486 783 permotus

91 791 316 836 consulere
338 793 517 852 potuisti
544 812 552 837 z
582 792 654 837 sed
681 792 736 837 dc
763 792 814 836 iis
843 794 919 853 qui
952 809 1054 838 cum
1081 794 1240 838 scirent
1259 805 1422 854 quanta
1442 805 1486 840 et

90 862 267 923 quando
294 872 446 908 contra
476 867 783 908 Praetextatum
805 874 847 908 et
869 865 1137 910 Felicianum
1175 866 1292 924 apud
1316 866 1486 924 judices

89 942 206 992 gesta
229 943 356 989 sunt,
372 934 456 979 hoc
474 933 596 994 quod
620 935 704 978 tuis
728 934 944 979 inseruisti
967 935 1144 990 11110113,
1170 935 1249 979 tibi
1275 936 1365 979 ausi
1383 946 1483 980 sunt

86 1003 256 1060 dicere,
290 1005 410 1065 quod
433 1014 533 1050 ante
555 1005 670 1050 diem
696 1007 950 1065 praestitutae
983 1006 1202 1051 dilationis
1234 1008 1266 1050 F
1273 1006 1484 1052 elicianus

90 1083 134 1119 et
151 1078 434 1120 Praetextatus
456 1084 610 1120 vestrae
637 1077 937 1121 communioni
959 1077 1164 1131 restituti,
1193 1077 1485 1136 peremptoria

90 1147 303 1192 sententia
327 1163 416 1192 non
436 1156 691 1192 tenerentur
712 1148 923 1193 obstricti.
943 1150 1032 1193 Aut
1051 1148 1083 1192 si
1107 1156 1149 1192 et
1167 1148 1246 1207 ipsi
1273 1146 1382 1192 forte
1405 1149 1482 1193 ista

91 1218 354 1273 nescierunt,
380 1233 498 1263 nunc
518 1217 671 1263 saltem
687 1234 786 1263 cum
809 1219 902 1263 haec
924 1217 1064 1278 legitis
1078 1254 1089 1274 ,
1115 1227 1255 1264 taceat
1267 1234 1483 1263 verecun-

89 1287 175 1343 dia,
209 1297 347 1334 taceat
366 1298 408 1334 et
436 1289 527 1349 ipsa
542 1288 873 1350 qualiscumque
896 1290 1081 1334 hominis
1099 1299 1163 1334 est
1185 1289 1453 1349 impudentia
1471 1309 1479 1335 ε

87 1357 176 1403 3013
199 1369 314 1404 00110
339 1375 438 1420 quae
460 1370 613 1404 contra
644 1370 733 1405 tarn
752 1359 1000 1405 evidentem
1032 1361 1258 1405 veritatem
1295 1361 1452 1406 clamat
1470 1396 1480 1416 ,

22 1475 26 1477 .
88 1430 252 1474 insania
273 1430 567 1491 relinquatur,
592 1441 635 1476 et
655 1431 728 1476 illa
748 1432 829 1476 erit
849 1430 1039 1476 fortassis
1062 1430 1284 1486 sanabilis,
1310 1432 1343 1476 si
1364 1446 1484 1476 com-

89 1510 290 1559 pescatur
309 1516 332 1545 a
358 1502 486 1545 sanis.

146 1575 306 1617 XLIX.
351 1575 478 1618 Nunc
519 1572 619 1617 vide
661 1572 1035 1632 quemadmodum
1083 1571 1137 1616 de
1177 1586 1247 1616 me
1289 1572 1444 1616 dixeris
1470 1591 1481 1618 ;

24 1694 31 1700 ,
93 1663 113 1685 «
140 1644 277 1688 Testis
301 1644 486 1688 mendax
510 1660 600 1689 non
633 1645 715 1688 erit
732 1644 974 1703 impunitus
997 1647 1005 1668 ¹
1028 1662 1036 1687 :
1059 1664 1074 1683 »
1099 1657 1197 1686 cum
1221 1652 1394 1702 putares
1414 1658 1484 1687 me

90 1715 134 1758 in
164 1716 243 1759 hac
267 1715 673 1759 Maximianensium
703 1731 830 1759 causa
856 1714 984 1758 fuisse
1016 1713 1264 1758 mentitum.
1291 1716 1384 1771 Ego
1406 1714 1485 1758 tibi

89 1787 172 1831 hoc
205 1802 296 1831 non
318 1802 484 1847 repono
513 1807 521 1831 ;
547 1788 711 1847 quippe
739 1786 852 1832 forte
886 1786 1059 1831 locutus
1088 1801 1132 1829 es
1162 1785 1282 1844 quod
1311 1786 1484 1829 incauta

90 1857 276 1901 amicitia
291 1857 530 1912 credidisti,
546 1873 635 1902 non
647 1857 769 1917 quod
782 1855 923 1900 fallaci
943 1855 1073 1901 corde
1088 1855 1261 1899 finxisti.
1277 1855 1485 1900 Homines

89 1942 261 1972 sumus:
286 1944 373 1988 qua
401 1928 579 1971 tandem
610 1927 831 1986 vigilantia
867 1928 1038 1972 essicerc
1069 1941 1324 1985 possumus,
1350 1935 1399 1970 ut
1417 1926 1485 1971 vel

92 1997 306 2057 putando,
322 1997 394 2042 vel
408 1998 633 2058 loquendo
646 1998 690 2041 in
709 1996 855 2057 aliquo
874 2013 962 2042 non
978 1996 1206 2042 labamur?
1231 1995 1315 2041 Sed
1337 2005 1487 2041 contra

93 2067 353 2113 medicinam
375 2068 652 2113 correctionis
675 2067 989 2112 obsurdescere
1011 2083 1099 2112 non
1117 2067 1343 2111 debemus.

153 2142 203 2184 L.
228 2141 356 2184 Nunc
394 2139 571 2183 attende
602 2147 812 2198 quantam
836 2139 943 2182 mihi
967 2139 1096 2182 etiam
1119 2139 1164 2182 in
1195 2137 1360 2182 caeteris
1387 2153 1488 2198 par-

92 2210 208 2254 tibus
230 2210 437 2271 Epistolae
478 2220 564 2254 tuae
596 2225 720 2254 causa
757 2210 834 2254 ista
857 2210 1260 2254 Maximianensium
1297 2210 1489 2269 praebeat

91 2281 381 2341 respondendi
406 2280 676 2326 facilitatem.
711 2280 937 2341 Quidquid
964 2280 1018 2325 de
1049 2280 1332 2325 traditoribus
1364 2280 1485 2324 velut

94 2353 247 2397 nostris
277 2352 513 2398 dicendum
553 2353 741 2412 putasti,
779 2367 1034 2412 quanquam
1060 2353 1190 2395 vestri
1229 2352 1374 2410 potius
1403 2352 1486 2396 hoc

97 2423 246 2467 fecisse
269 2424 533 2478 doceantur,
556 2423 677 2484 quod
699 2432 742 2467 et
764 2424 808 2467 in
830 2423 907 2467 illo
923 2423 1052 2467 trium
1069 2421 1343 2467 voluminum
1355 2436 1485 2481 opere

92 2493 192 2537 satis
219 2508 437 2553 superque
464 2494 703 2539 monstravi
730 2513 737 2537 :
766 2492 865 2536 vide
902 2502 1045 2537 tamen
1067 2528 1078 2548 ,
1107 2502 1149 2537 et
1181 2492 1393 2552 responde
1413 2527 1424 2548 ,
1450 2493 1486 2537 si

94 2572 214 2623 potes
230 2598 241 2619 ,
267 2573 414 2609 utrum
446 2565 530 2610 hoc
560 2565 744 2618 crimen,
780 2563 1080 2624 quorumlibet
1105 2562 1258 2619 fuerit,
1284 2563 1481 2623 polluere

144 2651 152 2668 ¹
176 2652 268 2681 Prov.
288 2661 333 2686 ix.
358 2659 409 2682 ια.
