1825 3264
389 236 469 272 110
814 243 848 269 s.
885 238 1115 269 mausum
1148 240 1329 269 Erlscom

379 308 574 367 pessimae
595 305 776 349 defenso
785 319 906 359 rem,
939 304 1133 349 studium
1166 303 1363 348 falsitatis
1400 302 1645 348 astruendae
1682 319 1795 378 nonf-

378 375 624 436 impediret,
651 383 694 418 et
728 383 771 419 te
790 373 1014 419 nolentem
1036 373 1107 419 vel
1129 374 1391 418 nescientem
1415 389 1439 418 a
1460 373 1561 419 luce
1582 369 1794 432 veritatis}

380 455 622 492 averteret·
614 482 626 504 ,
650 444 847 505 profecto
869 460 988 504 reges
1020 444 1235 506 quosdam
1259 445 1397 490 bonos
1417 480 1429 502 ,
1454 444 1668 506 quosdam
1692 459 1785 509 auf

381 527 470 562 tem
493 516 646 572 malos,
667 525 711 561 et
730 514 833 561 alios
855 526 1106 561 sanctorum
1123 515 1299 571 amicos,
1320 515 1426 561 alios
1447 516 1663 572 inimicos,
1682 517 1793 581 sin&

379 587 470 633 ulla
487 587 747 633 difficultate
763 587 987 632 recoleres.
1009 590 1066 632 Et
1082 587 1289 631 miramur
1306 587 1429 648 quod
1444 602 1488 632 se
1506 586 1794 651 Circumcel-g‘

377 659 515 704 liones
540 659 670 704 vestri
702 660 760 703 sic
792 659 1082 719 praecipitant.
1110 659 1215 712 Quis
1234 667 1333 718 post
1352 667 1394 703 te
1417 659 1622 704 currebat
1653 655 1797 729 obses

378 733 482 776 cro?
503 740 546 775 te
567 731 663 791 quis
685 730 900 775 Macarius
919 765 930 786 ,
962 731 1059 790 quis
1093 729 1216 774 miles
1238 730 1582 791 insequebatur?
1606 731 1798 792 Nempq?

380 803 426 847 in
457 802 695 862 abruptum
727 801 923 846 falsitatis
956 801 1085 861 hujus
1110 801 1257 845 nullus
1282 811 1482 846 nostrum
1510 811 1554 846 te
1577 801 1794 862 impulitgr

379 876 470 920 Cur
486 889 589 934 ergo
611 867 916 918 clausis‘oculis
941 874 1000 918 sic
1024 873 1095 918 isti
1113 889 1324 933 praeceps,
1350 883 1400 918 ut
1432 889 1534 918 cum
1557 873 1736 918 dixisses
1760 891 1780 922 a

384 964 404 986 «
429 944 542 998 Quid
569 954 715 989 autem
751 945 874 989 vobis
898 953 962 989 est
994 959 1096 989 cum
1131 944 1306 1003 regibus
1328 944 1508 989 saeculi?
1533 963 1553 986 n
1581 960 1672 989 non
1694 943 1785 1005 adq,

374 1018 594 1076 jungeres,
622 1032 732 1076 quos
753 1032 867 1076 saepe
889 1016 1189 1061 Christianitas
1211 1016 1381 1060 invidos
1403 1016 1535 1060 sensit
1558 1037 1569 1074 3
1592 1016 1669 1060 sed
1686 1029 1778 1075 noq
1799 1054 1801 1059 .

379 1086 600 1131 dubitares
626 1087 772 1131 dicere
804 1106 813 1131 ;
842 1089 995 1140 «Quos
1025 1101 1257 1145 nunquam
1281 1085 1581 1131 Christianitas
1602 1086 1682 1131 nisi
1703 1086 1778 1146 inq
1799 1115 1801 1119 -

380 1157 501 1202 vidos
524 1157 691 1201 sensit?
728 1160 874 1202 Ita-ne
895 1172 1000 1201 vero
1025 1171 1106 1200 nec
1128 1156 1218 1216 ipse
1240 1156 1466 1215 cogitasti,
1501 1171 1582 1200 nec
1603 1171 1676 1201 eos
1699 1155 1793 1217 qui

380 1229 538 1288 scripta
560 1237 634 1272 tua
655 1227 866 1287 legerent,
902 1228 1168 1286 cogitaturos
1192 1227 1352 1287 putasti
1375 1236 1441 1272 tot
1459 1243 1612 1288 regum
1630 1243 1799 1284 exem-32

378 1301 451 1360 pla
474 1301 550 1345 tibi
567 1299 873 1354 reclamantia,
899 1300 1044 1344 Nescit
1062 1298 1171 1359 quid
1194 1298 1417 1359 loquatur.

439 1373 567 1416 CCV.
593 1374 662 1415 An
679 1371 782 1431 quia
805 1369 868 1414 illi
890 1385 1000 1430 quos
1017 1370 1372 1425 commemoravi,
1386 1378 1586 1415 veterum
1608 1378 1799 1430 tempo-41

381 1457 478 1485 rum
500 1441 681 1487 fuerunt
696 1476 706 1495 ,
727 1439 825 1485 ideo
849 1441 928 1485 tibi
952 1456 1023 1486 eos
1047 1440 1155 1485 nihil
1172 1440 1389 1486 adversari
1406 1440 1643 1497 arbitraris,
1669 1441 1798 1501 quia!

381 1528 469 1557 non
489 1513 650 1569 dixisti,
671 1530 779 1573 quos
794 1529 1020 1574 nunquam
1035 1514 1203 1574 justitia
1226 1515 1307 1558 nisi
1329 1514 1501 1559 invidos
1519 1514 1651 1559 sensit
1667 1535 1678 1572 3
1697 1513 1774 1561 sed

381 1584 542 1628 dixisti:
564 1587 716 1637 «Quos
734 1601 962 1644 nunquam
976 1585 1276 1630 Christianitas
1291 1586 1371 1629 nisi
1386 1584 1556 1630 invidos
1567 1585 1726 1630 sensit:
1748 1602 1770 1637 ³¹.

381 1669 431 1698 ex
454 1655 528 1699 illo
543 1656 722 1700 fortasse
741 1665 935 1715 tempore
948 1655 1097 1700 volens
1118 1671 1189 1700 eos
1206 1656 1393 1715 intelligi
1408 1657 1537 1716 justis
1558 1655 1771 1712 invidere,
1793 1693 1796 1701 .

381 1741 431 1769 ex
452 1743 540 1786 quo
558 1728 791 1773 Christiani
810 1727 1017 1787 appellari
1035 1729 1305 1787 coeperunt?
1323 1727 1442 1781 Quid
1461 1743 1562 1786 ergo
1589 1728 1672 1772 sibi
1693 1742 1773 1783 vo?
1793 1753 1797 1760 ·

379 1796 477 1841 lunt
494 1798 689 1857 exempla
701 1808 897 1844 veterum
912 1808 1177 1859 temporum,
1190 1799 1352 1858 quibus
1367 1800 1452 1844 hoc
1468 1798 1591 1860 quod
1601 1798 1773 1859 impru-2·
1792 1826 1796 1831 -

380 1867 533 1912 denter
568 1868 727 1925 dixisti,
754 1870 1075 1930 imprudentius
1117 1869 1275 1915 docere
1309 1869 1485 1915 voluisti
1504 1872 1522 1915 Ρ
1545 1868 1796 1930 Numquid!

380 1940 494 1983 enim
526 1941 821 1996 Macchabaei,
843 1941 912 1986 vel
947 1950 1031 1984 tres
1065 1941 1207 2000 pueri,
1227 1940 1298 1985 vel
1317 1940 1492 1996 Daniel,
1529 1955 1618 1984 non
1647 1949 1794 1984 ante--

378 2026 508 2069 quam
533 2012 729 2056 Christus
751 2013 796 2056 in
817 2021 930 2056 terra
952 2021 1202 2056 nasceretur
1218 2046 1229 2067 ,
1263 2010 1333 2056 vel
1348 2020 1534 2071 egerunt
1560 2010 1636 2055 illa
1655 2045 1666 2066 ,
1700 2009 1794 2061 veli

378 2081 652 2138 pertulerunt
674 2084 691 2123 ‘3
714 2083 879 2127 Deinde
902 2099 979 2127 cur
995 2118 1005 2138 ,
1037 2093 1087 2127 ut
1109 2081 1241 2142 paulo
1278 2092 1378 2127 ante
1407 2082 1768 2138 commemoravi,

380 2152 403 2193 J
410 2150 555 2195 uliano
578 2168 680 2196 vero
699 2154 1032 2198 Christianitatis
1055 2153 1205 2198 invido
1227 2154 1531 2213 supplicastis?
1552 2168 1631 2198 cur
1647 2153 1702 2197 ab
1719 2166 1794 2202 eo·

378 2220 571 2266 basilicas
600 2224 765 2281 petistis
789 2226 805 2265 ‘2
833 2239 909 2268 cur
931 2223 1051 2282 apud
1082 2239 1182 2268 eum
1218 2223 1353 2268 solam
1381 2223 1596 2283 justitiam
1625 2222 1793 2268 locumt

378 2291 538 2336 habere
561 2292 757 2337 dixistis?
781 2295 823 2338 Si
846 2294 1178 2339 Christianitatis
1195 2292 1367 2337 invidus
1385 2294 1479 2338 haec
1501 2293 1642 2349 audit,
1663 2291 1794 2354 quidl

376 2372 476 2406 sunt
496 2380 518 2407 a
541 2364 700 2423 quibus
724 2366 819 2409 haee
839 2365 961 2408 audit
979 2367 997 2408 Ρ
1015 2369 1071 2409 At
1097 2380 1200 2409 vero
1228 2365 1542 2409 Constantinus
1557 2399 1568 2420 ,
1602 2378 1791 2424 nequa-e·

377 2448 508 2490 quam
539 2434 759 2478 christiani
805 2434 992 2479 nominis
1024 2434 1198 2479 invidus
1224 2469 1234 2489 ,
1265 2435 1340 2479 sed
1374 2435 1503 2494 plane
1534 2434 1769 2484 christiano

378 2503 553 2546 nomine
586 2503 795 2562 gloriosus
813 2540 823 2559 ,
852 2521 1018 2550 memor
1040 2505 1129 2564 spei
1152 2521 1284 2565 quarn
1308 2505 1487 2564 gerebat
1507 2505 1553 2548 in
1575 2504 1764 2559 Christo,

377 2585 455 2629 pro
473 2572 563 2633 ejus
578 2574 745 2619 unitate
764 2575 998 2635 justissime
1016 2575 1233 2635 judicans,
1259 2573 1474 2635 acceptari
1497 2589 1521 2619 a
1543 2574 1666 2620 vobis
1686 2577 1767 2619 nec
1781 2580 1790 2598 ’-
