1825 3264
504 247 558 273 nn
591 246 777 273 surram-E
810 249 1026 277 nccmzsrAE.
1378 244 1460 281 213

80 310 166 354 lam
193 311 355 370 quippe
377 310 546 369 scripsit
575 310 630 355 ad
653 326 752 356 suos
768 346 779 366 ,
804 312 915 358 sicut
938 330 1018 373 ego
1051 316 1163 360 hanc
1184 317 1239 361 ad
1260 333 1335 363 vos
1359 337 1368 363 ε
1392 320 1463 364 cui

79 381 113 425 si
134 379 237 425 velit
251 380 378 424 etiam
403 381 492 439 ipse
510 381 781 441 respondeat.

137 453 192 493 11.
219 451 410 504 Quaestio
433 461 549 496 certe
572 452 685 496 inter
702 467 780 496 nos
799 461 1017 508 versatur,
1054 454 1132 498 ubi
1153 455 1208 500 sit
1241 457 1431 502 Ecclesia
1447 493 1459 514 ‚

78 528 227 565 utrum
251 521 368 580 apud
387 537 480 576 nos,
502 538 555 566 an
576 522 694 581 apud
711 520 820 566 illos.
838 525 945 576 Quae
962 524 1116 584 utique
1137 541 1223 569 una
1237 537 1315 582 est,
1330 544 1463 587 quam

77 592 260 650 majores
284 593 419 637 nostri
441 592 710 638 Catholicam
729 593 1090 648 nominarunt‚ut
1109 611 1159 640 ex
1177 597 1270 656 ipso
1289 600 1464 644 nomine

77 662 369 717 ostenderent,
394 664 495 723 quia
519 678 595 723 per
616 673 760 707 totum
782 673 861 708 est.
888 666 1138 710 Secundum
1166 676 1307 712 totum
1326 670 1460 724 enim,

77 739 229 773 κηοέλνω
251 734 401 778 Graece
423 734 596 778 dicitur.
625 736 730 779 Haec
750 744 894 779 autem
917 735 1107 780 Ecclesia
1125 752 1281 796 corpus
1303 739 1464 783 Christi

74 811 153 857 est,
168 803 280 846 sicus
292 803 525 862 Apostolus
536 803 639 848 dicit
657 823 665 849 :
687 823 707 846 «
721 808 804 849 Pro
813 820 995 865 corpore
1007 807 1113 866 ejus,
1128 823 1229 866 quae
1241 818 1303 852 est
1318 808 1463 853 Eccle-

78 890 99 914 »
122 873 181 917 sia
197 874 226 916 ¹.
250 891 270 914 »
299 875 424 918 Unde
446 875 599 934 utique
614 874 894 919 manifestum
912 886 998 931 est,
1021 892 1122 920 eum
1135 878 1211 937 qui
1225 893 1314 922 non
1336 888 1400 922 est
1419 879 1464 922 in

75 944 279 988 membris
301 945 492 999 Christi,
519 945 797 990 christianam
821 946 1005 991 salutem
1033 949 1195 992 habere
1216 964 1305 993 non
1323 964 1461 1007 posse.

75 1014 272 1059 Membra
289 1031 392 1060 vero
406 1017 566 1060 Christi
590 1032 666 1075 per
683 1017 861 1061 unitatis
876 1019 1132 1063 charitatem
1155 1019 1236 1063 sibi
1255 1019 1466 1078 copulan-

75 1093 155 1139 ter,
181 1094 222 1129 et
236 1101 312 1144 per
331 1087 527 1130 eamdem
547 1087 677 1145 capiti
699 1102 777 1131 suo
792 1089 1030 1143 cohaerent,
1052 1089 1173 1149 quod
1186 1100 1249 1134 est
1268 1091 1465 1135 Christus

75 1157 212 1199 Jesus.
241 1158 399 1199 Totum
423 1157 552 1214 igitur
575 1155 694 1216 quod
724 1158 1009 1202 annuntiatur
1030 1158 1085 1202 de
1108 1160 1279 1204 Christo
1299 1195 1310 1216 ,
1334 1167 1466 1218 caput

74 1233 116 1268 et
139 1240 297 1284 corpus
330 1235 393 1270 est
420 1246 428 1271 :
462 1237 592 1286 caput
620 1235 683 1270 est
716 1227 806 1285 ipse
837 1228 1085 1287 unigenitus
1123 1231 1246 1272 Jesus
1268 1229 1466 1273 Christus

75 1295 210 1339 Filius
235 1297 311 1338 Dei
333 1296 418 1339 vivi
444 1315 453 1340 ε
482 1316 502 1338 «
537 1300 632 1355 Ipse
663 1296 852 1341 salvator
885 1298 1075 1356 corporis
1099 1301 1131 1352 ²,
1158 1299 1234 1357 qui
1267 1309 1466 1343 mortuus

76 1383 96 1406 »
133 1374 196 1410 est
220 1375 398 1424 propter
420 1365 577 1409 delicta
600 1375 762 1420 nostra,
788 1375 831 1410 et
855 1368 1087 1410 resurrexit
1108 1377 1286 1426 propter
1306 1369 1468 1427 justifi-

79 1454 96 1476 »
132 1434 347 1479 cationem
380 1444 572 1479 nostram
596 1436 611 1461 ³
639 1454 647 1479 ε
687 1453 707 1476 »
743 1452 901 1496 corpus
938 1438 1028 1496 ejus
1058 1436 1247 1481 Ecclesia
1267 1472 1277 1492 ‚
1303 1437 1358 1481 de
1380 1453 1468 1497 qua

75 1504 249 1559 dicitur,
281 1525 298 1546 «
323 1508 379 1550 Ut
402 1506 625 1550 exhiberet
647 1506 729 1550 sibi
751 1506 979 1564 gloriosam
999 1507 1254 1561 Ecclesiam,
1273 1523 1362 1551 non
1384 1508 1466 1551 ha-

76 1593 96 1617 »
133 1576 309 1620 bentem
327 1577 560 1630 maculam,
579 1586 653 1621 aut
668 1592 836 1635 rugam,
852 1587 927 1622 aut
945 1577 1111 1637 aliquid
1129 1577 1385 1636 hujusmodi
1401 1578 1462 1620 ⁴.»

74 1649 193 1690 Inter
207 1662 285 1690 nos
309 1657 456 1691 autem
477 1657 519 1691 et
538 1648 780 1692 Donatistas
798 1649 980 1707 quaestio
1004 1657 1082 1701 est,
1108 1648 1182 1690 ubi
1205 1649 1258 1690 sit
1276 1649 1359 1690 hoc
1376 1661 1469 1691 cor·

75 1731 172 1774 pus,
196 1716 239 1759 id
268 1725 346 1769 est,
373 1717 520 1760 ubisit
543 1716 749 1761 Ecclesia.
776 1716 892 1770 Quid
916 1733 1019 1775 ergo
1040 1716 1195 1760 facturi
1213 1732 1362 1760 sumus
1384 1718 1401 1760 Ξ)
1422 1717 1468 1759 in

75 1786 218 1830 verbis
241 1787 394 1830 nostris
412 1802 506 1830 eam
525 1787 766 1846 quaesituri,
785 1802 840 1830 an
862 1787 908 1830 iu
929 1787 1074 1831 verbis
1097 1787 1249 1845 capitis
1271 1787 1353 1840 sui,
1382 1789 1467 1830 Do-

75 1857 180 1900 mini
198 1858 331 1900 nostri
351 1859 452 1901 Jesu
476 1857 671 1902 Christi?
694 1860 806 1901 Puto
830 1856 950 1916 quod
967 1857 1012 1900 in
1030 1856 1145 1900 illius
1165 1856 1310 1915 potius
1328 1857 1467 1899 verbis

76 1941 170 1970 eam
194 1942 389 1985 quaerere
427 1927 637 1971 debemus
654 1962 665 1982 ,
691 1928 767 1986 qui
789 1928 945 1970 veritas
963 1935 1026 1970 est
1046 1961 1056 1980 ,
1091 1936 1134 1970 et
1162 1926 1324 1985 optime
1346 1925 1470 1969 novit

76 2011 233 2055 corpus
255 2011 397 2040 suum.
428 2016 448 2038 «
474 1997 603 2040 Novit
618 1998 733 2039 enim
763 1997 970 2039 Dominus
989 1996 1065 2055 qui
1087 2004 1189 2039 sunt
1205 1996 1294 2054 ejus
1319 1997 1349 2038 ⁵.
1385 2013 1404 2035 »

138 2069 217 2109 ΙΙΙ.
244 2068 352 2118 Quae
374 2066 459 2109 sint
481 2075 625 2109 autem
645 2066 775 2109 verba
795 2075 956 2120 nostra,
975 2067 1019 2108 in
1035 2066 1195 2124 quibus
1213 2080 1307 2108 eam
1331 2065 1468 2125 quaeri

78 2151 166 2180 non
177 2146 364 2195 oportet,
383 2137 609 2190 advertite,
625 2145 668 2179 ct
681 2136 824 2179 videte
837 2137 964 2179 etiam
982 2136 1042 2179 ibi
1057 2135 1166 2196 quid
1177 2136 1345 2180 intersit
1358 2136 1470 2179 inter

80 2215 225 2250 nostra
246 2206 378 2250 verba
402 2215 444 2250 et
465 2205 637 2249 illorum
665 2225 674 2251 ;
700 2214 742 2249 ct
766 2215 909 2249 tamen
924 2205 967 2248 in
988 2206 1128 2249 verbis
1151 2205 1306 2250 nostris
1322 2205 1471 2249 Eccle-

80 2277 186 2320 siam
209 2276 346 2332 quaeri
372 2276 591 2319 nolumus.
619 2277 845 2334 Quidquid
871 2276 993 2320 nobis
1013 2277 1199 2320 invicem
1219 2276 1467 2336 objicimus,

80 2347 136 2390 de
163 2346 395 2390 traditione
422 2346 633 2391 Codicum
658 2347 906 2391 divinorum
925 2382 935 2400 ,
962 2346 1016 2390 de
1039 2347 1388 2399 thurificatione,
1415 2346 1470 2389 de

79 2416 469 2474 persecutionibus,
495 2417 626 2460 verba
651 2425 795 2460 nostra
822 2425 937 2460 sunt.
967 2419 1022 2458 Et
1045 2416 1088 2458 in
1112 2414 1267 2458 talibus
1290 2414 1466 2473 quidem

130 2525 137 2540 ¹
160 2518 274 2549 Coloss.
297 2530 318 2557 r,
338 2517 391 2558 9¹4.
409 2525 471 2540 -2
493 2518 602 2558 liplws,
628 2529 659 2555 v,v
679 2517 720 2547 ··3
751 2536 788 2540 —-
807 2516 992 2552 ³1⁸10m.1v‚
1013 2517 1066 2547 οῗ).
1091 2535 1123 2538 -—
1146 2515 1154 2543 ἰ
1177 2516 1277 2557 [place
1310 2527 1339 2547 v.
1366 2526 1414 2554 ις.
1437 2532 1462 2536 -

82 2572 96 2595 5
119 2570 128 2604 i
153 2574 232 2604 Tim.
253 2585 285 2611 ιι,
310 2585 357 2604 ιιι.
