1825 3264
274 237 437 270 con'rna
467 240 734 268 canscomuu
767 238 1055 281 nonnis'mm,
1090 242 1173 270 ns.
1210 243 1240 270 1.
1369 233 1452 271 323

53 300 59 308 ’
127 307 311 352 XXVII.
332 305 568 353 Considera
586 304 816 364 diligenter
837 307 872 350 si
894 316 958 352 est
978 309 1062 353 hoc
1089 323 1358 370 consequens
1373 345 1384 366 ,
1411 320 1455 355 et

68 377 147 424 tibi
169 380 260 439 ipse
280 377 508 439 responde.
536 381 648 423 Puto
678 377 794 422 enim
810 379 899 438 jam
922 380 1006 424 hoc
1027 389 1128 425 ante
1149 380 1298 426 oculos
1325 396 1455 427 cons-

0 440 1 468 ³
67 450 216 506 tituto,
235 450 372 496 cernis
393 465 476 511 pro
497 449 660 510 ingenii
686 449 750 494 tui
772 450 1014 507 vivacitate,
1040 467 1173 512 quam
1199 468 1287 498 non
1305 468 1457 498 conse-

68 521 245 582 quentia
263 538 342 583 pro
364 521 729 582 consequentibus
749 520 940 580 colligas.
968 525 1079 569 Nam
1100 538 1249 569 revera
1271 524 1456 570 dicimus

66 592 332 652 baptismum
350 592 493 638 etillic
515 607 605 636 csse
631 611 639 637 :
666 591 742 637 sed
763 607 854 638 non
870 592 1054 639 dicimus
1072 604 1116 639 et
1132 595 1351 655 prodesse,
1368 596 1456 640 imo

68 679 172 709 vero
188 664 372 710 dicimus
396 674 440 710 et
456 664 621 709 obesse.
647 665 761 709 Cum
783 673 929 710 autem
945 667 1156 725 quaeritur
1172 667 1250 710 ubi
1266 666 1456 726 quisque

68 732 223 779 debeat
247 733 612 794 baptizari‚credo
629 743 808 794 propter
828 734 938 779 illud
951 736 1090 796 quaeri
1101 735 1222 797 quod
1244 737 1457 780 Dominus

68 804 128 848 ait
153 823 163 849 :
188 822 209 846 «
234 805 323 850 Nisi
344 806 441 865 quis
458 814 632 849 renatus
651 803 783 849 fuerit
803 819 856 849 ex
877 821 991 866 aqua
1011 815 1055 850 et
1082 807 1260 866 Spiritu,
1282 822 1372 852 non
1391 807 1457 850 in-

70 891 90 916 »
115 874 250 919 trabit
268 875 315 918 in
337 889 519 933 regnum
541 873 754 919 coelorum
777 876 809 918 ¹.
835 892 855 916 »
878 877 989 928 Quia
1012 891 1117 936 ergo
1138 885 1316 936 propter
1343 877 1457 920 hanc

66 943 299 990 utilitatem
321 945 597 1006 accipiendus
619 954 681 989 est
711 944 952 1005 baptismus
971 981 982 1003 ,
1012 962 1114 992 cum
1138 947 1352 1007 quaeritur
1381 946 1458 990 ubi

65 1016 342 1076 accipiendus
359 1017 432 1072 sit,
458 1031 548 1061 non
569 1017 782 1076 quaeritur
798 1017 947 1062 ubisit
964 1052 976 1072 ,
1001 1018 1077 1062 sed
1099 1018 1176 1062 ubi
1198 1019 1252 1063 ad
1274 1032 1457 1077 regnum

63 1087 276 1132 coelorum
290 1087 619 1149 adipiscendum
636 1088 755 1132 utilis
772 1088 842 1132 sit.
872 1090 1139 1150 Sequeretur
1160 1099 1305 1135 autem
1327 1091 1458 1134 etiam

64 1158 154 1204 illic
180 1159 484 1220 accipiendum
517 1175 630 1215 esse,
659 1160 930 1220 ubicumque
963 1176 1065 1205 eum
1095 1170 1264 1207 constat
1287 1176 1400 1217 csse,
1425 1161 1460 1205 si

64 1245 215 1276 omnes
236 1232 313 1291 qui
335 1231 498 1275 habent
521 1230 690 1290 aliquid
710 1231 816 1276 boni
837 1266 848 1287 ,
871 1232 1002 1276 etiam
1025 1233 1144 1278 bono
1167 1248 1246 1278 suo
1267 1233 1429 1277 habere
1444 1266 1456 1287 ,

66 1302 312 1347 doceretur.
337 1304 450 1348 Cum
468 1317 570 1346 vero
592 1310 683 1346 tam
705 1301 833 1346 multi
854 1311 944 1347 tam
966 1303 1106 1348 multa
1128 1304 1243 1348 bona
1266 1304 1459 1348 habeant

63 1373 179 1420 malo
200 1389 295 1431 suo,
312 1375 410 1436 quis
431 1389 522 1419 non
543 1374 690 1419 videat
705 1389 807 1419 cum
829 1375 1044 1435 quaeritur
1064 1374 1141 1418 ubi
1163 1373 1326 1434 aliquid
1343 1373 1458 1417 acci-

61 1444 273 1504 piendum
290 1447 361 1501 sit,
387 1461 477 1490 non
498 1445 636 1505 quaeri
649 1445 727 1489 ubi
749 1445 819 1499 sit,
839 1446 916 1489 sed
938 1445 1015 1489 ubi
1032 1445 1168 1504 prosit
1190 1446 1208 1487 ‘2
1226 1445 1461 1498 Quomodo

61 1515 178 1559 enim
203 1516 238 1560 si
265 1516 372 1560 mihi
395 1515 656 1561 concederes
678 1515 846 1559 bonum
868 1530 959 1560 esse
980 1530 1136 1560 aurum
1151 1550 1162 1570 ,
1201 1516 1461 1559 concederes

60 1585 190 1629 etiam
215 1585 403 1630 latrones
437 1600 619 1645 quoque
639 1585 801 1629 habere
821 1600 978 1629 aurum
993 1619 1004 1641 ,
1035 1600 1125 1630 non
1145 1585 1301 1644 opinor
1327 1584 1460 1630 velles

58 1665 108 1701 ut
125 1672 175 1700 ex
197 1657 262 1701 his
285 1657 460 1702 duobus
484 1656 698 1701 concessis
728 1656 1054 1710 concluderem,
1080 1671 1182 1701 eum
1200 1657 1278 1717 qui
1294 1655 1459 1701 habere

60 1743 216 1773 aurum
228 1728 350 1784 velit,
366 1729 413 1772 in
434 1727 655 1772 latronum
671 1727 879 1772 societate
898 1742 989 1772 esse
1012 1736 1214 1787 oportere
1241 1746 1251 1773 ε
1275 1728 1335 1772 ita
1356 1741 1459 1772 cum

60 1806 104 1842 et
129 1813 211 1857 ego
243 1799 438 1844 concedo
466 1798 633 1843 bonum
662 1812 752 1842 esse
783 1798 1051 1857 baptismum
1068 1831 1080 1853 ,
1109 1797 1305 1842 concedo
1327 1797 1460 1842 etiam

58 1871 304 1916 Donatistas
325 1884 506 1929 quoque
528 1868 691 1913 habere
723 1868 990 1928 baptismum
1004 1902 1016 1924 ,
1040 1883 1132 1914 non
1153 1869 1286 1913 debes
1309 1883 1360 1912 ex
1393 1867 1458 1911 his

60 1938 236 1985 duobus
268 1940 478 1986 concessis
510 1939 634 1998 quasi
665 1947 874 2000 sequatur
906 1938 1199 1994 concludere,
1244 1952 1347 1984 eum
1380 1936 1459 1996 qui

59 2009 222 2055 habere
243 2010 510 2070 baptismum
543 2009 649 2055 velit
669 2044 681 2065 ,
710 2010 758 2054 in
782 2010 989 2056 societate
1017 2004 1344 2056 Donatistarum
1366 2021 1458 2053 esse

59 2080 235 2125 debere.
1297 2085 1302 2091 '

116 2153 327 2196 XXVIII.
354 2154 452 2196 Jam
483 2166 533 2196 ex
563 2152 648 2196 hoc
687 2151 818 2195 etiam
848 2151 1033 2212 tibiipsi
1060 2164 1288 2196 occurrere
1315 2147 1455 2193 multa

22 2211 26 2218 ’
57 2236 148 2266 non
175 2221 334 2268 dubito
353 2257 364 2277 ,
391 2238 491 2282 quae
513 2221 713 2283 quamvis
735 2221 852 2266 bona
873 2222 959 2266 sint
977 2257 988 2277 ,
1008 2230 1052 2266 et
1079 2221 1135 2266 ad
1155 2220 1264 2265 utile
1286 2218 1455 2280 aliquid

58 2292 273 2349 instituta,
300 2309 392 2338 non
411 2294 617 2338 omnibus
639 2301 786 2338 tamen
809 2293 1073 2338 habentibus
1095 2294 1181 2338 sint
1209 2291 1356 2346 utilia,
1374 2290 1451 2334 sed

59 2363 367 2409 tantummodo
379 2364 492 2408 bene
513 2364 753 2408 utentibus.
765 2366 875 2410 Nam
888 2379 990 2408 cum
1012 2364 1165 2408 eadem
1182 2362 1281 2406 luce
1296 2371 1340 2406 et
1361 2360 1454 2405 sani

32 2435 36 2439 ’
58 2434 176 2479 oculi
197 2434 526 2494 perfunduntur
556 2444 600 2480 et
620 2435 779 2490 saucii,
804 2435 894 2480 istis
917 2435 1219 2496 adjumentum
1242 2442 1305 2478 est
1328 2467 1338 2488 ,
1369 2431 1454 2475 illis

58 2513 343 2551 tormentum.
368 2507 490 2551 Idem
512 2505 633 2552 cibus
650 2504 754 2552 alias
773 2506 1046 2552 valetudines
1063 2504 1154 2562 alit,
1177 2504 1280 2551 alias
1302 2502 1423 2549 laedit
1441 2520 1452 2548 t

110 2595 121 2613 ¹
149 2591 239 2623 Joan.
259 2601 311 2631 ιιι,
328 2590 357 2622 3.
