1825 3264
339 203 420 241 368
769 211 802 241 s.
839 211 1069 242 Amisum
1102 214 1283 242 Episcom

337 279 539 332 rificator,
567 292 655 322 non
678 292 773 322 sum
794 277 990 334 adulter,
1019 294 1109 323 non
1130 278 1365 333 homicida,
1393 293 1481 323 non
1502 277 1719 324 idolorum

335 347 492 402 cultor,
520 363 608 392 nou
634 357 852 407 postremo
874 349 1124 403 haereticus,
1154 364 1242 394 non
1264 349 1559 394 schismaticus
1587 369 1596 395 :
1620 352 1719 395 Non

334 433 428 462 sum
451 427 594 462 autem
613 429 828 478 peccator,
853 421 995 464 neseio
1014 430 1161 464 utrum
1184 420 1414 480 quisquam
1430 419 1498 465 vel
1515 421 1718 466 haeretica

333 488 533 547 superbia
553 489 728 549 reperiri
744 490 875 550 possit
888 492 963 551 qui
977 490 1134 535 audeat
1150 489 1310 548 dicere,
1328 491 1486 535 audeat
1500 491 1715 550 cogitare:

332 559 477 603 nescio
495 568 643 603 utrum
663 561 890 621 quisquam
913 570 1034 605 tanto
1051 562 1307 620 arrogantiae
1324 570 1495 606 tumore
1513 571 1715 617 caecetur,

332 638 382 674 ut
403 645 491 674 non
512 629 651 674 dicam
675 646 779 676 voce
802 632 1083 691 profiteatur,
1105 631 1180 675 sed
1201 631 1271 675 vel
1293 631 1410 690 apud
1431 647 1475 676 se
1495 632 1637 691 ipsum
1660 641 1719 676 ta-

331 700 442 744 citus
455 701 704 756 arbitretur,
725 717 814 745 non
831 702 913 745 sibi
934 717 1023 747 esse
1041 703 1326 747 necessariam
1344 702 1714 762 deprecationem,

331 771 374 814 in
395 787 481 831 qua
502 772 684 816 dicimus
708 776 818 826 Deo,
843 791 863 814 «
886 773 1062 816 Dimitte
1079 773 1205 817 nobis
1222 772 1371 817 debita
1393 782 1553 818 nostra.
1585 792 1604 815 »
1629 775 1717 818 Ne-

330 857 416 900 que
439 842 554 886 enim
578 858 654 901 pro
673 843 731 886 eis
754 843 911 887 debitis
928 843 1198 887 dimittendis
1217 859 1441 902 rogamus,
1463 859 1562 903 quae
1585 842 1719 888 semel

329 912 374 955 in
397 912 610 971 baptismo
633 913 804 957 dimissa
826 929 915 958 esse
938 915 1221 971 confidimus3
1249 913 1326 958 sed
1347 929 1426 974 pro
1454 914 1514 957 eis
1539 914 1713 974 utique,

328 983 418 1027 sine
438 985 596 1044 quibus
623 985 813 1028 humana
837 984 1046 1044 fragilitas
1078 1001 1168 1029 non
1189 995 1277 1039 est,
1303 994 1715 1044 quantumcumque

328 1053 372 1096 in
392 1053 670 1098 observandis
702 1055 930 1113 praeceptis
954 1055 1188 1099 Dominicis
1218 1054 1460 1113 vigilemus.
1495 1057 1717 1099 Postremo

327 1124 530 1182 suscipiat
547 1124 624 1183 qui
640 1123 826 1168 voluerit
842 1125 971 1181 liuJus
990 1125 1275 1184 impudentiae
1289 1124 1496 1180 frontem,
1518 1134 1561 1169 et
1581 1124 1713 1179 dicat,

326 1196 423 1238 Non
441 1209 489 1237 su
497 1210 537 1238 m
552 1204 768 1254 peccator,
782 1210 833 1238 ex
850 1211 939 1255 quo
955 1195 1062 1239 mihi
1080 1196 1123 1239 in
1142 1196 1356 1255 baptismo
1371 1204 1528 1240 cuncta
1542 1195 1716 1239 dimissa

324 1275 441 1320 sunt,
466 1265 638 1310 nullum
658 1267 704 1310 in
727 1282 796 1310 me
820 1276 1052 1326 peccatum
1075 1267 1235 1326 poterit
1256 1266 1456 1310 inveniri.
1478 1266 1614 1324 Magis
1637 1281 1716 1324 ego

323 1337 481 1380 Joanni
503 1337 649 1392 credo,
675 1347 718 1382 et
741 1337 878 1381 multo
902 1337 1106 1382 fidentius
1126 1337 1382 1397 respondeo,
1406 1340 1464 1381 Te
1483 1337 1624 1397 ipsum
1643 1335 1717 1380 de-

323 1407 444 1466 cipis,
470 1417 512 1452 ct
534 1409 687 1453 veritas
709 1409 753 1452 in
775 1418 817 1452 te
840 1424 929 1453 non
946 1418 1008 1453 est
1023 1411 1051 1452 ¹.
1079 1411 1230 1468 Neque
1251 1409 1333 1453 hoe
1351 1407 1437 1466 agit
1461 1422 1651 1466 praeceps
1673 1416 1716 1450 et

322 1476 453 1521 fallax
470 1478 548 1522 ista
573 1478 798 1538 professio,
823 1488 871 1522 ut
891 1480 935 1522 in
958 1488 999 1522 te
1019 1488 1194 1538 peecata
1216 1494 1304 1522 non
1323 1477 1617 1531 inveniantur,
1640 1475 1716 1520 sed

323 1557 372 1592 ut
393 1565 492 1608 quae
513 1549 798 1593 inveniuntur
821 1565 908 1594 non
927 1550 1219 1593 dimittantur.
1241 1549 1283 1593 Si
1299 1563 1400 1606 ergo
1411 1549 1501 1608 jam
1518 1546 1713 1607 baptiza-

326 1628 393 1663 tus
414 1635 474 1673 es,
499 1620 657 1663 vellem
683 1621 791 1664 scire
813 1636 945 1680 quem
976 1620 1183 1680 repereris
1211 1620 1289 1680 qui
1314 1628 1469 1664 *contra
1501 1620 1715 1663 Joannem

323 1689 568 1748 apostolum
591 1689 775 1744 diceret,
806 1693 1035 1735 Peccatum
1064 1705 1154 1735 non
1184 1691 1341 1735 habeo.
1377 1690 1421 1735 Si
1444 1688 1559 1733 enim
1584 1688 1713 1734 talem

322 1776 587 1821 quemquam
605 1762 790 1821 reperire
803 1762 978 1821 potuisti
993 1782 1002 1819 3
1021 1760 1243 1821 quomodo
1259 1761 1500 1820 baptizatus
1516 1776 1558 1805 es
1575 1761 1630 1805 ab
1643 1776 1710 1815 eo,

323 1831 396 1890 qui
431 1847 475 1875 se
503 1832 643 1890 ipsum
677 1831 943 1891 decipiebat,
970 1841 1013 1876 et
1038 1832 1080 1875 in
1111 1847 1199 1891 quo
1221 1832 1378 1875 veritas
1401 1847 1491 1875 non
1521 1833 1638 1875 erat?
1672 1830 1713 1875 Si

323 1911 468 1945 autem
492 1902 823 1962 qualiscumque
856 1902 1116 1946 humilitatis
1144 1917 1232 1946 non
1255 1902 1486 1945 immemor
1509 1911 1711 1960 peccato-

323 1989 413 2017 rem
447 1989 491 2017 se
512 1988 599 2017 esse
623 1972 824 2027 dicebat,
851 1972 1074 2033 quomodo
1097 1972 1178 2016 sibi
1202 1971 1443 2016 secundum
1468 1980 1587 2016 tuam
1610 1986 1710 2015 sen·

323 2045 500 2088 tentiam
530 2046 601 2104 jus
631 2045 900 2103 baptismatis
934 2043 1198 2103 usurpabat?
1233 2045 1297 2087 Tu
1320 2043 1434 2086 enim
1459 2042 1622 2096 dixisti,
1665 2051 1710 2085 tu

321 2116 449 2159 etiam
468 2116 642 2159 minime
654 2116 839 2160 seribere
853 2116 1046 2169 timuisti,
1071 2124 1161 2172 ‘91¹‘
1174 2113 1367 2174 quisquis
1382 2122 1583 2173 peccator
1597 2113 1709 2156 inter

323 2201 471 2231 omnes
486 2186 682 2230 homines
695 2186 922 2246 fuerit‚jus
938 2187 1017 2230 sibi
1031 2185 1301 2244 baptismatis
1319 2200 1407 2229 non
1422 2193 1615 2243 usurpet.
1627 2202 1645 2225 «
1667 2182 1708 2227 Si

323 2266 466 2301 autem
491 2257 686 2301 nondum
710 2257 950 2316 baptizatus
973 2271 1038 2310 es,
1063 2265 1137 2299 aut
1161 2256 1273 2298 hanc
1291 2254 1566 2297 vanissimam
1605 2268 1706 2297 sen-

325 2328 502 2372 tentiam
521 2328 702 2386 corrige,
719 2336 794 2371 aut
814 2343 835 2370 a
858 2327 1016 2386 quibus
1035 2326 1262 2384 baptizeris
1281 2323 1466 2382 Angelos
1482 2339 1643 2383 quaere.

381 2401 585 2442 XXXVI.
625 2399 708 2443 Sed
757 2397 1018 2442 arbitremur
1055 2407 1095 2440 tc
1138 2396 1386 2440 convictum
1433 2395 1663 2439 correxisse
1696 2412 1704 2438 :

327 2488 348 2511 «
382 2469 585 2528 Quisquis
607 2484 657 2513 eo
679 2469 857 2513 crimine
880 2469 998 2527 quod
1018 2468 1151 2511 nostri
1169 2465 1398 2525 objiciunt,
1419 2473 1619 2524 peccator
1640 2464 1709 2507 in-

372 2554 622 2594 ¹1J0au.i,8.
