1825 3264
276 274 438 302 conruit
470 273 734 301 canscomuzu
771 271 1058 312 DONATISTAM‚
1095 275 1177 302 Lm.
1216 276 1279 301 111.
1385 262 1469 302 415

88 348 152 384 est
177 338 279 383 inde
320 339 522 398 separari.
551 340 594 384 Si
629 353 740 400 quos
767 338 872 383 tales
900 340 943 384 in
974 349 1342 386 sacramentorum
1381 343 1472 402 ejus

87 408 395 454 communione
407 423 666 468 cognovero,
677 409 812 454 verbo
827 417 869 452 et
887 410 1112 470 disciplina
1132 411 1303 455 Domini
1321 425 1472 454 emen-

88 478 146 524 do
162 494 271 539 quos
288 494 478 539 possum,
503 480 638 524 tolero
655 494 764 540 quos
783 481 1014 525 emendare
1029 496 1117 525 non
1136 482 1474 541 possum.Fugio

88 550 274 609 paleam,
294 566 349 594 ne
370 551 454 595 hoc
476 551 554 595 sim
574 567 586 594 .·
606 566 694 595 non
715 565 874 605 aream,
900 566 954 594 ne
969 552 1076 595 nihil
1099 553 1194 596 sim.

148 623 242 666 XL.
272 621 459 666 Proinde
482 622 570 667 noli
592 622 750 666 trustra
771 622 816 666 in
839 622 951 667 hanc
983 623 1241 668 sententiam
1259 623 1472 668 ventilari.

89 691 225 749 Magis
237 692 353 736 enim
374 707 444 736 me
465 691 699 748 admonet,
725 691 949 751 quomodo
969 691 1015 736 id
1039 708 1161 752 agam
1177 728 1187 747 ,
1209 702 1475 752 praeceptum

88 761 387 821 Apostolicum
402 762 524 822 quod
541 763 632 821 ipse
650 763 849 821 posuisti:
867 780 886 804 «
900 765 964 808 Ne
975 763 1268 807 communices
1290 764 1474 823 peccatis

92 850 114 874 υ
150 830 324 886 alienis,
351 841 393 875 te
419 832 562 891 ipsum
595 841 762 876 castum
783 847 904 876 serva
930 834 960 875 ¹.
985 851 1004 874 »
1028 836 1136 877 Nam
1158 843 1207 878 ut
1229 834 1476 878 ostenderet

89 900 462 960 quemadmodum
484 902 666 962 quisque
686 917 774 946 non
793 903 1133 946 communicaret
1155 904 1341 962 peccatis
1371 904 1476 946 alie-

89 973 178 1030 nis,
202 971 258 1016 ad
281 973 365 1017 hoe
384 971 568 1028 addidit,
597 976 684 1017 «Te
700 974 841 1032 ipsum
858 982 1023 1017 castum
1043 988 1180 1018 serva.
1204 992 1224 1015 »
1245 977 1340 1019 Non
1361 975 1475 1017 enim

89 1042 229 1102 quise
244 1052 412 1088 castum
433 1052 590 1098 servat,
610 1045 904 1088 communicat
927 1045 1112 1102 peccatis
1135 1044 1286 1088 alienis
1303 1063 1311 1089 :
1329 1059 1478 1104 quam-

89 1113 152 1156 vis
177 1128 268 1158 non
299 1129 451 1158 eorum
479 1123 683 1173 peccata,
714 1115 790 1158 sed
823 1114 899 1158 illa
930 1130 1030 1174 quae
1063 1115 1118 1158 ad
1147 1114 1361 1174 judicium
1395 1114 1477 1159 sibi

90 1193 285 1239 sumunt,
312 1185 389 1229 Dei
405 1194 673 1230 sacramenta
690 1185 985 1230 communicet
1002 1200 1103 1230 cum
1123 1186 1199 1241 eis,
1221 1201 1243 1230 a
1260 1186 1420 1246 quibus
1435 1201 1479 1230 se

92 1264 259 1300 castum
270 1255 482 1300 servando
495 1255 597 1300 feeit
612 1255 818 1300 alienum.
831 1256 1038 1316 Alioquin
1051 1257 1179 1301 etiam
1193 1259 1476 1317 Cyprianus2,

93 1325 212 1385 quod
232 1326 359 1382 absit,
383 1327 567 1386 peccatis
582 1336 806 1386 raptorum
824 1336 868 1370 et
884 1326 1200 1371 foeneratorum
1216 1328 1481 1387 collegarum

95 1397 468 1452 communicabat,
494 1412 595 1441 cum
613 1397 774 1456 quibus
799 1406 944 1441 tamen
968 1397 1014 1440 in
1038 1399 1348 1442 communione
1370 1398 1483 1441 divi·

97 1482 255 1511 norum
275 1477 644 1512 sacramentorum
659 1468 879 1521 manebat,
902 1467 957 1510 de
979 1468 1139 1527 quibus
1160 1468 1264 1513 dicit
1288 1485 1296 1510 :
1322 1487 1339 1507 «
1356 1469 1483 1528 Epis-

97 1539 195 1597 copi
212 1538 389 1598 plurimi
403 1573 414 1594 ,
434 1554 544 1599 quos
557 1549 600 1583 et
622 1548 880 1583 ornamento
898 1553 988 1583 esse
1010 1539 1242 1597 oportebat
1263 1541 1428 1584 caeteris
1441 1548 1484 1584 et

97 1608 294 1668 exemplo
309 1643 320 1664 ,
344 1609 490 1653 divina
510 1609 816 1668 procuratione
838 1609 1035 1666 neglecta
1053 1644 1063 1664 ,
1089 1620 1390 1669 procuratores
1413 1625 1483 1654 re—

98 1694 197 1724 rum
214 1679 486 1724 saecularium
512 1680 604 1724 fieri
623 1715 633 1734 ,
660 1679 866 1724 derelicta
885 1679 1092 1724 cathedra
1111 1715 1121 1735 ,
1138 1681 1267 1739 plebe
1285 1681 1454 1725 deserta
1470 1715 1482 1736 ,

99 1766 177 1810 per
189 1750 597 1810 alienasprovineias
612 1751 880 1806 oberrantes,
903 1751 1208 1810 negotiationis
1227 1762 1486 1812 quaestuosae

101 1821 320 1866 nundinas
356 1823 561 1882 aucupari
596 1841 604 1867 :
642 1822 930 1866 esurientibus
964 1824 1010 1866 in
1057 1822 1243 1867 Ecclesia
1280 1823 1487 1868 tratribus

102 1893 264 1938 habere
277 1903 507 1953 argentum
519 1893 694 1952 largiter
708 1893 842 1950 velle,
863 1893 1023 1938 fundos
1034 1893 1244 1939 insidiosis
1260 1894 1488 1939 fraudibus

104 1979 254 2023 rapere
269 1999 280 2019 ,
298 1965 438 2008 usuris
460 1963 849 2023 multiplicantibus
867 1964 1013 2008 foenus
1030 1981 1202 2024 augere.
1223 1983 1243 2007 »
1264 1965 1491 2026 Numquid

106 2034 259 2078 talium
281 2033 354 2078 ille
375 2036 727 2079 communicabat
750 2035 961 2093 peccatis?
984 2035 1208 2095 Numquid
1225 2051 1376 2080 eorum
1400 2051 1492 2080 sec-

106 2113 195 2149 tam
222 2105 487 2165 sequebatur
511 2107 528 2149 Ρ
553 2108 608 2149 Et
628 2114 773 2149 tamen
794 2120 894 2149 cum
917 2105 976 2149 eis
1004 2106 1049 2149 iu
1071 2105 1325 2150 eorumdem
1347 2121 1490 2150 sacra-

106 2184 355 2220 mentorum
377 2176 685 2220 communione
704 2175 960 2235 persistebat
980 2194 988 2220 :
1014 2177 1115 2235 quia
1136 2175 1209 2220 illa
1224 2186 1492 2221 sacramenta

107 2262 198 2291 non
228 2247 309 2306 ipsi
336 2247 612 2291 instituerant
644 2247 837 2291 moribus
865 2247 950 2291 suis
970 2281 981 2302 ,
1014 2247 1089 2291 sed
1117 2246 1172 2291 ad
1203 2263 1378 2307 poenam
1413 2248 1493 2292 sibi

108 2316 252 2362 valere
271 2316 492 2362 faciebant
514 2318 705 2362 moribus
726 2317 863 2361 malis.

168 2391 286 2433 XLI.
302 2388 420 2442 Quid
447 2398 511 2433 est
527 2398 672 2432 autem
699 2390 821 2448 quod
842 2388 971 2442 dicis,
997 2403 1098 2432 cum
1121 2403 1171 2432 ex
1193 2403 1374 2447 persona
1397 2404 1493 2434 mea

20 2455 48 2512 ,Ϊ.
112 2460 193 2505 tibi
209 2461 518 2520 proposuisses,
539 2459 659 2520 quod
677 2475 758 2518 ego
777 2474 1003 2518 nunquam
1021 2459 1219 2503 divinum
1244 2460 1494 2505 tradiderim

115 2533 440 2576 Testamentum
477 2531 493 2572 ‘2
526 2530 734 2590 Adjungis
760 2529 875 2574 enim
901 2549 908 2572 ε
939 2548 959 2570 «
986 2529 1070 2574 Sed
1092 2528 1164 2575 ille
1183 2531 1259 2590 qui
1282 2530 1491 2588 tradidit,

161 2621 171 2638 ¹
197 2626 210 2649 1
233 2615 314 2649 Tim.
334 2625 364 2653 v,
384 2623 438 2648 22.
453 2632 493 2638 —
508 2621 518 2637 ²
540 2614 643 2657 Epist.
664 2624 720 2647 seu
734 2615 845 2647 Sermo
861 2613 901 2647 de
918 2613 1038 2657 Lapsis.
