1825 3264
319 250 405 290 284
758 265 790 290 s.
828 262 1057 292 aucuscrmr
1092 264 1271 292 EPISCOPI

316 335 634 372 sacramentum
650 338 910 388 acceperunt
923 331 935 355 ¹
954 338 1021 373 :at
1035 344 1137 373 vero
1151 327 1394 381 Cornelius,
1412 337 1455 372 et
1471 327 1546 372 ille
1556 327 1707 388 spado,

316 412 447 457 quem
472 397 696 457 Philippus
727 398 773 442 in
805 400 957 443 itinere
989 399 1248 458 baptizavit,
1274 408 1316 442 et
1344 413 1483 443 unum
1516 408 1640 453 sunt,
1669 407 1712 442 et

316 483 454 511 unum
484 478 800 514 sacramentum
826 479 1100 530 acceperunt.
1129 472 1241 514 Cum
1264 484 1368 528 ergo
1391 483 1529 513 unum
1554 478 1616 512 est
1644 484 1711 512 sa-

314 549 606 595 cramentum,
643 555 722 585 nec
754 541 910 586 diversi
932 541 1124 596 datores,
1147 556 1228 585 nec
1257 539 1413 584 diversi
1438 549 1713 600 perceptores

314 609 480 654 faciunt
496 619 545 654 ut
566 627 655 655 non
677 612 732 656 sit
753 627 890 656 unum
912 613 1031 671 quod
1054 627 1194 657 unum
1213 620 1293 655 est.

374 683 445 724 LI.
474 682 548 726 Isti
573 692 715 726 autem
737 682 843 727 dum
872 682 1027 728 volunt
1050 684 1276 727 hominum
1301 697 1391 726 esse
1409 680 1530 742 quod
1551 680 1712 726 Christi

316 759 405 805 est,
437 766 502 795 res
542 751 787 797 falsissimas
829 763 872 797 et
904 753 1228 798 absurdissimas
1259 751 1518 812 persuadere
1549 766 1712 795 conan-

315 829 411 876 tur,
446 830 495 865 ut
528 838 663 882 prope
694 833 758 868 tot
779 825 864 869 sint
889 824 1090 884 baptismi
1112 859 1122 879 ,
1148 834 1255 884 quot
1284 824 1482 868 homines
1505 838 1582 882 per
1601 835 1712 882 quos

315 890 488 935 dantur.
530 897 681 954 ltaque
714 894 822 939 illud
854 894 973 955 quod
1012 895 1222 940 Dominus
1264 895 1321 939 ait
1359 895 1414 938 de
1453 894 1630 938 homine
1669 900 1711 935 et

315 978 444 1022 opere
462 965 650 1010 hominis
677 986 685 1010 :
715 985 734 1008 «
760 967 904 1012 Arbor
927 968 1042 1011 bona
1066 968 1205 1011 bonos
1230 966 1399 1010 fructus
1421 966 1552 1020 facit,
1581 964 1712 1008 arbor

318 1052 337 1074 »
373 1035 485 1078 mala
504 1036 639 1080 malos
656 1036 825 1082 fructus
847 1038 951 1082 facit
971 1040 1002 1081 ².
1028 1056 1047 1078 »
1068 1038 1137 1081 isti
1160 1038 1215 1081 ad
1237 1038 1320 1081 hoc
1344 1037 1608 1096 detorquere
1634 1050 1711 1079 co-

314 1114 488 1160 nantur,
517 1115 563 1149 ut
591 1122 613 1150 a
637 1107 754 1151 bono
780 1108 1019 1167 baptizatus
1042 1110 1182 1153 bonus
1205 1109 1258 1153 sit
1279 1144 1289 1163 ‚
1316 1117 1359 1152 et
1383 1123 1406 1152 a
1429 1107 1544 1151 malo
1566 1106 1711 1165 bapti-

313 1185 431 1218 zatus
454 1176 593 1220 malus
615 1178 685 1221 sit.
715 1177 838 1222 Unde
861 1179 1058 1238 sequitur
1083 1195 1178 1234 eos,
1205 1179 1371 1223 etiamsi
1408 1176 1572 1231 nolint,
1610 1186 1659 1220 ut
1687 1192 1711 1220 a

313 1244 491 1289 meliore
520 1246 762 1306 baptizatus
794 1248 946 1292 melior
974 1250 1057 1303 sit,
1089 1258 1132 1293 et
1156 1249 1209 1293 ab
1244 1248 1448 1292 inferiore
1471 1247 1711 1306 baptizatus

313 1314 491 1360 inferior
504 1317 571 1361 sit.
591 1320 653 1360 Ex
677 1333 765 1378 quo
780 1319 842 1372 fit,
863 1328 910 1362 ut
931 1318 991 1362 illi
1017 1335 1126 1379 quos
1150 1328 1250 1363 ante
1275 1319 1446 1363 Domini
1470 1318 1711 1377 passionem

313 1401 401 1429 non
423 1386 513 1445 ipse
538 1389 660 1431 Jesus
681 1388 927 1447 baptizabat
948 1411 959 1447 3
983 1390 1058 1433 sed
1075 1390 1277 1449 discipuli
1295 1391 1399 1449 ejus,
1422 1388 1562 1432 multo
1586 1403 1711 1432 sanc-

313 1456 396 1500 tius
430 1468 723 1513 nascerentur,
749 1460 793 1503 si
815 1460 869 1503 ab
892 1461 985 1519 ipso
1007 1460 1343 1519 baptizarentur.
1371 1460 1475 1512 Quis
1502 1459 1617 1502 enim
1640 1456 1710 1502 vel

312 1526 499 1584 cogitare
523 1529 671 1587 possit,
696 1531 1129 1589 quantumintererat
1151 1530 1265 1574 inter
1286 1531 1446 1589 ipsum,
1463 1538 1506 1573 et
1522 1527 1709 1587 discipu-

311 1597 375 1641 los
397 1599 488 1657 ejus
504 1616 526 1643 a
545 1601 704 1659 quibus
732 1600 1068 1660 baptizabantur
1090 1604 1108 1645 Ρ
1130 1605 1244 1659 Ergo
1267 1600 1424 1645 invidit
1446 1601 1504 1645 eis
1526 1601 1708 1644 sanctio-

314 1682 401 1710 rem
431 1670 776 1726 generationem,
802 1687 911 1731 quos
934 1688 955 1715 a
979 1671 1200 1730 discipulis
1227 1672 1313 1715 suis
1338 1687 1427 1715 sese
1450 1671 1521 1715 hic
1542 1670 1707 1715 consti-

315 1746 408 1782 tuto
437 1739 590 1784 maluit
619 1741 828 1800 baptizari
852 1745 869 1786 Ρ
892 1742 1021 1796 Quod
1046 1743 1196 1803 utique
1230 1744 1423 1803 quisquis
1445 1741 1583 1786 credit
1604 1776 1614 1795 ,
1639 1741 1710 1784 in-

312 1823 440 1853 sanus
460 1811 668 1864 est.Quid
691 1828 794 1871 ergo
818 1814 1025 1857 Dominus
1040 1828 1090 1857 eo
1113 1813 1205 1871 ipso
1230 1814 1529 1857 demonstrare
1553 1812 1707 1869 digna-

314 1889 380 1923 tus
403 1889 482 1935 est,
505 1882 584 1926 nisi
605 1898 732 1926 suum
755 1899 844 1927 csse
867 1883 985 1943 quod
1005 1884 1197 1938 daretur,
1220 1901 1297 1944 per
1318 1883 1560 1944 quemlibet
1582 1884 1709 1926 dare-

314 1962 385 1995 tur
412 1973 422 2003 3
449 1962 492 1996 et
515 1968 559 1996 se
581 1954 823 2012 baptizare,
855 1954 910 1998 de
929 1970 1018 2015 quo
1047 1955 1210 1999 amicus
1235 1954 1308 1998 illc
1330 1955 1473 2013 sponsi
1498 1954 1666 1998 dixerat
1695 1973 1703 1997 :

317 2040 336 2062 «
366 2023 445 2065 Hic
468 2032 531 2067 est
552 2024 627 2083 qui
646 2024 862 2083 baptizat3
900 2046 910 2081 3
946 2043 966 2065 »
992 2041 1070 2084 per
1093 2025 1326 2085 cujuslibet
1345 2039 1498 2068 manus
1526 2023 1711 2067 ministri

312 2092 601 2151 baptizaretur
619 2130 629 2149 ,
651 2096 725 2154 qui
749 2095 1000 2140 credidisset
1014 2096 1058 2139 in
1077 2111 1177 2139 eum
1193 2098 1210 2137 ἱ)
1231 2096 1342 2140 Dicit
1362 2097 1491 2139 etiam
1516 2093 1677 2138 Paulus
1699 2112 1707 2138 z

316 2181 336 2203 «
373 2164 540 2208 Gratias
572 2168 689 2219 Deo,
722 2165 842 2226 quod
873 2167 1091 2209 neminem
1130 2176 1321 2210 vestrum
1353 2166 1566 2225 baptiazvi
1588 2201 1598 2219 ,
1631 2164 1710 2209 nisi

315 2251 335 2273 »
371 2234 570 2292 Crispum
594 2245 637 2279 et
658 2236 837 2290 Gaium,
861 2251 916 2279 ne
938 2237 1033 2295 quis
1061 2236 1177 2280 dicat
1205 2236 1325 2294 quod
1344 2238 1389 2279 in
1416 2236 1595 2280 nomine
1613 2249 1710 2278 meo

317 2322 336 2344 n
375 2304 589 2363 baptizavi
608 2306 638 2350 ⁴.
665 2325 683 2346 »
709 2308 764 2350 Et
781 2307 860 2350 iste
883 2322 985 2365 crgo
1009 2307 1212 2350 credatur
1231 2306 1436 2349 invidisse
1459 2305 1710 2349 hominibus

316 2374 536 2418 meliorem
553 2376 938 2420 sanctificationem
957 2411 967 2430 ,
1005 2377 1038 2419 si
1059 2386 1224 2435 quanto
1248 2376 1402 2420 melior
1435 2385 1552 2429 erat,
1587 2384 1709 2419 tanto

316 2445 470 2490 melius
491 2456 695 2506 poterant
719 2448 950 2508 baptizari,
972 2448 1048 2508 qui
1071 2448 1125 2492 ab
1148 2447 1224 2492 illo
1242 2448 1583 2507 baptizarentur.
1616 2449 1710 2490 Imo

366 2560 372 2573 ¹
404 2556 475 2586 Act.
497 2566 564 2597 vin,
593 2557 645 2597 13,
677 2556 729 2588 38.
747 2573 787 2579 —
811 2563 823 2578 ²
842 2555 962 2589 Matth.
994 2567 1058 2596 vn,
1082 2567 1132 2596 ¹7·
1155 2573 1196 2579 —
1219 2553 1232 2577 3
1251 2557 1346 2589 Joan.
1379 2567 1402 2594 r,
1424 2555 1477 2587 33.
1499 2571 1537 2577 —
1560 2553 1575 2583 4
1599 2565 1610 2586 ι
1633 2555 1705 2586 Cor.

318 2620 342 2649 ι,
367 2608 415 2649 ι4.
