1825 3264
294 262 457 295 comma
487 265 751 295 cnzscomcu
782 262 1070 305 nummisma«,
1103 265 1187 295 un.
1222 267 1285 294 ιν.
1403 254 1487 295 487

107 328 259 377 saltem
277 329 410 387 disce,
430 329 648 391 quidquid
660 329 771 374 illud
790 338 852 374 est
865 330 986 390 quod
1002 329 1056 374 de
1073 330 1252 375 Joannis
1273 330 1490 390 baptismo

106 401 177 448 vel
197 400 373 461 legitur,
396 401 465 447 vel
486 400 731 457 disseritur,
756 400 811 445 ab
833 401 914 446 hac
938 416 1065 447 causa
1085 416 1174 446 esse
1196 402 1368 462 penitus
1392 402 1494 447 alie-

106 487 229 518 num.
255 472 374 528 Quid
394 482 541 517 autem
559 472 635 518 tibi
655 473 795 518 visum
817 472 871 517 sit
890 473 1050 529 nescio,
1079 492 1101 516 «
1126 482 1178 518 ut
1198 475 1220 518 J
1227 473 1373 519 udaeos
1392 474 1493 533 qui-

106 546 190 592 bus
211 546 272 592 ait
298 549 451 592 Petrus
467 582 479 603 ,
503 548 754 607 Baptizetur
775 547 1076 606 unusquisque
1109 556 1301 592 vestrum
1334 548 1378 591 in
1408 563 1492 592 no-

105 617 223 662 mine
251 618 425 662 Domini
452 619 553 662 Jesu
581 616 784 673 Christi¹,
815 618 905 677 jam
936 617 1067 662 fuisse
1094 633 1117 662 a
1141 620 1292 675 Moyse
1329 617 1493 663 diceres

106 688 345 748 baptizatos
363 723 374 744 ,
394 707 414 731 »
434 689 509 749 qui
529 698 626 749 post
644 698 707 734 tot
723 688 1021 748 generationes
1035 688 1124 732 nati
1139 688 1334 743 suerunt,
1359 704 1492 749 quam

105 758 179 803 ille
193 759 270 804 Dei
281 759 470 804 famulus
483 761 664 820 majores
679 775 829 804 eorum
849 775 924 819 per
940 759 1141 804 Rubrum
1153 774 1272 803 mare
1287 760 1489 819 trajecit2.

107 830 197 873 Aut
219 829 252 872 si
275 841 503 889 propterea
524 846 548 874 a
570 832 721 887 Moyse
734 830 999 889 baptismum
1022 829 1271 882 habebant,
1305 830 1408 889 quia
1442 845 1493 873 ex

105 898 190 943 illis
215 901 444 959 propagati
467 909 582 955 sunt,
608 915 718 959 quos
737 901 780 944 in
794 903 946 958 Moyse
967 901 1206 959 baptizatos
1225 899 1330 944 dicit
1354 905 1490 959 Apos-

107 969 224 1015 tolus
243 972 257 996 3
287 990 296 1015 :
333 970 446 1016 aude
480 971 626 1015 dicere
654 986 805 1015 omnes
827 972 902 1032 qui
930 980 1170 1015 nascuntur
1207 986 1256 1014 ex
1294 969 1496 1014 fidelibus

105 1040 385 1094 Christianis,
412 1042 708 1087 Christianum
734 1043 822 1101 jam
857 1042 1016 1085 babere
1051 1041 1331 1100 baptismum.
1365 1039 1495 1092 Quod

103 1110 242 1166 vides,
266 1120 316 1156 ut
338 1111 539 1167 arbitror,
559 1122 724 1172 quanta
744 1112 934 1156 vanitate
952 1111 1135 1156 dicatur.
1165 1110 1248 1156 Sed
1271 1110 1494 1170 quomodo

104 1196 149 1227 se
169 1182 331 1228 habeat
350 1182 477 1238 illud,
496 1184 624 1228 etiam
640 1184 674 1227 si
692 1192 790 1242 post
802 1185 985 1240 Moysen
1015 1183 1090 1226 Dei
1112 1182 1330 1226 famulum
1356 1184 1496 1240 Apos-

104 1252 182 1297 toli
204 1269 294 1298 non
315 1253 629 1313 baptizassent,
656 1263 698 1298 te
726 1264 926 1313 urgerem
954 1252 1135 1297 reddere
1163 1252 1398 1307 rationem,
1417 1266 1495 1295 cur

106 1331 204 1383 post
234 1323 506 1383 Felicianum
531 1324 918 1370 Maximianensem
951 1322 1205 1381 sacrilegum
1244 1322 1373 1366 vestri
1409 1335 1499 1366 non

105 1393 411 1454 baptizassent.

162 1467 307 1510 XXX.
332 1467 427 1510 Jam
444 1464 555 1511 illud
575 1465 696 1526 quod
717 1466 860 1525 posui,
882 1483 901 1508 «
925 1464 968 1510 Si
987 1464 1194 1510 errabant
1204 1464 1267 1509 illi
1289 1464 1365 1525 qui
1382 1463 1498 1508 vole-

104 1535 215 1580 bant
232 1551 324 1581 esse
343 1535 493 1592 Pauli,
518 1551 618 1597 quae
641 1535 815 1581 tandem
844 1551 940 1595 spes
962 1550 1114 1580 eorum
1147 1544 1212 1580 est
1243 1535 1320 1594 qui
1343 1534 1499 1579 volunt

110 1620 202 1650 esse
225 1606 442 1651 Donati4i’
468 1625 487 1648 »
521 1607 737 1666 prioribus
770 1606 967 1666 partibus
1001 1606 1194 1666 epistolae
1224 1614 1311 1649 tuae
1343 1620 1434 1649 non
1455 1612 1499 1648 te

105 1675 357 1732 refellisse⁵‚
388 1686 498 1737 puto
518 1676 640 1738 quod
672 1678 804 1722 etiam
840 1678 930 1736 ipse
962 1676 1210 1721 consideras
1238 1677 1282 1720 in
1303 1675 1369 1720 his
1396 1690 1497 1735 quae

106 1747 303 1806 superius
333 1748 435 1792 satis
462 1747 664 1792 diximus.
697 1749 793 1793 Non
828 1761 954 1806 ergo,
987 1746 1100 1791 sicut
1128 1746 1208 1790 tibi
1230 1746 1387 1790 videris
1407 1780 1418 1800 ,
1454 1754 1499 1789 et

104 1817 258 1876 quasi⁶
294 1826 439 1862 certus
474 1816 663 1873 exultas,
697 1816 772 1861 illa
811 1816 958 1861 omnia
988 1831 1088 1875 quae
1120 1831 1143 1859 a
1183 1815 1395 1859 Petiliano
1427 1814 1497 1858 vel

106 1886 308 1947 quolibet
345 1888 430 1932 alio
473 1887 592 1932 dicta
629 1896 732 1932 sunt
748 1921 760 1941 ,
802 1895 918 1931 recte
965 1886 1078 1931 dicta
1111 1886 1349 1931 concludis.
1395 1889 1496 1944 Ipso

106 1958 271 2017 quippe
293 1957 462 2013 ordine,
483 1973 572 2018 quo
595 1973 617 2002 a
642 1966 685 2001 te
708 1958 896 2002 breviter
914 1955 1037 2001 velut·
1056 1956 1290 2002 recolendo
1313 1958 1495 2001 decursa

106 2036 230 2083 sunt,
264 2044 346 2087 ego
373 2028 517 2087 potius
545 2029 592 2072 in
625 2029 705 2072 hac
733 2043 860 2072 causa
890 2028 1295 2072 Maximianensium
1323 2042 1411 2071 non
1446 2042 1496 2070 ea

107 2107 224 2143 recte
245 2097 362 2144 dicta
383 2099 632 2158 concludo,
656 2099 759 2159 quia
794 2113 874 2142 nec
903 2098 1144 2143 concientia
1176 2106 1322 2142 sancte
1353 2097 1496 2141 dantis

107 2178 199 2214 erat
221 2169 265 2214 in
284 2169 521 2226 Feliciano‚
545 2169 724 2230 quando
747 2169 1008 2226 Maximiano
1022 2169 1244 2214 cohaerens
1265 2177 1417 2212 catena
1435 2183 1494 2212 sa-

107 2239 271 2299 crilegii
300 2241 582 2299 trahebatur,
612 2251 655 2287 et
687 2257 710 2285 a
738 2241 893 2286 famosi
919 2240 1108 2286 criminis
1130 2255 1220 2295 reo,
1246 2255 1294 2284 ac
1315 2254 1390 2299 per
1412 2240 1495 2284 hoc

107 2326 131 2355 a
152 2310 384 2356 manifesto
397 2312 567 2371 perfido
581 2311 933 2372 baptizabantur,
952 2311 1029 2371 qui
1048 2311 1192 2356 abillo
1216 2309 1495 2370 baptizaban-

107 2394 215 2427 tur:
247 2397 328 2428 nec
356 2383 476 2442 origo
503 2392 547 2428 et
583 2382 704 2428 radix
731 2392 777 2427 et
809 2392 942 2443 caput
975 2382 1031 2427 ad
1066 2382 1250 2427 salutem
1287 2381 1368 2426 illis
1403 2389 1495 2426 erat

157 2542 165 2558 ¹
190 2537 265 2568 Act.
297 2547 331 2577 n,
366 2535 418 2568 38.
442 2553 480 2561 -
498 2543 511 2559 ²
532 2537 630 2568 Exod.
662 2546 736 2573 xiv,
768 2544 822 2569 22.
845 2553 885 2560 —
913 2535 926 2559 3
957 2547 969 2569 1
991 2537 1066 2569 Cor.
1095 2546 1114 2568 x
1132 2562 1140 2577 ,
1172 2545 1204 2568 2.
1221 2535 1356 2567 —41d.
1390 2547 1412 2573 ι,
1445 2544 1496 2568 12.

109 2608 151 2617 —
168 2590 185 2615 ⁵
198 2592 276 2625 Vide
294 2591 351 2626 tib.
367 2603 376 2625 ι
393 2596 507 2626 contra
525 2592 672 2626 Petilian.
695 2602 767 2635 cap.
789 2592 822 2634 4.
843 2590 910 2617 -6
925 2592 1032 2626 Forte
1050 2592 1167 2634 victor,
1187 2597 1222 2625 ut
1238 2602 1344 2635 supi-a,
1372 2589 1428 2625 lib.
1447 2602 1495 2625 nt-
