1825 3264
297 264 459 294 com-M
491 265 693 294 Ln'umAs
725 268 958 307 rumam,
995 271 1076 296 mn.
1115 272 1160 296 11.
1341 260 1422 297 129

42 339 158 374 runt·
188 329 309 374 Tales
329 331 445 375 enim
468 347 557 376 non
579 332 743 376 habent
770 347 893 376 aures
926 335 969 376 in
995 335 1154 390 corde,
1178 334 1253 378 sed
1276 348 1350 379 cor
1377 333 1422 378 in

41 399 235 444 auribus.
255 403 419 459 Legant
446 410 592 446 tamen
613 402 772 446 iterum
793 412 836 446 et
857 403 1036 459 iterum,
1071 414 1115 449 et
1143 406 1358 464 cogitent,
1381 413 1424 448 et

39 469 228 516 sentiant
243 487 308 527 ea,
323 487 412 517 non
429 472 536 533 quid
548 482 718 528 sonent,
735 473 809 517 sed
821 473 898 534 qui
914 475 1099 533 sapiant.
1114 477 1258 521 Primo
1274 485 1322 520 ut
1339 477 1423 521 hoc

40 540 245 586 ultimum
262 544 504 590 excutiam:
520 563 540 587 «
558 547 624 589 Ita
641 560 744 604 ergo
761 545 826 599 fit,
846 545 1005 606 inquis,
1032 547 1169 606 utqui
1184 546 1238 590 ad
1260 548 1423 607 baptis-

40 626 162 657 mum
178 613 386 660 innocens
398 631 592 671 veneras,
612 632 635 660 a
655 617 870 675 baptismo
893 616 1042 662 redeas
1063 617 1276 677 parricida
1290 634 1422 663 mres-

40 681 187 742 ponde
205 684 338 743 prius,
361 686 457 745 quis
479 684 534 730 ad
551 686 814 745 baptismum
834 687 1042 732 innocens
1059 688 1221 743 veniat,
1246 698 1425 747 excepto

40 751 117 798 ino
129 754 205 813 qui
220 770 308 800 non
325 755 425 801 ideo
444 755 563 801 venit
584 756 792 816 baptizari
808 766 857 802 ut
878 759 969 817 ejus
991 757 1241 802 ablueretur
1261 759 1424 817 iniqui-

42 831 123 879 tas,
148 825 224 870 sed
242 835 290 870 ut
310 828 434 872 nobis
451 827 706 873 humilitatis
723 829 993 888 praeberetur
1015 829 1246 875 auctoritas
1269 831 1286 871 ἱ)
1308 830 1425 883 Quid

41 895 157 940 enim
181 897 426 943 dimittetur
447 899 672 944 innocenti
698 900 716 940 ἱ)
745 902 834 944 Aut
856 916 958 945 vero
978 901 1036 944 ita
1059 916 1102 945 es
1125 900 1350 960 eloquens,
1379 909 1428 944 ut

40 968 241 1013 ostendas
258 970 383 1015 nobis
397 972 633 1030 quamdam
653 972 947 1016 innocentiam
960 971 1261 1032 peccatricem.
1275 975 1428 1017 Nonne

40 1038 163 1082 audis
184 1039 401 1085 dicentem
434 1041 702 1100 Scripturam
730 1061 738 1086 :
773 1060 793 1084 «
830 1045 967 1088 Nemo
990 1042 1181 1087 mundus
1204 1059 1226 1087 a
1250 1051 1428 1101 peccato

46 1126 66 1150 »
101 1111 145 1154 in
172 1122 409 1171 conspectu
430 1122 524 1167 tuo,
556 1129 636 1158 nec
670 1112 812 1157 infans
836 1115 959 1173 cujus
984 1123 1048 1158 est
1066 1114 1152 1158 diei
1182 1115 1313 1158 unius
1342 1115 1429 1158 vita

44 1197 66 1221 »
101 1197 231 1241 super
248 1191 406 1227 terram
424 1185 434 1208 ¹
452 1185 500 1227 P»
515 1186 624 1229 Nam
639 1184 757 1227 unde
771 1183 826 1228 ad
839 1184 1131 1228 remissionem
1153 1193 1430 1243 peccatorum

43 1260 87 1295 et
108 1267 207 1296 cum
236 1253 477 1298 infantibus
498 1256 716 1298 curritur?
737 1257 893 1299 Nonne
912 1254 1035 1299 audis
1062 1254 1210 1300 aliam:
1230 1274 1249 1298 «
1271 1258 1364 1314 Ego
1387 1256 1432 1298 in

47 1338 68 1362 »
102 1323 329 1382 iniquitate
351 1334 589 1383 conceptus
607 1339 702 1368 sum
723 1326 768 1368 ²?
788 1344 805 1365 »
825 1324 990 1369 Deinde
1012 1326 1046 1368 si
1069 1335 1297 1384 propterea
1321 1326 1434 1369 redit

44 1394 257 1453 parricida
278 1395 355 1454 qui
376 1396 467 1439 sine
490 1395 720 1455 parricidio
751 1404 953 1450 venerat,
980 1395 1082 1455 quia
1100 1411 1199 1440 eum
1221 1396 1434 1455 parricida

44 1462 236 1523 baptizat
255 1486 267 1523 3
286 1475 507 1526 quotquot
528 1467 582 1511 ab
602 1468 763 1526 Optato
786 1466 993 1525 baptizati
1016 1465 1258 1521 redieruut,
1285 1465 1435 1525 Optati

45 1533 149 1580 facti
170 1540 364 1583 sunt.Ite
387 1553 522 1592 nunc,
549 1547 592 1582 et
609 1537 734 1582 nobis
757 1537 947 1597 objicite,
973 1537 1093 1597 quod
1119 1539 1162 1581 in
1185 1552 1260 1581 vos
1282 1551 1436 1595 regum

45 1604 315 1652 iracundiam
338 1609 622 1653 concitemus.
648 1611 746 1653 Non
768 1607 960 1652 metuitis
981 1623 1036 1651 ne
1057 1623 1081 1652 a
1106 1608 1230 1652 vobis
1255 1616 1320 1651 tot
1341 1606 1435 1651 Gil-

46 1675 171 1723 donis
184 1679 389 1726 satellites
407 1681 699 1740 inquirantur,
713 1689 821 1740 quot
834 1679 1032 1724 homines
1047 1680 1101 1723 ab
1113 1680 1275 1739 Optato
1291 1679 1437 1738 bapti-

49 1750 135 1794 zari
158 1753 422 1810 potuerunt?
436 1752 650 1797 Vides-ne
668 1751 845 1796 tandem
866 1750 1237 1811 quemadmodum
1261 1751 1339 1794 ista
1363 1758 1438 1793 tua

47 1822 274 1877 sententia,
300 1823 412 1868 sicut
434 1824 570 1868 vesica
590 1858 601 1878 ,
626 1838 715 1867 non
737 1821 879 1867 solum
901 1821 1021 1866 inani
1050 1837 1157 1866 sono
1173 1856 1184 1877 ,
1210 1820 1285 1865 sed
1308 1820 1438 1864 etiam

48 1890 94 1936 in
116 1893 256 1952 capite
277 1903 420 1938 vestro
442 1894 657 1954 crepuerit
685 1894 702 1935 ⁶?

105 1964 391 2009 CCXXXIII.
408 1967 505 2009 Jam
523 1974 677 2010 caetera
690 1964 926 2022 superiora,
944 1978 1043 2022 quae
1061 1976 1180 2006 nunc
1199 1960 1439 2005 refellenda

51 2036 371 2094 proposuimus,
397 2036 498 2080 talia
517 2044 634 2088 sunt,
654 2044 703 2079 ut
726 2034 906 2079 omnino
929 2033 1024 2077 talis
1041 2034 1227 2093 quisque
1245 2031 1440 2090 baptiza-

52 2111 123 2148 tus
160 2105 299 2149 redire
334 2105 532 2159 dicatur,
558 2104 698 2164 qualis
720 2104 853 2148 fuerit
878 2119 900 2147 a
935 2118 1025 2162 quo
1054 2102 1314 2161 baptizatur.
1357 2100 1441 2146 Sed

53 2174 166 2218 absit
187 2183 237 2219 ut
268 2191 399 2234 quam
420 2175 608 2219 delirans
633 2175 712 2219 ista
734 2173 860 2226 dicis,
888 2182 974 2217 tam
994 2172 1118 2216 deliri
1142 2188 1165 2216 a
1193 2181 1236 2216 te
1266 2171 1445 2215 redeant

53 2259 164 2304 quos
193 2245 397 2305 baptizas.
424 2250 480 2290 Et
515 2261 647 2306 quam
681 2244 794 2289 belle
817 2244 897 2289 tibi
930 2243 1075 2288 sonuit
1111 2241 1233 2303 quod
1269 2242 1410 2286 dixisti
1433 2260 1441 2285 ε

59 2332 80 2356 «
98 2315 376 2361 Pei-funderis
405 2316 575 2371 fraude,
601 2314 876 2375 perfunderis
898 2313 1074 2368 scelere,
1100 2312 1375 2372 perfunderis
1402 2321 1444 2355 et

56 2382 249 2430 furore.»
277 2390 343 2430 Tu
364 2402 468 2432 vero
498 2387 580 2431 nisi
602 2386 766 2441 furore,
800 2401 888 2430 non
919 2385 1132 2444 pertusus,
1160 2383 1234 2426 sed
1256 2383 1444 2441 repletus

57 2471 184 2511 esses,
202 2457 282 2501 ista
296 2473 385 2502 non
402 2457 665 2501 effunderes.
695 2460 857 2510 Ita-ne,
876 2465 925 2500 ut
945 2456 1023 2500 alia
1041 2466 1221 2507 taccam,
1242 2454 1444 2513 quicum-

57 2544 145 2589 que
163 2544 253 2574 non
271 2529 386 2573 avari
403 2528 457 2572 ad
475 2543 623 2574 avaros
644 2527 830 2586 collegas
848 2537 944 2572 tuos
962 2526 1028 2571 vel
1053 2527 1327 2586 presbyteros
1347 2539 1444 2569 vcs-

107 2614 206 2657 Ι101),
227 2615 395 2656 xix-‚juxta
414 2616 498 2647 Lxx
518 2637 526 2646 .
543 2630 582 2638 —-
600 2620 612 2636 ²
634 2613 711 2646 Psal.
734 2624 763 2655 ι,
781 2623 811 2654 7.

248 2679 434 2711 cxxxix.
1238 2668 1261 2703 9
