<?xml version="1.0" encoding="UTF-8"?>
<!DOCTYPE html PUBLIC "-//W3C//DTD XHTML 1.0 Transitional//EN"
    "http://www.w3.org/TR/xhtml1/DTD/xhtml1-transitional.dtd">
<html xmlns="http://www.w3.org/1999/xhtml" xml:lang="en" lang="en">
 <head>
  <title>
</title>
<meta http-equiv="Content-Type" content="text/html;charset=utf-8" />
  <meta name='ocr-system' content='tesseract 3.04.00' />
  <meta name='ocr-capabilities' content='ocr_page ocr_carea ocr_par ocr_line ocrx_word'/>
</head>
<body>
  <div class='ocr_page' id='page_1' title='image "./operaomniaaccura32auguuoft_0481.png"; bbox 0 0 1825 3264; ppageno 0'>
   <div class='ocr_carea' id='block_1_1' title="bbox 263 297 1443 345">
    <p class='ocr_par' dir='ltr' id='par_1_1' title="bbox 263 297 1443 345">
     <span class='ocr_line' id='line_1_1' title="bbox 263 297 1443 345; baseline 0.008 -17"><span class='ocrx_word' id='word_1_1' title='bbox 263 300 427 329; x_wconf 68' lang='lat' dir='ltr'><strong>com-M</strong></span> <span class='ocrx_word' id='word_1_2' title='bbox 457 301 721 331; x_wconf 71' lang='lat' dir='ltr'><strong>cuscomum</strong></span> <span class='ocrx_word' id='word_1_3' title='bbox 752 303 1040 345; x_wconf 71' lang='lat' dir='ltr'><strong>noNATrs‘rAu,</strong></span> <span class='ocrx_word' id='word_1_4' title='bbox 1074 307 1157 335; x_wconf 78' lang='lat' dir='ltr'><strong>nn.</strong></span> <span class='ocrx_word' id='word_1_5' title='bbox 1193 309 1253 337; x_wconf 81' lang='grc' dir='ltr'><strong>ιν.</strong></span> <span class='ocrx_word' id='word_1_6' title='bbox 1361 297 1443 338; x_wconf 81' lang='lat'><strong>471</strong></span> 
     </span>
    </p>
   </div>
   <div class='ocr_carea' id='block_1_2' title="bbox 65 363 1461 2582">
    <p class='ocr_par' dir='ltr' id='par_1_2' title="bbox 65 363 1461 2171">
     <span class='ocr_line' id='line_1_2' title="bbox 67 363 1447 420; baseline 0.009 -15"><span class='ocrx_word' id='word_1_7' title='bbox 67 370 170 407; x_wconf 87' lang='lat' dir='ltr'><strong>runt</strong></span> <span class='ocrx_word' id='word_1_8' title='bbox 191 382 204 420; x_wconf 64' lang='grc' dir='ltr'><strong>ς</strong></span> <span class='ocrx_word' id='word_1_9' title='bbox 226 371 270 407; x_wconf 90' lang='lat' dir='ltr'><strong>et</strong></span> <span class='ocrx_word' id='word_1_10' title='bbox 283 363 367 407; x_wconf 88' lang='lat' dir='ltr'><strong>hoc</strong></span> <span class='ocrx_word' id='word_1_11' title='bbox 394 373 558 410; x_wconf 87' lang='lat' dir='ltr'><strong>vestros</strong></span> <span class='ocrx_word' id='word_1_12' title='bbox 579 382 603 411; x_wconf 87' lang='lat' dir='ltr'><strong>a</strong></span> <span class='ocrx_word' id='word_1_13' title='bbox 621 366 833 412; x_wconf 86' lang='lat' dir='ltr'><strong>catholica</strong></span> <span class='ocrx_word' id='word_1_14' title='bbox 855 371 1162 416; x_wconf 86' lang='lat' dir='ltr'><strong>communione</strong></span> <span class='ocrx_word' id='word_1_15' title='bbox 1183 372 1335 417; x_wconf 85' lang='lat' dir='ltr'><strong>fecisse</strong></span> <span class='ocrx_word' id='word_1_16' title='bbox 1356 388 1447 418; x_wconf 92' lang='lat' dir='ltr'><strong>non</strong></span> 
     </span>
     <span class='ocr_line' id='line_1_3' title="bbox 66 431 1444 498; baseline 0.006 -20"><span class='ocrx_word' id='word_1_17' title='bbox 66 431 199 478; x_wconf 87' lang='lat' dir='ltr'><strong>vultis</strong></span> <span class='ocrx_word' id='word_1_18' title='bbox 214 432 436 477; x_wconf 85' lang='lat' dir='ltr'><strong>advertere</strong></span> <span class='ocrx_word' id='word_1_19' title='bbox 454 454 466 492; x_wconf 78' lang='lat'>3</span> <span class='ocrx_word' id='word_1_20' title='bbox 485 450 571 494; x_wconf 91' lang='lat' dir='ltr'><strong>qua</strong></span> <span class='ocrx_word' id='word_1_21' title='bbox 594 434 865 495; x_wconf 91' lang='lat' dir='ltr'><strong>impudentia</strong></span> <span class='ocrx_word' id='word_1_22' title='bbox 887 439 1124 483; x_wconf 85' lang='lat' dir='ltr'><strong>vanissimae</strong></span> <span class='ocrx_word' id='word_1_23' title='bbox 1146 440 1444 498; x_wconf 86' lang='lat' dir='ltr'><strong>animositatis,</strong></span> 
     </span>
     <span class='ocr_line' id='line_1_4' title="bbox 65 503 1450 566; baseline 0.008 -21"><span class='ocrx_word' id='word_1_24' title='bbox 65 516 240 562; x_wconf 89' lang='lat' dir='ltr'><strong>prorsus</strong></span> <span class='ocrx_word' id='word_1_25' title='bbox 256 503 422 560; x_wconf 89' lang='lat' dir='ltr'><strong>ignoro.</strong></span> <span class='ocrx_word' id='word_1_26' title='bbox 448 504 491 548; x_wconf 90' lang='lat' dir='ltr'><strong>Si</strong></span> <span class='ocrx_word' id='word_1_27' title='bbox 508 505 622 549; x_wconf 91' lang='lat' dir='ltr'><strong>enim</strong></span> <span class='ocrx_word' id='word_1_28' title='bbox 641 507 785 550; x_wconf 90' lang='lat' dir='ltr'><strong>omnia</strong></span> <span class='ocrx_word' id='word_1_29' title='bbox 801 522 900 566; x_wconf 80' lang='lat' dir='ltr'><strong>quae</strong></span> <span class='ocrx_word' id='word_1_30' title='bbox 922 507 1062 553; x_wconf 89' lang='lat' dir='ltr'><strong>dicitis</strong></span> <span class='ocrx_word' id='word_1_31' title='bbox 1080 509 1135 553; x_wconf 92' lang='lat' dir='ltr'><strong>de</strong></span> <span class='ocrx_word' id='word_1_32' title='bbox 1153 511 1386 556; x_wconf 82' lang='lat' dir='ltr'><strong>Caeciliano</strong></span> <span class='ocrx_word' id='word_1_33' title='bbox 1405 520 1450 557; x_wconf 87' lang='lat' dir='ltr'><strong>et</strong></span> 
     </span>
     <span class='ocr_line' id='line_1_5' title="bbox 66 572 1450 639; baseline 0.007 -24"><span class='ocrx_word' id='word_1_34' title='bbox 66 572 204 617; x_wconf 83' lang='lat' dir='ltr'><strong>Felice</strong></span> <span class='ocrx_word' id='word_1_35' title='bbox 235 572 484 618; x_wconf 82' lang='lat' dir='ltr'><strong>ordinatore</strong></span> <span class='ocrx_word' id='word_1_36' title='bbox 510 576 600 634; x_wconf 90' lang='lat' dir='ltr'><strong>ejus</strong></span> <span class='ocrx_word' id='word_1_37' title='bbox 621 576 719 621; x_wconf 92' lang='lat' dir='ltr'><strong>ideo</strong></span> <span class='ocrx_word' id='word_1_38' title='bbox 740 591 841 622; x_wconf 89' lang='lat' dir='ltr'><strong>vera</strong></span> <span class='ocrx_word' id='word_1_39' title='bbox 863 593 952 621; x_wconf 87' lang='lat' dir='ltr'><strong>esse</strong></span> <span class='ocrx_word' id='word_1_40' title='bbox 974 578 1103 623; x_wconf 91' lang='lat' dir='ltr'><strong>vultis</strong></span> <span class='ocrx_word' id='word_1_41' title='bbox 1120 613 1131 633; x_wconf 94' lang='lat'><strong>,</strong></span> <span class='ocrx_word' id='word_1_42' title='bbox 1152 581 1254 639; x_wconf 90' lang='lat' dir='ltr'><strong>quia</strong></span> <span class='ocrx_word' id='word_1_43' title='bbox 1273 591 1450 639; x_wconf 89' lang='lat' dir='ltr'><strong>septua-</strong></span> 
     </span>
     <span class='ocr_line' id='line_1_6' title="bbox 67 641 1453 706; baseline 0.006 -21"><span class='ocrx_word' id='word_1_44' title='bbox 67 641 184 700; x_wconf 85' lang='lat' dir='ltr'><strong>ginta</strong></span> <span class='ocrx_word' id='word_1_45' title='bbox 201 641 337 686; x_wconf 85' lang='lat' dir='ltr'><strong>ferme</strong></span> <span class='ocrx_word' id='word_1_46' title='bbox 354 643 543 702; x_wconf 84' lang='lat' dir='ltr'><strong>episcopi</strong></span> <span class='ocrx_word' id='word_1_47' title='bbox 555 645 610 688; x_wconf 92' lang='lat' dir='ltr'><strong>de</strong></span> <span class='ocrx_word' id='word_1_48' title='bbox 628 646 708 690; x_wconf 91' lang='lat' dir='ltr'><strong>hac</strong></span> <span class='ocrx_word' id='word_1_49' title='bbox 727 661 771 690; x_wconf 90' lang='lat' dir='ltr'><strong>re</strong></span> <span class='ocrx_word' id='word_1_50' title='bbox 783 647 1106 706; x_wconf 83' lang='lat' dir='ltr'><strong>judicaverunt,</strong></span> <span class='ocrx_word' id='word_1_51' title='bbox 1123 664 1200 692; x_wconf 86' lang='lat' dir='ltr'><strong>cur</strong></span> <span class='ocrx_word' id='word_1_52' title='bbox 1215 664 1304 693; x_wconf 91' lang='lat' dir='ltr'><strong>non</strong></span> <span class='ocrx_word' id='word_1_53' title='bbox 1321 650 1453 694; x_wconf 91' lang='lat' dir='ltr'><strong>vultis</strong></span> 
     </span>
     <span class='ocr_line' id='line_1_7' title="bbox 66 713 1450 777; baseline 0.007 -22"><span class='ocrx_word' id='word_1_54' title='bbox 66 726 167 756; x_wconf 86' lang='lat' dir='ltr'><strong>vera</strong></span> <span class='ocrx_word' id='word_1_55' title='bbox 189 726 279 756; x_wconf 88' lang='lat' dir='ltr'><strong>esse</strong></span> <span class='ocrx_word' id='word_1_56' title='bbox 300 728 400 772; x_wconf 86' lang='lat' dir='ltr'><strong>quae</strong></span> <span class='ocrx_word' id='word_1_57' title='bbox 425 713 631 758; x_wconf 89' lang='lat' dir='ltr'><strong>dicuntur</strong></span> <span class='ocrx_word' id='word_1_58' title='bbox 655 714 709 758; x_wconf 93' lang='lat' dir='ltr'><strong>de</strong></span> <span class='ocrx_word' id='word_1_59' title='bbox 732 717 949 762; x_wconf 90' lang='lat' dir='ltr'><strong>Primiano</strong></span> <span class='ocrx_word' id='word_1_60' title='bbox 964 751 976 772; x_wconf 94' lang='lat'>‚</span> <span class='ocrx_word' id='word_1_61' title='bbox 1000 733 1100 761; x_wconf 90' lang='lat' dir='ltr'><strong>cum</strong></span> <span class='ocrx_word' id='word_1_62' title='bbox 1122 727 1165 761; x_wconf 87' lang='lat' dir='ltr'><strong>et</strong></span> <span class='ocrx_word' id='word_1_63' title='bbox 1185 718 1287 762; x_wconf 90' lang='lat' dir='ltr'><strong>inde</strong></span> <span class='ocrx_word' id='word_1_64' title='bbox 1310 720 1450 777; x_wconf 91' lang='lat' dir='ltr'><strong>primo</strong></span> 
     </span>
     <span class='ocr_line' id='line_1_8' title="bbox 66 782 1453 846; baseline 0.006 -22"><span class='ocrx_word' id='word_1_65' title='bbox 66 782 353 841; x_wconf 87' lang='lat' dir='ltr'><strong>quadraginta</strong></span> <span class='ocrx_word' id='word_1_66' title='bbox 378 792 480 838; x_wconf 90' lang='lat' dir='ltr'><strong>tres,</strong></span> <span class='ocrx_word' id='word_1_67' title='bbox 505 793 653 842; x_wconf 88' lang='lat' dir='ltr'><strong>postea</strong></span> <span class='ocrx_word' id='word_1_68' title='bbox 675 794 853 829; x_wconf 87' lang='lat' dir='ltr'><strong>centum</strong></span> <span class='ocrx_word' id='word_1_69' title='bbox 871 787 1058 846; x_wconf 84' lang='lat' dir='ltr'><strong>episcopi</strong></span> <span class='ocrx_word' id='word_1_70' title='bbox 1075 786 1382 846; x_wconf 86' lang='lat' dir='ltr'><strong>judicaverint,</strong></span> <span class='ocrx_word' id='word_1_71' title='bbox 1408 797 1453 834; x_wconf 90' lang='lat' dir='ltr'><strong>et</strong></span> 
     </span>
     <span class='ocr_line' id='line_1_9' title="bbox 66 851 1454 914; baseline 0.005 -20"><span class='ocrx_word' id='word_1_72' title='bbox 66 851 185 910; x_wconf 89' lang='lat' dir='ltr'><strong>prius</strong></span> <span class='ocrx_word' id='word_1_73' title='bbox 209 851 510 910; x_wconf 88' lang='lat' dir='ltr'><strong>praejudicium</strong></span> <span class='ocrx_word' id='word_1_74' title='bbox 547 855 772 911; x_wconf 85' lang='lat' dir='ltr'><strong>posteriori</strong></span> <span class='ocrx_word' id='word_1_75' title='bbox 801 856 967 914; x_wconf 90' lang='lat' dir='ltr'><strong>judicio</strong></span> <span class='ocrx_word' id='word_1_76' title='bbox 994 857 1380 901; x_wconf 74' lang='lat' dir='ltr'><strong>confirmaverint?</strong></span> <span class='ocrx_word' id='word_1_77' title='bbox 1409 858 1454 902; x_wconf 88' lang='lat' dir='ltr'><strong>Si</strong></span> 
     </span>
     <span class='ocr_line' id='line_1_10' title="bbox 66 922 1450 981; baseline 0.004 -17"><span class='ocrx_word' id='word_1_78' title='bbox 66 930 212 965; x_wconf 86' lang='lat' dir='ltr'><strong>autem</strong></span> <span class='ocrx_word' id='word_1_79' title='bbox 236 931 463 980; x_wconf 85' lang='lat' dir='ltr'><strong>propterea</strong></span> <span class='ocrx_word' id='word_1_80' title='bbox 486 922 559 966; x_wconf 86' lang='lat' dir='ltr'><strong>illa</strong></span> <span class='ocrx_word' id='word_1_81' title='bbox 582 924 761 967; x_wconf 89' lang='lat' dir='ltr'><strong>crimina</strong></span> <span class='ocrx_word' id='word_1_82' title='bbox 784 925 988 968; x_wconf 89' lang='lat' dir='ltr'><strong>Primiani</strong></span> <span class='ocrx_word' id='word_1_83' title='bbox 1010 924 1115 969; x_wconf 85' lang='lat' dir='ltr'><strong>falsa</strong></span> <span class='ocrx_word' id='word_1_84' title='bbox 1138 941 1229 970; x_wconf 93' lang='lat' dir='ltr'><strong>esse</strong></span> <span class='ocrx_word' id='word_1_85' title='bbox 1251 927 1450 981; x_wconf 87' lang='lat' dir='ltr'><strong>censetis,</strong></span> 
     </span>
     <span class='ocr_line' id='line_1_11' title="bbox 67 990 1454 1053; baseline 0.004 -20"><span class='ocrx_word' id='word_1_86' title='bbox 67 991 169 1050; x_wconf 92' lang='lat' dir='ltr'><strong>quia</strong></span> <span class='ocrx_word' id='word_1_87' title='bbox 206 1006 284 1049; x_wconf 93' lang='lat' dir='ltr'><strong>pro</strong></span> <span class='ocrx_word' id='word_1_88' title='bbox 326 990 402 1034; x_wconf 94' lang='lat' dir='ltr'><strong>illo</strong></span> <span class='ocrx_word' id='word_1_89' title='bbox 443 993 655 1050; x_wconf 88' lang='lat' dir='ltr'><strong>posterius</strong></span> <span class='ocrx_word' id='word_1_90' title='bbox 680 1001 830 1036; x_wconf 88' lang='lat' dir='ltr'><strong>contra</strong></span> <span class='ocrx_word' id='word_1_91' title='bbox 866 994 1060 1038; x_wconf 89' lang='lat' dir='ltr'><strong>inimicos</strong></span> <span class='ocrx_word' id='word_1_92' title='bbox 1099 995 1190 1053; x_wconf 87' lang='lat' dir='ltr'><strong>ejus</strong></span> <span class='ocrx_word' id='word_1_93' title='bbox 1219 995 1454 1053; x_wconf 85' lang='lat' dir='ltr'><strong>Bagaiense</strong></span> 
     </span>
     <span class='ocr_line' id='line_1_12' title="bbox 67 1060 1453 1123; baseline 0.004 -20"><span class='ocrx_word' id='word_1_94' title='bbox 67 1060 300 1104; x_wconf 91' lang='lat' dir='ltr'><strong>concilium</strong></span> <span class='ocrx_word' id='word_1_95' title='bbox 324 1062 553 1106; x_wconf 88' lang='lat' dir='ltr'><strong>recitatur:</strong></span> <span class='ocrx_word' id='word_1_96' title='bbox 579 1078 656 1106; x_wconf 89' lang='lat' dir='ltr'><strong>cur</strong></span> <span class='ocrx_word' id='word_1_97' title='bbox 680 1078 767 1107; x_wconf 87' lang='lat' dir='ltr'><strong>non</strong></span> <span class='ocrx_word' id='word_1_98' title='bbox 785 1063 916 1107; x_wconf 87' lang='lat' dir='ltr'><strong>vultis</strong></span> <span class='ocrx_word' id='word_1_99' title='bbox 942 1064 1137 1118; x_wconf 87' lang='lat' dir='ltr'><strong>crimina,</strong></span> <span class='ocrx_word' id='word_1_100' title='bbox 1163 1080 1262 1123; x_wconf 85' lang='lat' dir='ltr'><strong>quae</strong></span> <span class='ocrx_word' id='word_1_101' title='bbox 1283 1065 1453 1123; x_wconf 86' lang='lat' dir='ltr'><strong>objecta</strong></span> 
     </span>
     <span class='ocr_line' id='line_1_13' title="bbox 67 1130 1453 1192; baseline 0.002 -17"><span class='ocrx_word' id='word_1_102' title='bbox 67 1139 170 1175; x_wconf 91' lang='lat' dir='ltr'><strong>sunt</strong></span> <span class='ocrx_word' id='word_1_103' title='bbox 197 1130 457 1185; x_wconf 85' lang='lat' dir='ltr'><strong>Caeciliano,</strong></span> <span class='ocrx_word' id='word_1_104' title='bbox 487 1131 711 1176; x_wconf 82' lang='lat' dir='ltr'><strong>falsissima</strong></span> <span class='ocrx_word' id='word_1_105' title='bbox 739 1132 962 1188; x_wconf 86' lang='lat' dir='ltr'><strong>confiteri,</strong></span> <span class='ocrx_word' id='word_1_106' title='bbox 987 1149 1066 1191; x_wconf 90' lang='lat' dir='ltr'><strong>pro</strong></span> <span class='ocrx_word' id='word_1_107' title='bbox 1099 1149 1189 1192; x_wconf 88' lang='lat' dir='ltr'><strong>quo</strong></span> <span class='ocrx_word' id='word_1_108' title='bbox 1217 1134 1453 1192; x_wconf 74' lang='lat' dir='ltr'><strong>posteriora</strong></span> 
     </span>
     <span class='ocr_line' id='line_1_14' title="bbox 67 1200 1453 1262; baseline 0.001 -17"><span class='ocrx_word' id='word_1_109' title='bbox 67 1209 134 1245; x_wconf 85' lang='lat' dir='ltr'><strong>tot</strong></span> <span class='ocrx_word' id='word_1_110' title='bbox 149 1200 315 1260; x_wconf 84' lang='lat' dir='ltr'><strong>judicia</strong></span> <span class='ocrx_word' id='word_1_111' title='bbox 338 1201 602 1245; x_wconf 74' lang='lat' dir='ltr'><strong>recitantur?</strong></span> <span class='ocrx_word' id='word_1_112' title='bbox 627 1204 667 1247; x_wconf 92' lang='lat' dir='ltr'><strong>Si</strong></span> <span class='ocrx_word' id='word_1_113' title='bbox 692 1202 949 1248; x_wconf 84' lang='lat' dir='ltr'><strong>Caecilianus</strong></span> <span class='ocrx_word' id='word_1_114' title='bbox 969 1237 980 1257; x_wconf 91' lang='lat'><strong>,</strong></span> <span class='ocrx_word' id='word_1_115' title='bbox 1001 1212 1151 1247; x_wconf 83' lang='lat' dir='ltr'><strong>contra</strong></span> <span class='ocrx_word' id='word_1_116' title='bbox 1169 1219 1299 1262; x_wconf 88' lang='lat' dir='ltr'><strong>quem</strong></span> <span class='ocrx_word' id='word_1_117' title='bbox 1321 1202 1453 1247; x_wconf 87' lang='lat' dir='ltr'><strong>semel</strong></span> 
     </span>
     <span class='ocr_line' id='line_1_15' title="bbox 66 1270 1453 1331; baseline 0.003 -18"><span class='ocrx_word' id='word_1_118' title='bbox 66 1270 211 1314; x_wconf 87' lang='lat' dir='ltr'><strong>fuerat</strong></span> <span class='ocrx_word' id='word_1_119' title='bbox 237 1271 293 1314; x_wconf 89' lang='lat' dir='ltr'><strong>ab</strong></span> <span class='ocrx_word' id='word_1_120' title='bbox 313 1270 394 1314; x_wconf 90' lang='lat' dir='ltr'><strong>illis</strong></span> <span class='ocrx_word' id='word_1_121' title='bbox 416 1273 687 1331; x_wconf 86' lang='lat' dir='ltr'><strong>septuaginta</strong></span> <span class='ocrx_word' id='word_1_122' title='bbox 701 1271 970 1331; x_wconf 85' lang='lat' dir='ltr'><strong>judicatum,</strong></span> <span class='ocrx_word' id='word_1_123' title='bbox 996 1288 1085 1317; x_wconf 91' lang='lat' dir='ltr'><strong>non</strong></span> <span class='ocrx_word' id='word_1_124' title='bbox 1107 1272 1262 1317; x_wconf 85' lang='lat' dir='ltr'><strong>debuit</strong></span> <span class='ocrx_word' id='word_1_125' title='bbox 1278 1274 1367 1331; x_wconf 82' lang='lat' dir='ltr'><strong>jam</strong></span> <span class='ocrx_word' id='word_1_126' title='bbox 1387 1273 1453 1317; x_wconf 92' lang='lat' dir='ltr'><strong>lo-</strong></span> 
     </span>
     <span class='ocr_line' id='line_1_16' title="bbox 67 1340 1455 1401; baseline 0.002 -17"><span class='ocrx_word' id='word_1_127' title='bbox 67 1354 167 1384; x_wconf 88' lang='lat' dir='ltr'><strong>cum</strong></span> <span class='ocrx_word' id='word_1_128' title='bbox 191 1340 459 1399; x_wconf 85' lang='lat' dir='ltr'><strong>purgationis</strong></span> <span class='ocrx_word' id='word_1_129' title='bbox 485 1342 539 1385; x_wconf 87' lang='lat' dir='ltr'><strong>ab</strong></span> <span class='ocrx_word' id='word_1_130' title='bbox 571 1342 662 1386; x_wconf 87' lang='lat' dir='ltr'><strong>aliis</strong></span> <span class='ocrx_word' id='word_1_131' title='bbox 679 1343 899 1401; x_wconf 89' lang='lat' dir='ltr'><strong>judicibus</strong></span> <span class='ocrx_word' id='word_1_132' title='bbox 923 1343 1115 1388; x_wconf 89' lang='lat' dir='ltr'><strong>invenire</strong></span> <span class='ocrx_word' id='word_1_133' title='bbox 1135 1362 1142 1387; x_wconf 91' lang='lat'>:</span> <span class='ocrx_word' id='word_1_134' title='bbox 1169 1358 1249 1387; x_wconf 87' lang='lat' dir='ltr'><strong>nec</strong></span> <span class='ocrx_word' id='word_1_135' title='bbox 1271 1343 1455 1387; x_wconf 85' lang='lat' dir='ltr'><strong>Primia-</strong></span> 
     </span>
     <span class='ocr_line' id='line_1_17' title="bbox 66 1410 1448 1473; baseline 0.002 -19"><span class='ocrx_word' id='word_1_136' title='bbox 66 1425 149 1455; x_wconf 86' lang='lat' dir='ltr'><strong>nus</strong></span> <span class='ocrx_word' id='word_1_137' title='bbox 179 1410 346 1465; x_wconf 89' lang='lat' dir='ltr'><strong>debuit,</strong></span> <span class='ocrx_word' id='word_1_138' title='bbox 381 1427 512 1471; x_wconf 91' lang='lat' dir='ltr'><strong>quem</strong></span> <span class='ocrx_word' id='word_1_139' title='bbox 539 1413 630 1471; x_wconf 86' lang='lat' dir='ltr'><strong>jam</strong></span> <span class='ocrx_word' id='word_1_140' title='bbox 664 1422 786 1457; x_wconf 89' lang='lat' dir='ltr'><strong>tanto</strong></span> <span class='ocrx_word' id='word_1_141' title='bbox 818 1413 962 1472; x_wconf 91' lang='lat' dir='ltr'><strong>plures</strong></span> <span class='ocrx_word' id='word_1_142' title='bbox 991 1428 1122 1473; x_wconf 89' lang='lat' dir='ltr'><strong>quam</strong></span> <span class='ocrx_word' id='word_1_143' title='bbox 1159 1414 1448 1472; x_wconf 84' lang='lat' dir='ltr'><strong>septuaginta,</strong></span> 
     </span>
     <span class='ocr_line' id='line_1_18' title="bbox 68 1480 1450 1541; baseline 0.001 -18"><span class='ocrx_word' id='word_1_144' title='bbox 68 1480 207 1539; x_wconf 88' lang='lat' dir='ltr'><strong>prima</strong></span> <span class='ocrx_word' id='word_1_145' title='bbox 226 1481 239 1505; x_wconf 89' lang='lat'><strong>¹</strong></span> <span class='ocrx_word' id='word_1_146' title='bbox 265 1481 588 1535; x_wconf 86' lang='lat' dir='ltr'><strong>confirmantes,</strong></span> <span class='ocrx_word' id='word_1_147' title='bbox 619 1483 809 1526; x_wconf 88' lang='lat' dir='ltr'><strong>secunda</strong></span> <span class='ocrx_word' id='word_1_148' title='bbox 839 1483 1086 1541; x_wconf 87' lang='lat' dir='ltr'><strong>cognitione</strong></span> <span class='ocrx_word' id='word_1_149' title='bbox 1117 1482 1450 1526; x_wconf 85' lang='lat' dir='ltr'><strong>damnaverunt.</strong></span> 
     </span>
     <span class='ocr_line' id='line_1_19' title="bbox 71 1550 1451 1612; baseline 0.002 -19"><span class='ocrx_word' id='word_1_150' title='bbox 71 1550 115 1594; x_wconf 90' lang='lat' dir='ltr'><strong>Si</strong></span> <span class='ocrx_word' id='word_1_151' title='bbox 136 1559 281 1594; x_wconf 89' lang='lat' dir='ltr'><strong>autem</strong></span> <span class='ocrx_word' id='word_1_152' title='bbox 304 1551 368 1594; x_wconf 91' lang='lat' dir='ltr'><strong>bis</strong></span> <span class='ocrx_word' id='word_1_153' title='bbox 390 1551 597 1596; x_wconf 87' lang='lat' dir='ltr'><strong>damnato</strong></span> <span class='ocrx_word' id='word_1_154' title='bbox 614 1586 624 1606; x_wconf 95' lang='lat'>‚</span> <span class='ocrx_word' id='word_1_155' title='bbox 648 1552 824 1596; x_wconf 91' lang='lat' dir='ltr'><strong>tertium</strong></span> <span class='ocrx_word' id='word_1_156' title='bbox 847 1553 968 1612; x_wconf 86' lang='lat' dir='ltr'><strong>quod</strong></span> <span class='ocrx_word' id='word_1_157' title='bbox 986 1554 1074 1611; x_wconf 85' lang='lat' dir='ltr'><strong>jam</strong></span> <span class='ocrx_word' id='word_1_158' title='bbox 1097 1567 1176 1610; x_wconf 88' lang='lat' dir='ltr'><strong>pro</strong></span> <span class='ocrx_word' id='word_1_159' title='bbox 1195 1551 1269 1596; x_wconf 87' lang='lat' dir='ltr'><strong>illo</strong></span> <span class='ocrx_word' id='word_1_160' title='bbox 1286 1552 1451 1596; x_wconf 80' lang='lat' dir='ltr'><strong>factum</strong></span> 
     </span>
     <span class='ocr_line' id='line_1_20' title="bbox 69 1621 1457 1682; baseline 0.001 -18"><span class='ocrx_word' id='word_1_161' title='bbox 69 1630 130 1665; x_wconf 89' lang='lat' dir='ltr'><strong>est</strong></span> <span class='ocrx_word' id='word_1_162' title='bbox 147 1621 363 1680; x_wconf 89' lang='lat' dir='ltr'><strong>judicium</strong></span> <span class='ocrx_word' id='word_1_163' title='bbox 385 1623 743 1667; x_wconf 81' lang='lat' dir='ltr'><strong>sufficientissime</strong></span> <span class='ocrx_word' id='word_1_164' title='bbox 762 1623 1027 1682; x_wconf 83' lang='lat' dir='ltr'><strong>suffragatur</strong></span> <span class='ocrx_word' id='word_1_165' title='bbox 1053 1641 1061 1667; x_wconf 92' lang='lat'>:</span> <span class='ocrx_word' id='word_1_166' title='bbox 1087 1637 1165 1666; x_wconf 90' lang='lat' dir='ltr'><strong>cur</strong></span> <span class='ocrx_word' id='word_1_167' title='bbox 1182 1621 1315 1666; x_wconf 88' lang='lat' dir='ltr'><strong>semel</strong></span> <span class='ocrx_word' id='word_1_168' title='bbox 1333 1621 1457 1666; x_wconf 90' lang='lat' dir='ltr'><strong>dam-</strong></span> 
     </span>
     <span class='ocr_line' id='line_1_21' title="bbox 68 1691 1453 1746; baseline 0 -12"><span class='ocrx_word' id='word_1_169' title='bbox 68 1699 173 1734; x_wconf 87' lang='lat' dir='ltr'><strong>nato</strong></span> <span class='ocrx_word' id='word_1_170' title='bbox 196 1706 285 1734; x_wconf 90' lang='lat' dir='ltr'><strong>non</strong></span> <span class='ocrx_word' id='word_1_171' title='bbox 308 1691 504 1735; x_wconf 86' lang='lat' dir='ltr'><strong>sufficere</strong></span> <span class='ocrx_word' id='word_1_172' title='bbox 527 1691 582 1735; x_wconf 91' lang='lat' dir='ltr'><strong>ad</strong></span> <span class='ocrx_word' id='word_1_173' title='bbox 604 1692 926 1737; x_wconf 89' lang='lat' dir='ltr'><strong>absolutionem</strong></span> <span class='ocrx_word' id='word_1_174' title='bbox 958 1692 1222 1746; x_wconf 88' lang='lat' dir='ltr'><strong>secundum,</strong></span> <span class='ocrx_word' id='word_1_175' title='bbox 1247 1691 1423 1734; x_wconf 90' lang='lat' dir='ltr'><strong>tertium</strong></span> <span class='ocrx_word' id='word_1_176' title='bbox 1441 1725 1453 1745; x_wconf 89' lang='lat'><strong>,</strong></span> 
     </span>
     <span class='ocr_line' id='line_1_22' title="bbox 69 1761 1455 1821; baseline 0.001 -19"><span class='ocrx_word' id='word_1_177' title='bbox 69 1769 274 1819; x_wconf 88' lang='lat' dir='ltr'><strong>quartum</strong></span> <span class='ocrx_word' id='word_1_178' title='bbox 299 1794 310 1814; x_wconf 97' lang='lat'><strong>‚</strong></span> <span class='ocrx_word' id='word_1_179' title='bbox 357 1761 651 1821; x_wconf 89' lang='lat' dir='ltr'><strong>quintumque</strong></span> <span class='ocrx_word' id='word_1_180' title='bbox 693 1763 908 1821; x_wconf 89' lang='lat' dir='ltr'><strong>judicium</strong></span> <span class='ocrx_word' id='word_1_181' title='bbox 935 1797 946 1816; x_wconf 93' lang='lat'><strong>‚</strong></span> <span class='ocrx_word' id='word_1_182' title='bbox 991 1762 1136 1806; x_wconf 91' lang='lat' dir='ltr'><strong>nescio</strong></span> <span class='ocrx_word' id='word_1_183' title='bbox 1178 1776 1263 1820; x_wconf 88' lang='lat' dir='ltr'><strong>qua</strong></span> <span class='ocrx_word' id='word_1_184' title='bbox 1308 1761 1455 1804; x_wconf 84' lang='lat' dir='ltr'><strong>fronte</strong></span> 
     </span>
     <span class='ocr_line' id='line_1_23' title="bbox 69 1829 1459 1884; baseline -0.001 -11"><span class='ocrx_word' id='word_1_185' title='bbox 69 1829 227 1884; x_wconf 86' lang='lat' dir='ltr'><strong>ferrea,</strong></span> <span class='ocrx_word' id='word_1_186' title='bbox 247 1830 538 1874; x_wconf 84' lang='lat' dir='ltr'><strong>contenditis?</strong></span> <span class='ocrx_word' id='word_1_187' title='bbox 560 1830 690 1884; x_wconf 85' lang='lat' dir='ltr'><strong>Quod</strong></span> <span class='ocrx_word' id='word_1_188' title='bbox 713 1832 746 1875; x_wconf 91' lang='lat' dir='ltr'><strong>si</strong></span> <span class='ocrx_word' id='word_1_189' title='bbox 766 1847 842 1875; x_wconf 90' lang='lat' dir='ltr'><strong>vos</strong></span> <span class='ocrx_word' id='word_1_190' title='bbox 860 1830 972 1875; x_wconf 66' lang='lat' dir='ltr'><strong>forte</strong></span> <span class='ocrx_word' id='word_1_191' title='bbox 994 1845 1202 1873; x_wconf 89' lang='lat' dir='ltr'><strong>numerus</strong></span> <span class='ocrx_word' id='word_1_192' title='bbox 1223 1838 1382 1882; x_wconf 83' lang='lat' dir='ltr'><strong>movet,</strong></span> <span class='ocrx_word' id='word_1_193' title='bbox 1409 1838 1459 1872; x_wconf 90' lang='lat' dir='ltr'><strong>ut</strong></span> 
     </span>
     <span class='ocr_line' id='line_1_24' title="bbox 69 1898 1456 1961; baseline -0.001 -18"><span class='ocrx_word' id='word_1_194' title='bbox 69 1898 170 1944; x_wconf 92' lang='lat' dir='ltr'><strong>ideo</strong></span> <span class='ocrx_word' id='word_1_195' title='bbox 200 1909 351 1944; x_wconf 86' lang='lat' dir='ltr'><strong>contra</strong></span> <span class='ocrx_word' id='word_1_196' title='bbox 375 1911 570 1955; x_wconf 89' lang='lat' dir='ltr'><strong>centum,</strong></span> <span class='ocrx_word' id='word_1_197' title='bbox 603 1916 626 1945; x_wconf 91' lang='lat' dir='ltr'><strong>a</strong></span> <span class='ocrx_word' id='word_1_198' title='bbox 649 1902 810 1961; x_wconf 85' lang='lat' dir='ltr'><strong>quibus</strong></span> <span class='ocrx_word' id='word_1_199' title='bbox 837 1902 1068 1944; x_wconf 88' lang='lat' dir='ltr'><strong>damnatus</strong></span> <span class='ocrx_word' id='word_1_200' title='bbox 1103 1908 1167 1943; x_wconf 87' lang='lat' dir='ltr'><strong>cst</strong></span> <span class='ocrx_word' id='word_1_201' title='bbox 1195 1899 1456 1953; x_wconf 89' lang='lat' dir='ltr'><strong>Primianus,</strong></span> 
     </span>
     <span class='ocr_line' id='line_1_25' title="bbox 69 1968 1459 2028; baseline -0.001 -16"><span class='ocrx_word' id='word_1_202' title='bbox 69 1969 213 2013; x_wconf 89' lang='lat' dir='ltr'><strong>valere</strong></span> <span class='ocrx_word' id='word_1_203' title='bbox 244 1969 510 2012; x_wconf 88' lang='lat' dir='ltr'><strong>arbitremini</strong></span> <span class='ocrx_word' id='word_1_204' title='bbox 546 1972 780 2028; x_wconf 86' lang='lat' dir='ltr'><strong>Bagaiense</strong></span> <span class='ocrx_word' id='word_1_205' title='bbox 812 1968 1063 2023; x_wconf 89' lang='lat' dir='ltr'><strong>concilium,</strong></span> <span class='ocrx_word' id='word_1_206' title='bbox 1099 1969 1199 2028; x_wconf 84' lang='lat' dir='ltr'><strong>quia</strong></span> <span class='ocrx_word' id='word_1_207' title='bbox 1229 1970 1272 2012; x_wconf 92' lang='lat' dir='ltr'><strong>in</strong></span> <span class='ocrx_word' id='word_1_208' title='bbox 1303 1983 1354 2012; x_wconf 89' lang='lat' dir='ltr'><strong>eo</strong></span> <span class='ocrx_word' id='word_1_209' title='bbox 1378 1977 1459 2012; x_wconf 84' lang='lat' dir='ltr'><strong>tre·</strong></span> 
     </span>
     <span class='ocr_line' id='line_1_26' title="bbox 71 2037 1461 2098; baseline -0.001 -16"><span class='ocrx_word' id='word_1_210' title='bbox 71 2038 186 2083; x_wconf 90' lang='lat' dir='ltr'><strong>centi</strong></span> <span class='ocrx_word' id='word_1_211' title='bbox 208 2047 251 2082; x_wconf 89' lang='lat' dir='ltr'><strong>et</strong></span> <span class='ocrx_word' id='word_1_212' title='bbox 273 2038 424 2082; x_wconf 91' lang='lat' dir='ltr'><strong>decem</strong></span> <span class='ocrx_word' id='word_1_213' title='bbox 445 2037 738 2084; x_wconf 80' lang='lat' dir='ltr'><strong>fueruntzcur</strong></span> <span class='ocrx_word' id='word_1_214' title='bbox 760 2040 805 2082; x_wconf 93' lang='lat' dir='ltr'><strong>in</strong></span> <span class='ocrx_word' id='word_1_215' title='bbox 829 2048 951 2083; x_wconf 83' lang='lat' dir='ltr'><strong>tanto</strong></span> <span class='ocrx_word' id='word_1_216' title='bbox 978 2038 1130 2098; x_wconf 85' lang='lat' dir='ltr'><strong>majori</strong></span> <span class='ocrx_word' id='word_1_217' title='bbox 1154 2053 1337 2082; x_wconf 90' lang='lat' dir='ltr'><strong>numero</strong></span> <span class='ocrx_word' id='word_1_218' title='bbox 1351 2037 1461 2095; x_wconf 87' lang='lat' dir='ltr'><strong>epis-</strong></span> 
     </span>
     <span class='ocr_line' id='line_1_27' title="bbox 72 2107 1187 2171; baseline -0.003 -19"><span class='ocrx_word' id='word_1_219' title='bbox 72 2123 281 2168; x_wconf 90' lang='lat' dir='ltr'><strong>coporum</strong></span> <span class='ocrx_word' id='word_1_220' title='bbox 304 2108 400 2153; x_wconf 91' lang='lat' dir='ltr'><strong>orbi</strong></span> <span class='ocrx_word' id='word_1_221' title='bbox 423 2118 634 2171; x_wconf 87' lang='lat' dir='ltr'><strong>terrarum</strong></span> <span class='ocrx_word' id='word_1_222' title='bbox 657 2110 899 2153; x_wconf 89' lang='lat' dir='ltr'><strong>consentire</strong></span> <span class='ocrx_word' id='word_1_223' title='bbox 921 2123 1010 2152; x_wconf 93' lang='lat' dir='ltr'><strong>non</strong></span> <span class='ocrx_word' id='word_1_224' title='bbox 1032 2107 1187 2150; x_wconf 80' lang='lat' dir='ltr'><strong>vultis?</strong></span> 
     </span>
    </p>

    <p class='ocr_par' dir='ltr' id='par_1_3' title="bbox 73 2176 1460 2582">
     <span class='ocr_line' id='line_1_28' title="bbox 132 2176 1458 2237; baseline -0.002 -16"><span class='ocrx_word' id='word_1_225' title='bbox 132 2179 187 2221; x_wconf 88' lang='lat' dir='ltr'><strong>X.</strong></span> <span class='ocrx_word' id='word_1_226' title='bbox 210 2177 339 2231; x_wconf 92' lang='lat' dir='ltr'><strong>Quod</strong></span> <span class='ocrx_word' id='word_1_227' title='bbox 362 2187 507 2221; x_wconf 91' lang='lat' dir='ltr'><strong>autem</strong></span> <span class='ocrx_word' id='word_1_228' title='bbox 526 2179 675 2237; x_wconf 89' lang='lat' dir='ltr'><strong>objicis</strong></span> <span class='ocrx_word' id='word_1_229' title='bbox 697 2179 930 2222; x_wconf 89' lang='lat' dir='ltr'><strong>Caeciliano</strong></span> <span class='ocrx_word' id='word_1_230' title='bbox 953 2186 1180 2237; x_wconf 81' lang='lat' dir='ltr'><strong>peccatum</strong></span> <span class='ocrx_word' id='word_1_231' title='bbox 1202 2176 1311 2220; x_wconf 91' lang='lat' dir='ltr'><strong>illud</strong></span> <span class='ocrx_word' id='word_1_232' title='bbox 1334 2176 1458 2219; x_wconf 86' lang='lat' dir='ltr'><strong>inex·</strong></span> 
     </span>
     <span class='ocr_line' id='line_1_29' title="bbox 73 2246 1458 2307; baseline -0.002 -17"><span class='ocrx_word' id='word_1_233' title='bbox 73 2246 233 2307; x_wconf 87' lang='lat' dir='ltr'><strong>piabile</strong></span> <span class='ocrx_word' id='word_1_234' title='bbox 254 2247 299 2291; x_wconf 91' lang='lat' dir='ltr'><strong>in</strong></span> <span class='ocrx_word' id='word_1_235' title='bbox 323 2247 531 2306; x_wconf 90' lang='lat' dir='ltr'><strong>Spiritum</strong></span> <span class='ocrx_word' id='word_1_236' title='bbox 553 2257 750 2291; x_wconf 86' lang='lat' dir='ltr'><strong>sanctum</strong></span> <span class='ocrx_word' id='word_1_237' title='bbox 772 2281 783 2302; x_wconf 89' lang='lat'><strong>,</strong></span> <span class='ocrx_word' id='word_1_238' title='bbox 804 2247 859 2291; x_wconf 90' lang='lat' dir='ltr'><strong>de</strong></span> <span class='ocrx_word' id='word_1_239' title='bbox 877 2263 966 2307; x_wconf 87' lang='lat' dir='ltr'><strong>quo</strong></span> <span class='ocrx_word' id='word_1_240' title='bbox 984 2248 1190 2291; x_wconf 87' lang='lat' dir='ltr'><strong>Dominus</strong></span> <span class='ocrx_word' id='word_1_241' title='bbox 1213 2247 1287 2300; x_wconf 87' lang='lat' dir='ltr'><strong>ait,</strong></span> <span class='ocrx_word' id='word_1_242' title='bbox 1318 2264 1336 2286; x_wconf 91' lang='lat'>«</span> <span class='ocrx_word' id='word_1_243' title='bbox 1361 2247 1458 2290; x_wconf 91' lang='lat' dir='ltr'><strong>Non</strong></span> 
     </span>
     <span class='ocr_line' id='line_1_30' title="bbox 77 2315 1460 2376; baseline -0.001 -17"><span class='ocrx_word' id='word_1_244' title='bbox 77 2334 99 2359; x_wconf 85' lang='lat'>»</span> <span class='ocrx_word' id='word_1_245' title='bbox 125 2317 369 2361; x_wconf 87' lang='lat' dir='ltr'><strong>remittetur</strong></span> <span class='ocrx_word' id='word_1_246' title='bbox 398 2332 541 2376; x_wconf 88' lang='lat' dir='ltr'><strong>neque</strong></span> <span class='ocrx_word' id='word_1_247' title='bbox 572 2318 658 2371; x_wconf 88' lang='lat' dir='ltr'><strong>hic,</strong></span> <span class='ocrx_word' id='word_1_248' title='bbox 691 2332 833 2376; x_wconf 88' lang='lat' dir='ltr'><strong>neque</strong></span> <span class='ocrx_word' id='word_1_249' title='bbox 857 2318 901 2360; x_wconf 91' lang='lat' dir='ltr'><strong>in</strong></span> <span class='ocrx_word' id='word_1_250' title='bbox 931 2316 1084 2360; x_wconf 83' lang='lat' dir='ltr'><strong>futuro</strong></span> <span class='ocrx_word' id='word_1_251' title='bbox 1114 2315 1272 2360; x_wconf 83' lang='lat' dir='ltr'><strong>saeculo</strong></span> <span class='ocrx_word' id='word_1_252' title='bbox 1292 2318 1336 2358; x_wconf 75' lang='lat'><strong>²:</strong></span> <span class='ocrx_word' id='word_1_253' title='bbox 1365 2333 1385 2354; x_wconf 92' lang='lat'>»</span> <span class='ocrx_word' id='word_1_254' title='bbox 1416 2322 1460 2358; x_wconf 88' lang='lat' dir='ltr'><strong>et</strong></span> 
     </span>
     <span class='ocr_line' id='line_1_31' title="bbox 77 2382 1458 2445; baseline -0.003 -15"><span class='ocrx_word' id='word_1_255' title='bbox 77 2401 156 2430; x_wconf 83' lang='lat' dir='ltr'><strong>nos</strong></span> <span class='ocrx_word' id='word_1_256' title='bbox 179 2401 399 2445; x_wconf 88' lang='lat' dir='ltr'><strong>possemus</strong></span> <span class='ocrx_word' id='word_1_257' title='bbox 421 2386 564 2430; x_wconf 84' lang='lat' dir='ltr'><strong>dicere</strong></span> <span class='ocrx_word' id='word_1_258' title='bbox 581 2421 592 2440; x_wconf 93' lang='lat'><strong>,</strong></span> <span class='ocrx_word' id='word_1_259' title='bbox 618 2386 838 2430; x_wconf 74' lang='lat' dir='ltr'><strong>feliciano</strong></span> <span class='ocrx_word' id='word_1_260' title='bbox 857 2386 1095 2430; x_wconf 86' lang='lat' dir='ltr'><strong>Mustitano</strong></span> <span class='ocrx_word' id='word_1_261' title='bbox 1112 2420 1122 2438; x_wconf 89' lang='lat'><strong>,</strong></span> <span class='ocrx_word' id='word_1_262' title='bbox 1147 2399 1276 2444; x_wconf 86' lang='lat' dir='ltr'><strong>quem</strong></span> <span class='ocrx_word' id='word_1_263' title='bbox 1306 2382 1458 2438; x_wconf 87' lang='lat' dir='ltr'><strong>hodie,</strong></span> 
     </span>
     <span class='ocr_line' id='line_1_32' title="bbox 76 2453 1460 2513; baseline -0.004 -13"><span class='ocrx_word' id='word_1_264' title='bbox 76 2471 176 2500; x_wconf 90' lang='lat' dir='ltr'><strong>cum</strong></span> <span class='ocrx_word' id='word_1_265' title='bbox 196 2455 411 2500; x_wconf 89' lang='lat' dir='ltr'><strong>Primiano</strong></span> <span class='ocrx_word' id='word_1_266' title='bbox 430 2455 599 2499; x_wconf 87' lang='lat' dir='ltr'><strong>habetis</strong></span> <span class='ocrx_word' id='word_1_267' title='bbox 617 2455 884 2513; x_wconf 90' lang='lat' dir='ltr'><strong>episcopum,</strong></span> <span class='ocrx_word' id='word_1_268' title='bbox 911 2470 1047 2498; x_wconf 89' lang='lat' dir='ltr'><strong>unum</strong></span> <span class='ocrx_word' id='word_1_269' title='bbox 1067 2470 1116 2497; x_wconf 82' lang='lat' dir='ltr'><strong>cx</strong></span> <span class='ocrx_word' id='word_1_270' title='bbox 1139 2453 1460 2497; x_wconf 85' lang='lat' dir='ltr'><strong>ordinatoribus</strong></span> 
     </span>
     <span class='ocr_line' id='line_1_33' title="bbox 78 2521 1458 2582; baseline -0.004 -13"><span class='ocrx_word' id='word_1_271' title='bbox 78 2524 325 2570; x_wconf 84' lang='lat' dir='ltr'><strong>Maximiani</strong></span> <span class='ocrx_word' id='word_1_272' title='bbox 352 2523 766 2582; x_wconf 84' lang='lat' dir='ltr'><strong>damnatoribusque</strong></span> <span class='ocrx_word' id='word_1_273' title='bbox 795 2524 926 2582; x_wconf 90' lang='lat' dir='ltr'><strong>ipsius</strong></span> <span class='ocrx_word' id='word_1_274' title='bbox 952 2524 1154 2567; x_wconf 87' lang='lat' dir='ltr'><strong>Primiani</strong></span> <span class='ocrx_word' id='word_1_275' title='bbox 1178 2538 1200 2566; x_wconf 93' lang='lat' dir='ltr'><strong>a</strong></span> <span class='ocrx_word' id='word_1_276' title='bbox 1222 2537 1310 2580; x_wconf 78' lang='lat' dir='ltr'><strong>quo</strong></span> <span class='ocrx_word' id='word_1_277' title='bbox 1330 2521 1458 2566; x_wconf 87' lang='lat' dir='ltr'><strong>etiam</strong></span> 
     </span>
    </p>
   </div>
   <div class='ocr_carea' id='block_1_3' title="bbox 130 2608 1203 2650">
    <p class='ocr_par' dir='ltr' id='par_1_4' title="bbox 130 2608 1203 2650">
     <span class='ocr_line' id='line_1_34' title="bbox 130 2608 1203 2650; baseline -0.002 -9"><span class='ocrx_word' id='word_1_278' title='bbox 130 2615 138 2631; x_wconf 87' lang='lat'><em>¹</em></span> <span class='ocrx_word' id='word_1_279' title='bbox 163 2609 268 2641; x_wconf 78' lang='lat' dir='ltr'><strong>Forte</strong></span> <span class='ocrx_word' id='word_1_280' title='bbox 289 2608 435 2650; x_wconf 80' lang='lat' dir='ltr'><strong>primam,</strong></span> <span class='ocrx_word' id='word_1_281' title='bbox 455 2608 589 2645; x_wconf 77' lang='lat' dir='ltr'><strong>scilicet,</strong></span> <span class='ocrx_word' id='word_1_282' title='bbox 608 2608 832 2650; x_wconf 75' lang='lat' dir='ltr'><strong>cognitionem.</strong></span> <span class='ocrx_word' id='word_1_283' title='bbox 852 2626 893 2632; x_wconf 86' lang='lat'><strong>-—</strong></span> <span class='ocrx_word' id='word_1_284' title='bbox 907 2615 918 2631; x_wconf 82' lang='lat'>²</span> <span class='ocrx_word' id='word_1_285' title='bbox 936 2608 1053 2641; x_wconf 63' lang='lat' dir='ltr'><strong>Manli.</strong></span> <span class='ocrx_word' id='word_1_286' title='bbox 1076 2619 1132 2645; x_wconf 76' lang='lat' dir='ltr'><strong>xii,</strong></span> <span class='ocrx_word' id='word_1_287' title='bbox 1153 2609 1203 2639; x_wconf 83' lang='lat'><strong>32.</strong></span> 
     </span>
    </p>
   </div>
  </div>
 </body>
</html>
