1825 3264
267 230 430 261 coN'rnA
461 231 725 260 ‹zm-:scommt
758 230 1045 271 nonitrls'rAm,
1082 233 1162 259 Lm.
1199 233 1246 259 11.
1373 221 1452 260 367

71 297 328 357 telligamus,
355 298 469 343 sicut
486 296 589 353 dixi,
615 298 660 342 in
675 313 863 358 quorum
882 299 1059 343 nomine
1079 298 1356 358 baptizantur
1370 297 1459 343 ido·

70 367 213 412 lorum
235 368 440 424 cultores,
467 377 516 413 ut
533 368 588 413 ab
607 368 683 414 illo
698 383 917 430 quemque
938 368 1150 427 intelligas
1170 369 1456 429 baptizatum,

70 439 116 482 iu
138 439 260 499 cujus
281 439 456 484 nomine
474 455 517 484 se
539 439 676 484 credit
695 454 784 484 esse
806 438 1083 483 mundatum.
1101 443 1167 484 Ita
1184 440 1298 483 enim
1319 449 1361 484 et
1375 439 1460 484 illic

71 508 219 554 nullus
236 511 467 570 excipitur,
489 510 634 555 nullus
653 511 814 571 quippe
834 518 1029 554 mortuus
1057 514 1168 554 Deus
1189 526 1458 570 paganorum

70 581 283 626 mundare
299 591 441 642 potest
456 582 681 626 eredentes
701 583 745 626 in
764 597 823 627 se.
847 583 889 627 Si
907 590 1051 626 autem
1070 582 1268 628 hocloco
1286 597 1460 627 omnem

71 652 291 697 hominem
323 662 595 712 peccatorem
629 652 890 698 intellexeris
920 662 1177 712 mortuum,
1214 661 1330 698 tanta
1363 669 1463 714 quae

71 737 160 768 non
181 723 244 767 vis
267 732 309 767 te
330 732 584 784 sequentur,
611 732 660 768 ut
685 724 776 783 ipse
796 723 1170 784 quemadmodum
1194 723 1310 769 vivas
1341 725 1461 769 inve-

70 794 162 838 nire
182 810 270 839 non
295 795 454 854 possis,
481 794 654 840 dicente
684 798 868 851 Joanne,
895 796 928 840 si
960 794 1195 839 dixerimus
1220 795 1323 855 quia
1356 810 1464 854 pcc-

72 874 218 909 catum
243 880 333 910 non
367 865 596 922 habemus,
619 881 696 927 nos
731 867 844 926 ipsos
868 866 1132 926 decipimus,
1166 875 1208 910 et
1240 867 1397 910 veritas
1418 866 1461 908 in

75 936 203 981 nobis
227 952 316 982 non
340 939 428 982 est¹
455 956 464 982 z
489 946 538 981 ut
560 938 739 983 omnino
760 954 847 983 non
872 937 1066 981 invenias
1084 937 1307 981 hominem
1331 952 1352 981 a
1375 952 1463 997 quo

73 1006 319 1066 baptizeris,
340 1008 374 1051 si
394 1023 568 1053 omnem
592 1020 861 1068 peccatorem
885 1007 1078 1052 devitare
1100 1007 1301 1052 volueris.

128 1079 334 1122 XXXIV.
361 1080 624 1139 Quanquam
647 1079 681 1123 si
705 1093 881 1138 prorsus
902 1087 1124 1123 mortuum
1146 1093 1234 1123 non
1251 1077 1465 1136 intellige-

70 1162 136 1192 res
151 1147 232 1192 nisi
255 1148 508 1193 haereticum
525 1147 595 1194 vel
612 1150 949 1204 schismaticum,
970 1157 1020 1193 ut
1037 1149 1232 1208 quisquis
1254 1148 1372 1207 apud
1394 1163 1466 1192 eos

69 1218 317 1278 baptizatur
338 1233 362 1263 a
385 1227 577 1274 mortuo,
602 1220 707 1279 quid
730 1221 768 1263 ei
791 1219 969 1280 prodest
998 1220 1157 1264 lavatio
1193 1220 1285 1280 ejus
1301 1254 1312 1274 ,
1342 1218 1463 1278 quod

68 1287 206 1344 vides,
230 1304 361 1350 quam
383 1289 595 1349 praecipiti
622 1291 961 1350 praesumptione
984 1291 1043 1334 sic
1071 1290 1325 1349 accipiatur,
1351 1304 1399 1333 ac
1430 1288 1463 1333 si

71 1358 239 1403 dictum
264 1360 318 1404 sit
334 1395 344 1415 ,
370 1361 446 1421 qui
469 1360 716 1420 baptizatur
738 1361 793 1404 ab
821 1361 1027 1404 haeretico
1055 1360 1124 1404 vel
1157 1360 1429 1404 schismatico
1450 1378 1458 1403 :

69 1444 150 1474 nec
167 1430 227 1475 sic
244 1440 394 1475 contra
413 1446 492 1475 nos
512 1440 636 1486 esset,
653 1431 729 1491 qui
748 1430 936 1475 fatemur
954 1429 1063 1474 nihil
1081 1429 1282 1489 prodesse
1299 1430 1465 1474 homini

9 1519 11 1521 ·
70 1500 337 1560 baptismum
351 1502 527 1556 Christi,
547 1502 580 1546 si
598 1501 715 1561 apud
733 1502 959 1545 haereticos
971 1500 1038 1546 vel
1052 1501 1344 1546 schismaticos
1363 1502 1466 1561 bap-

69 1571 242 1626 tizetur,
267 1572 326 1616 eis
346 1572 446 1631 ipsis
473 1573 668 1616 tribuens
693 1571 958 1631 baptismum
981 1587 1070 1632 quo
1094 1571 1363 1631 baptizatur,
1387 1571 1464 1616 sed

71 1648 179 1685 tunc
199 1641 237 1684 ei
260 1640 462 1700 prodesse
485 1642 690 1702 incipere,
716 1656 817 1686 cum
849 1642 1002 1685 transit
1027 1640 1080 1685 ad
1099 1657 1258 1700 corpus
1279 1642 1461 1698 Christi,

71 1710 192 1772 quod
209 1721 272 1756 est
290 1712 479 1756 Ecclesia
498 1713 573 1757 Dei
589 1713 688 1758 vivi.
713 1715 834 1757 Tunc
852 1713 967 1756 enim
983 1713 1065 1756 sul)
1078 1711 1231 1757 eodem
1250 1713 1465 1772 baptismo

69 1781 191 1843 quod
211 1791 254 1826 et
274 1781 375 1827 foris
392 1783 553 1828 Christi
576 1791 683 1838 erat,
709 1784 785 1827 sed
808 1782 911 1827 foris
934 1783 1074 1842 posito
1091 1784 1201 1827 nihil
1225 1785 1457 1843 proderat,

70 1853 287 1898 mundato
304 1852 498 1913 proderit
517 1854 571 1898 ab
586 1869 637 1899 eo
660 1855 783 1914 cujus
804 1855 1008 1898 membris
1031 1856 1216 1900 insertus
1236 1864 1314 1900 est.

128 1925 312 1969 XXXV.
347 1926 438 1970 Nec
470 1924 589 1968 illam
621 1933 736 1969 tuam
768 1925 952 1968 nimium
981 1940 1176 1969 severam
1208 1925 1466 1970 sententiam

71 1993 337 2049 formidabo,
364 2009 449 2054 qua
479 1995 650 2050 dixisti,
680 2014 698 2037 «
726 1995 930 2054 Quisquis
954 2005 1154 2054 peccator
1176 1996 1290 2040 inter
1316 2011 1466 2040 omnes

71 2065 270 2110 homines
298 2066 456 2122 fuerit,
490 2067 561 2126 jus
584 2067 664 2111 sibi
688 2067 956 2127 baptismatis
986 2083 1074 2111 non
1102 2077 1281 2126 usurpet
1307 2087 1315 2112 :
1339 2087 1359 2109 »
1385 2068 1464 2112 nisi

72 2137 173 2198 quia
187 2153 275 2183 non
290 2138 457 2183 invenis
471 2138 565 2198 quis
579 2139 790 2183 veraciter
803 2138 918 2183 dicat
933 2139 976 2182 in
992 2140 1198 2184 Oratione
1213 2140 1437 2184 Dominica
1455 2159 1463 2184 :

77 2225 98 2250 «
122 2208 299 2253 Dimitte
317 2209 443 2254 nobis
465 2209 612 2254 debita
638 2218 784 2254 nostra
806 2209 917 2254 sicut
939 2219 981 2254 et
1000 2225 1077 2254 nos
1105 2210 1364 2254 dimittimus
1385 2209 1465 2254 de-

75 2297 96 2321 »
132 2279 346 2325 bitoribus
369 2281 577 2338 nostris²3
615 2300 634 2321 »
670 2282 750 2325 nisi
782 2290 1050 2341 peccatorem
1080 2297 1124 2325 se
1143 2297 1233 2326 esse
1255 2280 1458 2326 fateatur.

72 2349 241 2395 Vellem
279 2351 473 2410 singulos
515 2352 782 2410 interrogare
817 2353 893 2412 qui
940 2352 1161 2410 baptizant
1197 2351 1313 2411 apud
1354 2368 1431 2397 vos
1447 2388 1458 2407 ,

75 2429 222 2465 utrum
245 2431 493 2481 peccatores
517 2425 697 2466 omnino
719 2438 808 2466 non
837 2422 935 2465 sint.
964 2425 1108 2465 Potest
1138 2422 1254 2466 euim
1277 2422 1462 2481 quilibet

73 2505 225 2536 corum
249 2492 356 2536 mihi
374 2492 652 2551 respondere,
672 2494 770 2537 Non
793 2506 888 2536 sum
919 2491 1117 2549 traditor,
1143 2507 1232 2538 non
1254 2509 1350 2538 sum
1369 2495 1466 2539 thu-

126 2579 134 2597 ¹
159 2586 172 2608 1
192 2576 327 2617 Joan.1‚
346 2577 378 2609 8.
394 2592 435 2600 -
452 2581 464 2598 ²
484 2575 607 2608 Matth.
627 2585 673 2617 vi,
706 2585 757 2608 ιι.
