1825 3264
274 265 436 294 con'raA
467 268 731 295 cnnseomtm
762 268 1049 307 DONATISTAM‚
1084 271 1167 298 mn.
1206 272 1253 298 11.
1377 259 1461 299 343

82 345 171 375 non
193 338 363 374 tantum
386 329 525 386 divisi,
544 346 695 374 verum
715 341 758 374 et
776 331 819 374 in
838 333 1145 391 rebaptizando
1167 334 1380 379 diversum
1396 351 1464 381 se-

79 400 294 460 quimini3
325 400 426 445 victi
456 411 623 456 autem,
660 403 761 462 quia
793 400 943 445 datum
974 418 1050 462 per
1083 419 1162 448 nos
1199 404 1461 465 baptismum

80 478 289 529 tanquam
333 485 423 514 non
454 471 597 530 ipsum
628 471 697 516 vel
733 479 940 529 tanquam
977 472 1148 517 nullum
1189 474 1242 519 sit
1271 475 1460 532 iteratis,

79 539 200 599 quod
223 555 360 584 unum
383 550 514 600 atque
536 540 650 585 idem
665 574 677 596 ,
699 555 779 585 nec
794 540 1012 585 diversum
1030 558 1120 587 esse
1139 543 1348 588 satemmi.
1372 549 1463 590 Tua

79 612 244 670 quippe
265 611 395 655 verba
418 621 534 667 sunt,
560 612 680 671 quod
701 631 720 654 «
742 611 865 656 nobis
882 612 1093 672 vobisque
1110 615 1163 658 sit
1187 630 1272 659 una
1295 615 1461 675 religio,

82 682 236 724 eadem
259 691 549 737 sacramenta,
581 682 689 726 nihil
719 682 764 726 in
795 682 1028 727 christiana
1065 684 1366 731 observatione
1400 686 1468 729 di-

76 766 263 795 versum.
289 769 308 792 υ

138 823 194 865 Χ.
225 824 502 882 Quapropter
518 823 553 867 si
573 823 727 867 litteris
744 824 828 868 tuis
848 839 946 883 pars
972 826 1126 869 Donati
1143 827 1432 872 subscriberet
1450 862 1461 882 ‚

78 906 127 935 ac
141 892 300 950 deinde
321 893 400 937 ista
423 908 524 952 quae
543 909 566 938 a
589 902 633 937 te
652 903 783 953 atque
799 909 822 938 a
841 909 910 938 me
928 895 1042 939 dicta
1063 906 1181 948 sunt,
1206 897 1297 940 sine
1313 898 1464 942 insana

74 962 307 1020 pertinacia
323 962 392 1006 vel
406 964 675 1022 impudentia
692 965 916 1021 cogitaret,
932 964 1040 1009 nihil
1058 965 1239 1011 ulterius
1260 967 1465 1012 adversus

76 1046 155 1075 nos
177 1033 355 1076 sentiret
377 1042 452 1076 aut
483 1033 662 1077 diceret.
699 1035 781 1078 Sed
804 1036 1010 1093 quoniam
1036 1045 1084 1079 tu
1112 1051 1155 1080 es
1182 1037 1253 1081 cui
1286 1053 1467 1097 respon·

75 1101 174 1155 deo,
197 1104 285 1161 jam
316 1112 423 1161 puto
441 1104 562 1162 quod
583 1113 627 1147 et
647 1104 738 1163 ipse
760 1104 920 1159 videas,
945 1121 1076 1165 quam
1101 1121 1189 1151 non
1212 1108 1356 1152 studio
1378 1110 1464 1153 cri-

74 1171 285 1226 minandi,
306 1173 381 1216 sed
404 1174 691 1232 perniciosam
714 1173 1006 1232 redarguendi
1024 1175 1256 1232 fallaciam,
1283 1177 1463 1223 dixerim

77 1261 96 1281 «
134 1242 457 1286 Donatistarum
492 1243 798 1287 haereticorum
833 1245 1085 1302 sacrilegum
1125 1261 1329 1291 errorem.
1364 1267 1384 1289 η
1413 1252 1462 1292 In

73 1312 234 1371 quibus
266 1322 456 1371 quatuor
482 1314 625 1358 verbis
655 1315 743 1357 sive
773 1316 1021 1360 nominibus
1037 1351 1048 1370 ,
1072 1318 1174 1376 quia
1195 1318 1277 1362 hoc
1295 1318 1363 1362 vel
1384 1320 1464 1364 tibi

71 1381 139 1426 vel
174 1382 254 1425 arti
287 1384 582 1440 grammaticae
606 1383 769 1443 placet,
804 1385 993 1443 primum
1025 1387 1145 1445 quod
1179 1387 1367 1445 positum
1402 1398 1465 1433 est

75 1471 94 1493 α
114 1453 433 1496 Donatistarum
456 1472 474 1494 n
491 1488 502 1508 ,
525 1454 694 1513 corrigo
717 1464 760 1498 et
785 1463 908 1498 muto
924 1489 934 1509 ‚
959 1464 1001 1498 et
1028 1474 1047 1496 «
1074 1457 1418 1501 Donatianorum
1438 1477 1457 1498 »

72 1521 170 1567 dico
192 1541 201 1568 ε
223 1533 378 1568 caetera
391 1539 494 1569 vero
519 1525 623 1579 tria,
649 1525 855 1584 quoniam
879 1526 1096 1570 verissime
1118 1526 1233 1572 dicta
1247 1542 1337 1574 esse
1352 1530 1459 1588 jam,

71 1602 121 1636 ut
148 1603 278 1651 puto,
308 1595 464 1649 sentis,
490 1610 567 1639 vos
595 1596 821 1653 corrigite,
857 1610 933 1640 vos
966 1606 1148 1641 mutate.
1178 1600 1368 1653 Mutate‚
1393 1600 1462 1643 in-

70 1679 220 1722 quam,
246 1673 288 1708 et
311 1666 513 1724 corrigite
538 1684 558 1707 «
585 1667 945 1722 Donatianorum‚
969 1685 989 1708 »
1009 1667 1078 1712 vel
1091 1668 1322 1728 quodlibet
1339 1669 1457 1714 aliud

68 1733 252 1779 vocandi
274 1735 378 1789 sitis,
397 1745 543 1780 tamen
560 1755 580 1778 «
597 1737 902 1781 haereticorum
926 1738 1182 1797 sacrilegum
1201 1754 1389 1784 errorem
1407 1759 1416 1785 ε
1435 1758 1456 1781 »

68 1819 169 1848 nam
192 1813 234 1848 et
263 1805 456 1850 haeretici
486 1807 607 1861 estis,
642 1807 710 1850 vel
741 1806 862 1867 quod
889 1808 934 1851 in
963 1809 1190 1853 schismate
1218 1810 1459 1854 inveterato

68 1875 355 1932 remansistis,
381 1876 448 1920 vel
464 1891 514 1920 ex
527 1884 601 1920 tua
618 1875 887 1931 definitione,
912 1878 1032 1937 quod
1050 1878 1105 1922 de
1128 1878 1335 1934 Ecclesia,
1355 1896 1456 1940 quae

67 1960 223 2003 corpus
254 1955 318 1989 est
339 1947 528 2001 Christi,
565 1946 636 1990 vel
658 1947 713 1990 de
740 1947 970 1991 iteratione
998 1949 1222 1993 christiani
1255 1951 1453 2008 baptismi

68 2015 284 2059 diversum
307 2017 554 2074 sequimini.
586 2019 643 2060 Et
663 2017 892 2075 sacrilegus
917 2032 1034 2062 error
1056 2028 1134 2073 est,
1159 2034 1246 2063 non
1270 2019 1408 2064 solum
1430 2036 1452 2064 a

67 2086 299 2129 christiana
315 2087 481 2130 unitate
503 2087 732 2145 separatio,
749 2101 901 2131 verum
917 2089 1043 2131 etiam
1062 2099 1448 2144 sacramentorum,

65 2171 165 2215 quae
193 2156 433 2200 secundum
460 2165 580 2200 tuam
610 2157 926 2201 confessionem
954 2173 1040 2201 una
1065 2158 1306 2219 eademque
1331 2171 1447 2213 sunt,

65 2226 243 2270 violatio
257 2236 387 2286 atque
404 2227 608 2271 rescissio.
635 2228 764 2281 Quod
782 2228 816 2273 si
836 2228 1046 2286 corrigitis
1069 2238 1111 2273 et
1126 2231 1315 2285 mutatis,
1335 2246 1449 2290 quo-

66 2298 198 2340 modo
220 2316 240 2339 «
264 2297 370 2342 tales
390 2313 466 2342 vos
487 2299 742 2357 suscipimus
765 2297 914 2358 quales
937 2300 1093 2343 eratis?
1118 2318 1137 2340 »
1161 2301 1284 2344 Unde
1304 2302 1447 2344 inani-

65 2376 132 2410 ter
152 2375 240 2410 tam
261 2370 397 2411 multa
425 2368 597 2412 locutus
623 2383 688 2421 es,
716 2378 759 2412 et
781 2384 882 2413 cum
904 2369 958 2412 sis
991 2370 1164 2426 ingenio
1189 2379 1276 2413 tam
1300 2380 1444 2425 acuto,

66 2437 383 2482 consuetudine
404 2437 633 2482 audiendae
655 2439 856 2482 vanitatis
878 2439 1153 2492 obtunderis,
1181 2451 1228 2484 ut
1251 2441 1449 2485 videatur

67 2508 147 2552 tibi
169 2506 290 2566 quod
311 2526 331 2549 «
354 2523 456 2552 cum
479 2507 531 2552 ad
555 2523 633 2552 nos
653 2524 675 2552 a
704 2509 826 2553 vobis
848 2518 1093 2564 transeunt,
1119 2510 1224 2554 tales
1241 2527 1313 2556 cos
1335 2528 1446 2571 qua-

66 2575 128 2621 les
145 2587 266 2622 erant
282 2579 536 2637 suscipimus
559 2598 566 2623 :
591 2597 611 2620 »
633 2578 735 2638 quia
752 2578 796 2623 in
811 2579 868 2623 eis
886 2578 1157 2625 traditionem
1177 2582 1444 2626 Christiano-
