1825 3264
428 216 430 218 ¹
475 241 527 266 οε
565 238 747 266 turtur:
782 241 993 268 ECCLESIAE.
1345 232 1421 270 241

51 307 100 347 ln
117 318 203 363 qua
225 303 377 362 utique
399 304 570 348 civitate
583 303 731 347 sedere
744 318 815 347 eos
822 304 948 362 jussit
966 303 1112 363 quoad
1128 320 1265 365 usque
1280 306 1430 351 indue-

0 419 1 422 ,
48 382 198 418 rentur
220 373 376 417 virtute
394 388 444 416 ex
460 372 564 427 alto,
585 372 626 417 id
648 383 726 428 est,
753 374 914 432 Spiritu
932 385 1095 430 sancto,
1113 392 1245 435 quem
1266 393 1310 421 se
1327 379 1430 423 mis-

0 431 1 437 *
47 460 196 489 surum
216 460 304 489 esse
327 445 605 504 promiserat,
630 445 685 489 ab
710 460 759 489 ea
779 445 951 489 civitate
973 456 1215 505 coepturam
1235 448 1434 507 praedixit

47 515 300 560 Ecclesiam.
330 516 372 560 Si
396 524 540 559 autem
564 531 653 559 non
673 530 766 559 eam
787 524 943 574 putant
965 531 1054 560 esse
1074 518 1309 563 Jerusalem
1324 555 1334 575 ,
1355 536 1435 564 au—

47 586 169 630 diant
186 585 305 645 quod
329 586 524 646 sequitur
544 605 553 630 :
576 605 596 628 «
615 585 826 630 Prodnxit
847 595 992 630 autem
1013 586 1107 631 illos
1125 604 1260 648 usque
1278 592 1436 635 Betha-

47 656 165 699 niam
186 690 197 710 ‚
224 665 266 700 et
285 655 444 700 levavit
467 671 617 700 manus
632 671 752 709 suas,
778 663 821 699 et
842 655 1065 700 benedixit
1087 656 1196 702 illos.
1227 678 1246 700 »
1267 663 1324 704 Et
1346 661 1439 706 fac-

51 743 70 767 »
91 735 182 770 tum
206 735 270 770 est
297 741 399 769 cum
423 725 704 769 benedixisset
735 724 853 779 illos,
879 724 1071 770 discessit
1095 727 1148 770 ab
1171 729 1242 772 eis.
1282 733 1338 774 Et
1359 732 1438 790 ipsi

52 814 71 836 »
89 795 246 839 reversi
270 805 371 839 sunt
386 810 485 839 cum
510 795 668 854 gaudio
690 810 848 853 magno
866 794 911 838 in
928 796 1184 851 Jerusalem,
1204 808 1247 841 et
1261 800 1443 845 fuerunt

53 886 70 906 »
92 881 259 925 semper
278 865 322 908 in
337 865 499 925 templo
521 864 747 909 laudantes
763 868 915 909 Deum.
939 885 957 907 »
972 869 1085 910 Ecce
1108 868 1183 911 ubi
1199 870 1442 915 ostenditur

49 935 120 980 illa
149 936 298 980 civitas
321 971 333 990 ‚
358 936 402 979 in
427 952 514 996 qua
536 951 608 981 eos
646 935 795 980 sedere
806 936 956 996 jussit,
983 936 1123 982 donec
1155 938 1443 986 induerentur

47 1007 208 1051 virtute
229 1022 279 1050 ex
301 1006 403 1051 alto.

106 1079 290 1121 XXVII.
315 1079 371 1120 Et
387 1076 458 1120 hic
481 1075 656 1136 quidem
677 1086 785 1136 quot
806 1077 958 1121 diebus
979 1094 1079 1122 cum
1097 1081 1154 1123 eis
1178 1080 1324 1136 fuerit,
1345 1098 1445 1141 pos-

51 1155 251 1206 teaquam
275 1162 319 1190 se
340 1147 488 1190 vivum
521 1155 617 1204 post
649 1146 890 1204 passionem
922 1163 1043 1192 suam
1067 1149 1203 1194 oculis
1224 1166 1374 1195 eorum
1403 1161 1446 1195 et

50 1217 253 1260 manibus
274 1216 606 1270 demonstravit,
631 1217 966 1274 praetermissum
987 1227 1050 1262 est
1070 1238 1077 1262 :
1101 1235 1187 1263 non
1209 1231 1352 1265 autem
1378 1232 1445 1266 ta·-

49 1297 172 1332 cetur
194 1288 238 1331 in
257 1288 439 1332 Actibus
461 1286 788 1346 Apostolorum,
813 1288 889 1331 ubi
911 1304 1055 1332 rursus
1072 1289 1223 1334 eadem
1239 1293 1444 1336 manifes-

52 1359 214 1403 tatione
236 1358 468 1402 verborum
494 1357 820 1401 Dominicorum
843 1356 993 1401 futura
1016 1373 1092 1418 per
1125 1361 1274 1404 orbem
1310 1371 1445 1406 terra·

51 1445 146 1474 rum
170 1429 490 1489 praenuntiatur
520 1427 711 1473 Ecclesia
731 1448 739 1472 :
762 1428 840 1472 ubi
862 1427 1011 1473 nullus
1043 1432 1222 1476 omnino
1244 1431 1446 1477 dubitare

50 1502 343 1560 permittatur,
368 1500 449 1544 nisi
471 1500 547 1559 qui
567 1498 621 1543 de
644 1509 888 1543 sanctarum
917 1501 1236 1560 Scripturarum
1259 1503 1345 1547 fide
1363 1503 1446 1548 du-

49 1571 177 1625 bitat,
201 1571 319 1615 illam
344 1586 433 1614 esse
456 1569 697 1614 Jerusalem
718 1569 928 1614 visibilem
952 1571 1187 1627 civitatem,
1213 1573 1331 1618 unde
1353 1590 1446 1619 coe-

50 1642 115 1701 pit
143 1641 332 1686 Ecclesia
361 1650 456 1700 post
491 1640 664 1684 Domini
696 1643 798 1684 Jesu
824 1640 983 1685 Christi
1018 1644 1374 1688 resurrectionem
1403 1654 1446 1688 et

50 1711 372 1756 ascensionem:
399 1727 479 1756 nec
499 1711 618 1756 aliud
635 1726 735 1755 eum
754 1710 939 1756 voluisse
956 1713 1201 1768 ostendere,
1222 1715 1302 1758 nisi
1318 1715 1446 1774 hujus

51 1791 176 1826 terrae
197 1782 319 1835 loca,
345 1781 462 1826 unde
488 1781 551 1843 illi
571 1781 693 1826 daret
717 1781 918 1837 initium,
943 1792 986 1826 et
1007 1784 1232 1862 quomod-o
1255 1800 1348 1828 eam
1371 1801 1446 1844 per

50 1861 207 1898 cuncta
228 1853 331 1897 inde
349 1852 632 1897 diffunderet.
662 1853 728 1898 Sic
746 1853 861 1897 enim
884 1854 1092 1913 scriptum
1111 1865 1175 1899 est
1197 1856 1241 1899 in
1262 1857 1445 1901 Actibus

49 1923 392 1983 Apostolorum.
418 1943 437 1965 «
458 1923 651 1968 Primum
670 1923 847 1983 quidem
871 1939 1114 1968 sermonem
1133 1925 1215 1969 feci
1232 1926 1287 1970 de
1304 1928 1446 1971 omni-

53 2009 76 2035 »
96 1994 195 2048 bus,
209 1993 500 2052 oTheophile,
517 2009 616 2053 quae
628 1995 761 2052 coepit
777 1997 900 2037 Jesus
914 1994 1055 2038 facere
1076 2005 1119 2039 et
1138 1996 1291 2039 docere
1307 2013 1444 2056 usque

54 2080 76 2104 n
96 2063 139 2106 in
158 2062 386 2121 diem‚quo
399 2063 626 2121 Apostolos
641 2062 769 2120 elegit
781 2078 856 2122 per
872 2064 1079 2122 Spiritum
1094 2075 1310 2120 sanctum,
1326 2082 1445 2111 man-

55 2150 75 2174 »
96 2132 204 2176 dans
216 2133 273 2176 eis
289 2131 522 2191 praedicare
536 2131 818 2190 Evangelium
843 2152 851 2177 :
873 2133 1031 2193 quibus
1045 2143 1086 2178 et
1100 2134 1387 2181 manifestavit
1402 2153 1446 2182 sc

54 2220 75 2244 »
95 2202 237 2262 ipsum
252 2211 346 2262 post
359 2203 597 2262 passionem
609 2218 731 2247 suam
745 2204 789 2246 in
806 2203 952 2247 multis
965 2204 1094 2263 signis
1107 2240 1118 2260 ,
1142 2220 1218 2264 per
1236 2206 1326 2251 dies
1343 2224 1445 2267 qua·

55 2289 77 2315 n
97 2273 295 2332 draginta
312 2288 522 2333 apparens
543 2273 625 2328 eis,
644 2284 687 2318 et
701 2273 926 2333 disputans
943 2273 998 2318 de
1016 2291 1150 2334 regno
1168 2277 1256 2320 Dei.
1275 2281 1443 2322 Etcum

57 2361 78 2385 »
97 2354 427 2389 conversaretur
456 2360 558 2389 cum
581 2345 665 2398 eis,
691 2346 895 2404 praecepit
921 2345 980 2390 eis
1010 2362 1064 2390 ne
1095 2346 1367 2392 discederent
1391 2350 1445 2392 ab

56 2431 78 2456 υ
99 2415 402 2472 Jerosolymis,
428 2414 502 2459 sed
525 2424 802 2474 expectarent
824 2417 1150 2475 promissionem
1171 2420 1289 2477 ejus,
1314 2435 1446 2479 quam

58 2502 80 2527 ›»
100 2483 294 2539 audistis,
319 2485 479 2545 inquit,
497 2500 548 2529 ex
563 2501 637 2530 ore
651 2500 765 2530 meo.
785 2487 897 2539 Quia
911 2489 1099 2531 Joannes
1109 2488 1286 2547 quidem
1302 2485 1453 2549 bapti-

59 2572 81 2597 »
102 2556 213 2601 zavit
224 2571 353 2616 aqua,
369 2571 444 2601 vos
459 2565 604 2601 autem
622 2556 783 2615 Spiritu
796 2566 944 2602 sancto
957 2558 1298 2617 baptizabimini,
1314 2577 1444 2620 quem

274 2637 462 2669 cxxxix.
1187 2631 1236 2670 16
