1825 3264
331 239 414 282 294
763 243 797 270 s.
832 242 1063 270 Auousrnu
1096 241 1277 268 Bmscol’l

333 313 514 360 Psalmis
536 311 722 355 dicitur:
743 327 763 350 «
789 307 937 352 Astitit
957 307 1106 366 regina
1138 321 1162 349 a
1196 303 1357 350 dextris
1373 303 1459 349 tuis
1473 304 1488 330 ⁴
1511 321 1521 349 ι
1547 320 1570 345 »
1590 311 1634 348 et
1651 303 1722 348 cui

337 385 498 429 dicitur
523 400 532 427 :
563 399 585 422 «
605 383 691 424 Pro
710 377 910 438 patribus
931 377 1017 423 tuis
1040 375 1133 421 nati
1155 384 1256 419 sunt
1272 375 1353 419 tibi
1366 373 1468 430 filii,
1487 373 1723 419 constitues

335 472 357 497 »
383 468 455 498 eos
485 450 703 511 principes
734 463 865 509 super
899 462 1075 493 omnem
1107 455 1281 491 terram.
1330 463 1351 486 ³»
1397 447 1641 500 Postremo,
1666 459 1722 489 ne

332 522 473 570 multa
503 535 865 576 commemorem,
890 519 951 564 sic
988 528 1030 563 te
1059 517 1243 577 suscipio
1260 551 1272 572 ,
1295 516 1406 561 sicut
1439 516 1617 576 suscipit
1637 518 1725 561 Ec·

332 594 461 640 clesia
481 612 490 638 :
523 611 543 635 «
566 596 648 637 Per
665 606 814 637 omnes
837 599 987 651 gentes
1008 589 1218 648 incipiens
1236 588 1291 633 ab
1310 586 1549 633 Jerusalem
1577 605 1588 632 ι
1610 604 1631 628 »
1666 585 1724 631 si-

335 675 412 711 cut
450 664 628 724 suscipit
657 662 846 708 Ecclesia
885 677 984 722 quae
1010 680 1032 704 ε(
1057 660 1175 705 testis
1205 668 1284 716 est,
1321 658 1492 705 Christo
1520 658 1567 702 in
1594 659 1724 702 Jeru-

337 755 358 779 »
385 735 535 791 salem,
560 745 604 780 et
624 735 670 779 in
689 743 779 780 tota
801 733 956 778 Judaea
976 742 1021 777 et
1048 732 1260 783 Samaria,
1283 740 1327 776 et
1348 745 1487 790 usque
1509 729 1567 774 ad
1587 738 1723 774 totam

337 826 358 850 »
387 815 563 851 terram.
585 823 606 847 »
629 804 709 849 Ille
731 804 848 848 enirn
870 812 912 848 te
929 802 1125 862 suscipit,
1140 802 1216 862 qui
1232 802 1317 845 hoc
1337 800 1393 844 de
1414 799 1488 844 illa
1510 798 1634 854 dixit,
1649 798 1727 858 qui

335 877 497 924 talibus
512 891 607 922 eam
623 876 767 921 verbis
787 910 799 931 ‚
825 890 880 919 ne
901 874 1131 935 quisquam
1149 872 1205 918 de
1221 872 1295 917 illa
1317 872 1560 926 dubitaret,
1580 879 1728 915 osten-

337 947 416 993 dit.
447 948 515 993 Sic
538 957 580 991 te
602 945 814 1006 suscipio,
839 936 1211 1006 quemadmodum
1232 942 1411 1002 suscipit
1435 961 1444 987 :
1475 961 1496 984 «
1520 941 1730 986 Triticum

339 1038 361 1062 »
387 1019 651 1064 seminatum
672 1019 718 1061 in
737 1032 840 1075 agro
856 1051 866 1071 ,
888 1015 1010 1076 quod
1028 1030 1128 1059 cum
1149 1014 1320 1059 zizaniis
1344 1013 1497 1058 crescit
1515 1027 1654 1072 usque
1676 1010 1732 1056 ad

341 1108 362 1131 »
390 1103 572 1132 messem
593 1089 624 1130 ³.
655 1104 675 1128 »
709 1086 764 1130 Hi
787 1096 886 1130 sunt
918 1085 1034 1129 enim
1055 1103 1076 1126 «
1101 1084 1180 1128 filii
1201 1083 1346 1143 regni,
1380 1097 1480 1142 ager
1501 1091 1648 1127 autem
1669 1089 1733 1126 est

342 1177 364 1201 »
390 1159 605 1213 mundus,
629 1157 777 1201 messis
800 1165 864 1200 est
885 1155 983 1199 finis
1005 1155 1152 1200 saeculi
1179 1174 1188 1201 z
1217 1173 1238 1198 »
1264 1155 1474 1200 Dominus
1506 1153 1729 1214 exposuit,

339 1227 625 1287 Evangelium
651 1236 731 1283 est,
747 1226 879 1272 verba
894 1226 1067 1270 Domini
1081 1234 1184 1270 sunt
1198 1260 1209 1281 ‚
1234 1224 1464 1269 manifesta
1483 1233 1600 1269 sunt.
1626 1227 1733 1268 Pos-

342 1314 433 1344 sem
471 1299 551 1343 tibi
580 1298 723 1343 dicere
740 1332 752 1353 ,
789 1297 856 1342 Sic
894 1306 936 1341 te
960 1296 1172 1357 suscipio,
1197 1293 1573 1357 quemadmodum
1595 1303 1638 1338 et
1659 1308 1735 1339 vos

341 1371 584 1430 suscepistis
606 1385 716 1430 quos
747 1373 1027 1414 Praetextatus
1065 1377 1108 1412 et
1146 1367 1393 1413 Felicianus
1420 1382 1443 1410 a
1474 1366 1595 1411 vobis
1616 1365 1736 1410 dam-

344 1442 463 1496 nati,
504 1450 623 1485 extra
653 1449 838 1485 vestram
881 1440 1236 1484 communionem
1274 1439 1619 1498 baptizaverunt.
1653 1437 1736 1482 Cui

346 1512 407 1556 rei
430 1512 539 1572 quid
560 1510 830 1556 contradicas
846 1545 858 1567 ,
882 1511 1063 1555 omnino
1085 1526 1175 1555 non
1202 1510 1354 1554 habes.
1378 1510 1462 1555 Sed
1490 1510 1573 1554 hoc
1593 1509 1737 1568 potius

347 1582 489 1628 dicam
505 1617 516 1638 ‚
539 1582 659 1642 quod
684 1592 727 1626 et
739 1581 944 1627 adversus
966 1582 1080 1641 ipsos
1102 1581 1437 1626 Maximianistas
1458 1579 1738 1625 invictissime

345 1652 515 1707 valeat,
540 1653 617 1712 qui
638 1668 714 1697 vos
735 1654 781 1697 in
813 1652 988 1698 duobus
1022 1654 1242 1712 praecipue
1272 1651 1551 1704 testimoniis,
1576 1650 1739 1710 quibus

348 1724 667 1782 imperitissime
683 1758 694 1778 ,
720 1733 867 1767 tamen
900 1723 1162 1767 creberrime
1190 1722 1256 1767 uti
1282 1721 1449 1777 soletis,
1475 1721 1655 1766 omnino
1675 1720 1740 1765 vi-

350 1804 506 1838 cerunt
523 1830 534 1849 ,
557 1803 600 1838 et
621 1793 676 1837 de
714 1794 927 1850 paucitate
958 1802 1002 1837 et
1023 1793 1077 1837 de
1098 1791 1294 1837 meridie.
1328 1795 1422 1837 Hoc
1443 1807 1547 1850 ergo
1569 1791 1708 1836 dicam
1725 1825 1738 1845 ,

350 1864 472 1924 quod
495 1879 570 1909 vos
591 1879 740 1908 omnes
765 1873 972 1924 tanquam
994 1864 1154 1922 pariter
1176 1872 1328 1907 contra
1364 1877 1443 1907 nos
1475 1848 1709 1920 insufgatis
1725 1895 1738 1916 ,

350 1935 592 1994 extinguat.
621 1937 688 1980 Sic
710 1950 786 1979 vos
803 1934 1081 1994 suscipimus,
1103 1935 1138 1979 si
1169 1933 1325 1991 corrigi
1345 1932 1476 1978 vultis
1492 1967 1503 1987 ,
1525 1932 1740 1992 quemad-

349 2006 533 2050 modum
556 2005 734 2065 suscipit
764 2005 981 2061 Ecclesia,
1007 2021 1140 2066 quam
1162 2004 1373 2050 Dominus
1401 2006 1525 2048 Jesus
1558 2003 1665 2047 dixit
1685 2002 1740 2046 ab

351 2076 591 2122 Jerusalem
608 2085 853 2136 coepturam
871 2111 883 2132 ‚
898 2085 942 2120 et
962 2077 1008 2120 in
1030 2076 1214 2121 Actibus
1226 2074 1536 2135 Apostolorum
1556 2073 1742 2132 legimus

350 2147 454 2191 inde
471 2147 652 2206 coepisse
679 2167 688 2192 :
713 2156 757 2192 et
783 2162 861 2207 per
882 2162 1032 2192 omnes
1051 2156 1200 2206 gentes
1219 2146 1403 2201 ituram,
1428 2154 1472 2190 et
1492 2145 1538 2189 in
1560 2143 1742 2189 Actibus

351 2218 663 2276 Apostolorum
697 2218 883 2277 legimus
905 2233 981 2278 per
1008 2218 1166 2262 multas
1188 2218 1291 2273 isse,
1317 2227 1551 2276 antequam
1574 2215 1742 2259 veniret

353 2287 400 2332 in
418 2287 632 2345 Africam,
657 2298 700 2334 et
722 2304 798 2348 per
822 2304 970 2333 omnes
989 2298 1137 2348 gentes
1160 2288 1320 2332 ituram
1338 2296 1570 2346 antequam
1597 2285 1743 2330 veniat

354 2359 450 2403 finis
476 2379 484 2404 z
511 2361 615 2421 quia
636 2362 726 2419 ipse
748 2361 960 2405 Dominus
989 2361 1048 2404 ait
1074 2379 1083 2404 2
1111 2378 1130 2401 «
1154 2358 1469 2403 Praedicabitur
1491 2357 1575 2401 hoc
1596 2358 1743 2400 Evan-

361 2447 378 2468 »
407 2428 565 2486 gelium
593 2431 639 2473 in
670 2430 872 2474 omnibus
901 2430 1130 2489 gentibus,
1153 2438 1197 2473 et
1230 2438 1334 2473 tunc
1366 2426 1510 2472 veniet
1544 2426 1638 2470 finis
1662 2427 1695 2469 4.
1718 2443 1739 2467 »

357 2500 468 2541 Ecce
492 2510 777 2557 purgamenta
802 2501 892 2560 ejus
914 2519 922 2544 :
951 2519 971 2542 «
998 2501 1214 2553 Quoniam
1247 2497 1485 2543 abundavit
1514 2496 1740 2557 iniquitas,

411 2588 415 2600 ¹
444 2582 522 2611 [sal.
546 2594 630 2620 κων,
660 2595 766 2615 10.—
788 2591 799 2605 2
824 2584 903 2615 ibid.
932 2595 981 2623 ¹7·
999 2600 1038 2606 —
1055 2582 1066 2606 3
1085 2582 1198 2616 Matth.
1219 2593 1286 2625 xm,
1307 2583 1360 2616 38.
1380 2580 1448 2613 -4
1468 2581 1621 2619 1d.xx1v‚
1644 2579 1694 2622 14.
