<?xml version="1.0" encoding="UTF-8"?>
<!DOCTYPE html PUBLIC "-//W3C//DTD XHTML 1.0 Transitional//EN"
    "http://www.w3.org/TR/xhtml1/DTD/xhtml1-transitional.dtd">
<html xmlns="http://www.w3.org/1999/xhtml" xml:lang="en" lang="en">
 <head>
  <title>
</title>
<meta http-equiv="Content-Type" content="text/html;charset=utf-8" />
  <meta name='ocr-system' content='tesseract 3.04.00' />
  <meta name='ocr-capabilities' content='ocr_page ocr_carea ocr_par ocr_line ocrx_word'/>
</head>
<body>
  <div class='ocr_page' id='page_1' title='image "./operaomniaaccura32auguuoft_0033.png"; bbox 0 0 1825 3264; ppageno 0'>
   <div class='ocr_carea' id='block_1_1' title="bbox 353 284 1471 328">
    <p class='ocr_par' dir='ltr' id='par_1_1' title="bbox 353 284 1471 328">
     <span class='ocr_line' id='line_1_1' title="bbox 353 284 1471 328; baseline 0.001 -13"><span class='ocrx_word' id='word_1_1' title='bbox 353 287 514 316; x_wconf 62' lang='lat' dir='ltr'>cowrnA</span> <span class='ocrx_word' id='word_1_2' title='bbox 548 287 748 315; x_wconf 71' lang='lat' dir='ltr'>LITTERAS</span> <span class='ocrx_word' id='word_1_3' title='bbox 780 290 1012 328; x_wconf 68' lang='grc' dir='ltr'><strong>ΡΒΤιιιΑΜ,</strong></span> <span class='ocrx_word' id='word_1_4' title='bbox 1051 293 1130 317; x_wconf 72' lang='lat' dir='ltr'>Lm.</span> <span class='ocrx_word' id='word_1_5' title='bbox 1170 293 1214 317; x_wconf 83' lang='grc' dir='ltr'>ιι.</span> <span class='ocrx_word' id='word_1_6' title='bbox 1422 284 1471 319; x_wconf 67' lang='grc' dir='ltr'>’2“ἰ</span> 
     </span>
    </p>
   </div>
   <div class='ocr_carea' id='block_1_2' title="bbox 80 353 1479 2170">
    <p class='ocr_par' dir='ltr' id='par_1_2' title="bbox 92 353 1479 904">
     <span class='ocr_line' id='line_1_2' title="bbox 96 353 1475 413; baseline 0.003 -16"><span class='ocrx_word' id='word_1_7' title='bbox 96 368 152 397; x_wconf 89' lang='lat' dir='ltr'>ne</span> <span class='ocrx_word' id='word_1_8' title='bbox 175 353 368 413; x_wconf 85' lang='lat' dir='ltr'>quisquis</span> <span class='ocrx_word' id='word_1_9' title='bbox 386 361 494 397; x_wconf 88' lang='lat' dir='ltr'>esset</span> <span class='ocrx_word' id='word_1_10' title='bbox 510 353 721 411; x_wconf 84' lang='lat' dir='ltr'>posterior</span> <span class='ocrx_word' id='word_1_11' title='bbox 739 353 971 412; x_wconf 75' lang='lat' dir='ltr'><strong>Apostolus</strong></span> <span class='ocrx_word' id='word_1_12' title='bbox 987 354 1249 400; x_wconf 71' lang='lat' dir='ltr'>crederetur.</span> <span class='ocrx_word' id='word_1_13' title='bbox 1274 357 1341 401; x_wconf 83' lang='lat' dir='ltr'>Sic</span> <span class='ocrx_word' id='word_1_14' title='bbox 1359 357 1475 401; x_wconf 82' lang='lat' dir='ltr'>enim</span> 
     </span>
     <span class='ocr_line' id='line_1_3' title="bbox 94 423 1474 488; baseline 0.004 -21"><span class='ocrx_word' id='word_1_15' title='bbox 94 423 222 469; x_wconf 81' lang='lat' dir='ltr'>dixit:</span> <span class='ocrx_word' id='word_1_16' title='bbox 251 426 382 482; x_wconf 84' lang='lat' dir='ltr'>«Ego</span> <span class='ocrx_word' id='word_1_17' title='bbox 403 423 517 467; x_wconf 91' lang='lat' dir='ltr'>enim</span> <span class='ocrx_word' id='word_1_18' title='bbox 542 439 637 467; x_wconf 89' lang='lat' dir='ltr'>sum</span> <span class='ocrx_word' id='word_1_19' title='bbox 662 424 917 469; x_wconf 89' lang='lat' dir='ltr'>novissimus</span> <span class='ocrx_word' id='word_1_20' title='bbox 939 425 1262 484; x_wconf 77' lang='lat' dir='ltr'>Apostolorum,</span> <span class='ocrx_word' id='word_1_21' title='bbox 1288 428 1362 488; x_wconf 86' lang='lat' dir='ltr'>qui</span> <span class='ocrx_word' id='word_1_22' title='bbox 1386 444 1474 474; x_wconf 87' lang='lat' dir='ltr'>non</span> 
     </span>
     <span class='ocr_line' id='line_1_4' title="bbox 96 493 1477 554; baseline 0.005 -18"><span class='ocrx_word' id='word_1_23' title='bbox 96 510 119 535; x_wconf 82' lang='lat'><strong>»</strong></span> <span class='ocrx_word' id='word_1_24' title='bbox 140 508 236 537; x_wconf 90' lang='lat' dir='ltr'>sum</span> <span class='ocrx_word' id='word_1_25' title='bbox 258 494 418 552; x_wconf 89' lang='lat' dir='ltr'>dignus</span> <span class='ocrx_word' id='word_1_26' title='bbox 437 494 581 538; x_wconf 84' lang='lat' dir='ltr'>vocari</span> <span class='ocrx_word' id='word_1_27' title='bbox 609 493 857 553; x_wconf 82' lang='lat' dir='ltr'>ApostoluS,</span> <span class='ocrx_word' id='word_1_28' title='bbox 884 495 986 554; x_wconf 88' lang='lat' dir='ltr'>quia</span> <span class='ocrx_word' id='word_1_29' title='bbox 1011 506 1257 553; x_wconf 85' lang='lat' dir='ltr'>persecutus</span> <span class='ocrx_word' id='word_1_30' title='bbox 1280 513 1375 541; x_wconf 89' lang='lat' dir='ltr'>sum</span> <span class='ocrx_word' id='word_1_31' title='bbox 1398 501 1477 543; x_wconf 90' lang='lat' dir='ltr'>Ec·</span> 
     </span>
     <span class='ocr_line' id='line_1_5' title="bbox 98 562 1477 623; baseline 0.007 -19"><span class='ocrx_word' id='word_1_32' title='bbox 98 581 118 604; x_wconf 91' lang='lat'>»</span> <span class='ocrx_word' id='word_1_33' title='bbox 143 562 314 607; x_wconf 85' lang='lat' dir='ltr'>clesiam</span> <span class='ocrx_word' id='word_1_34' title='bbox 341 563 455 606; x_wconf 88' lang='lat' dir='ltr'>Dei¹.</span> <span class='ocrx_word' id='word_1_35' title='bbox 486 581 505 604; x_wconf 90' lang='lat'>»</span> <span class='ocrx_word' id='word_1_36' title='bbox 531 565 618 608; x_wconf 91' lang='lat' dir='ltr'>Nec</span> <span class='ocrx_word' id='word_1_37' title='bbox 639 564 685 607; x_wconf 91' lang='lat' dir='ltr'>in</span> <span class='ocrx_word' id='word_1_38' title='bbox 706 564 790 608; x_wconf 86' lang='lat' dir='ltr'>hoc</span> <span class='ocrx_word' id='word_1_39' title='bbox 813 564 934 608; x_wconf 91' lang='lat' dir='ltr'>vobis</span> <span class='ocrx_word' id='word_1_40' title='bbox 957 563 1240 609; x_wconf 83' lang='lat' dir='ltr'>blandiamini</span> <span class='ocrx_word' id='word_1_41' title='bbox 1263 588 1273 623; x_wconf 81' lang='lat'>3</span> <span class='ocrx_word' id='word_1_42' title='bbox 1298 571 1319 611; x_wconf 90' lang='lat' dir='ltr'>J</span> <span class='ocrx_word' id='word_1_43' title='bbox 1328 570 1477 613; x_wconf 84' lang='lat' dir='ltr'>udaeus</span> 
     </span>
     <span class='ocr_line' id='line_1_6' title="bbox 93 630 1477 695; baseline 0.004 -19"><span class='ocrx_word' id='word_1_44' title='bbox 93 633 187 677; x_wconf 88' lang='lat' dir='ltr'>haec</span> <span class='ocrx_word' id='word_1_45' title='bbox 214 630 375 677; x_wconf 86' lang='lat' dir='ltr'>fecerat</span> <span class='ocrx_word' id='word_1_46' title='bbox 399 651 408 677; x_wconf 89' lang='lat'>:</span> <span class='ocrx_word' id='word_1_47' title='bbox 434 631 536 677; x_wconf 88' lang='lat' dir='ltr'>licet</span> <span class='ocrx_word' id='word_1_48' title='bbox 568 642 611 677; x_wconf 89' lang='lat' dir='ltr'>et</span> <span class='ocrx_word' id='word_1_49' title='bbox 645 648 720 678; x_wconf 94' lang='lat' dir='ltr'>vos</span> <span class='ocrx_word' id='word_1_50' title='bbox 753 633 877 678; x_wconf 89' lang='lat' dir='ltr'>nobis</span> <span class='ocrx_word' id='word_1_51' title='bbox 899 635 1133 693; x_wconf 84' lang='lat' dir='ltr'>perniciem</span> <span class='ocrx_word' id='word_1_52' title='bbox 1156 645 1206 679; x_wconf 90' lang='lat' dir='ltr'>ut</span> <span class='ocrx_word' id='word_1_53' title='bbox 1230 639 1389 695; x_wconf 84' lang='lat' dir='ltr'>Pagani</span> <span class='ocrx_word' id='word_1_54' title='bbox 1415 638 1477 682; x_wconf 85' lang='lat' dir='ltr'>sa-</span> 
     </span>
     <span class='ocr_line' id='line_1_7' title="bbox 94 701 1479 765; baseline 0.003 -18"><span class='ocrx_word' id='word_1_55' title='bbox 94 703 229 748; x_wconf 85' lang='lat' dir='ltr'>ciatis.</span> <span class='ocrx_word' id='word_1_56' title='bbox 267 701 436 747; x_wconf 87' lang='lat' dir='ltr'>Bellum</span> <span class='ocrx_word' id='word_1_57' title='bbox 471 718 660 762; x_wconf 87' lang='lat' dir='ltr'>namque</span> <span class='ocrx_word' id='word_1_58' title='bbox 691 703 841 748; x_wconf 83' lang='lat' dir='ltr'>illicite</span> <span class='ocrx_word' id='word_1_59' title='bbox 875 705 1044 763; x_wconf 84' lang='lat' dir='ltr'>geritis,</span> <span class='ocrx_word' id='word_1_60' title='bbox 1078 705 1238 765; x_wconf 82' lang='lat' dir='ltr'>quibus</span> <span class='ocrx_word' id='word_1_61' title='bbox 1267 708 1479 752; x_wconf 89' lang='lat' dir='ltr'>nonlicet</span> 
     </span>
     <span class='ocr_line' id='line_1_8' title="bbox 96 774 1477 833; baseline 0.002 -15"><span class='ocrx_word' id='word_1_62' title='bbox 96 787 338 833; x_wconf 83' lang='lat' dir='ltr'>repugnare</span> <span class='ocrx_word' id='word_1_63' title='bbox 357 807 369 828; x_wconf 88' lang='lat'>‚</span> <span class='ocrx_word' id='word_1_64' title='bbox 405 774 492 817; x_wconf 84' lang='lat' dir='ltr'>Vos</span> <span class='ocrx_word' id='word_1_65' title='bbox 523 774 638 818; x_wconf 90' lang='lat' dir='ltr'>enim</span> <span class='ocrx_word' id='word_1_66' title='bbox 664 775 819 833; x_wconf 90' lang='lat' dir='ltr'>cupitis</span> <span class='ocrx_word' id='word_1_67' title='bbox 847 774 991 820; x_wconf 87' lang='lat' dir='ltr'>vivere</span> <span class='ocrx_word' id='word_1_68' title='bbox 1019 776 1143 819; x_wconf 89' lang='lat' dir='ltr'>nobis</span> <span class='ocrx_word' id='word_1_69' title='bbox 1165 777 1328 831; x_wconf 88' lang='lat' dir='ltr'>occisis,</span> <span class='ocrx_word' id='word_1_70' title='bbox 1354 777 1477 822; x_wconf 90' lang='lat' dir='ltr'>nobis</span> 
     </span>
     <span class='ocr_line' id='line_1_9' title="bbox 92 842 961 904; baseline -0.005 -13"><span class='ocrx_word' id='word_1_71' title='bbox 92 859 196 891; x_wconf 87' lang='lat' dir='ltr'>vero</span> <span class='ocrx_word' id='word_1_72' title='bbox 217 844 396 889; x_wconf 91' lang='lat' dir='ltr'>victoria</span> <span class='ocrx_word' id='word_1_73' title='bbox 413 853 478 888; x_wconf 91' lang='lat' dir='ltr'>est</span> <span class='ocrx_word' id='word_1_74' title='bbox 497 842 650 904; x_wconf 72' lang='lat' dir='ltr'>sugere</span> <span class='ocrx_word' id='word_1_75' title='bbox 670 844 740 889; x_wconf 91' lang='lat' dir='ltr'>vel</span> <span class='ocrx_word' id='word_1_76' title='bbox 759 844 914 890; x_wconf 90' lang='lat' dir='ltr'>occidi.</span> <span class='ocrx_word' id='word_1_77' title='bbox 944 868 961 887; x_wconf 74' lang='lat' dir='ltr'>n</span> 
     </span>
    </p>

    <p class='ocr_par' dir='ltr' id='par_1_3' title="bbox 80 915 1476 2170">
     <span class='ocr_line' id='line_1_10' title="bbox 150 915 1475 976; baseline 0.002 -16"><span class='ocrx_word' id='word_1_78' title='bbox 150 917 265 960; x_wconf 87' lang='lat' dir='ltr'>XLI.</span> <span class='ocrx_word' id='word_1_79' title='bbox 304 919 579 961; x_wconf 66' lang='lat' dir='ltr'>Anausarmus</span> <span class='ocrx_word' id='word_1_80' title='bbox 604 916 826 976; x_wconf 84' lang='lat' dir='ltr'>respondit</span> <span class='ocrx_word' id='word_1_81' title='bbox 862 936 870 962; x_wconf 87' lang='lat'><strong>:</strong></span> <span class='ocrx_word' id='word_1_82' title='bbox 907 915 1076 960; x_wconf 88' lang='lat' dir='ltr'>Videris</span> <span class='ocrx_word' id='word_1_83' title='bbox 1103 918 1475 976; x_wconf 85' lang='lat' dir='ltr'>quemadmodum</span> 
     </span>
     <span class='ocr_line' id='line_1_11' title="bbox 91 985 1476 1047; baseline 0.001 -16"><span class='ocrx_word' id='word_1_84' title='bbox 91 986 335 1031; x_wconf 87' lang='lat' dir='ltr'>testimonia</span> <span class='ocrx_word' id='word_1_85' title='bbox 366 987 686 1046; x_wconf 88' lang='lat' dir='ltr'>Scripturarum</span> <span class='ocrx_word' id='word_1_86' title='bbox 713 988 922 1046; x_wconf 78' lang='lat' dir='ltr'>posueris,</span> <span class='ocrx_word' id='word_1_87' title='bbox 953 985 1023 1031; x_wconf 87' lang='lat' dir='ltr'>vel</span> <span class='ocrx_word' id='word_1_88' title='bbox 1060 986 1284 1047; x_wconf 90' lang='lat' dir='ltr'>quomodo</span> <span class='ocrx_word' id='word_1_89' title='bbox 1306 988 1476 1032; x_wconf 89' lang='lat' dir='ltr'>intelle-</span> 
     </span>
     <span class='ocr_line' id='line_1_12' title="bbox 88 1056 1475 1118; baseline 0.001 -16"><span class='ocrx_word' id='word_1_90' title='bbox 88 1058 214 1112; x_wconf 86' lang='lat' dir='ltr'>xeris,</span> <span class='ocrx_word' id='word_1_91' title='bbox 234 1057 342 1101; x_wconf 90' lang='lat' dir='ltr'>nihil</span> <span class='ocrx_word' id='word_1_92' title='bbox 357 1056 411 1101; x_wconf 90' lang='lat' dir='ltr'>ad</span> <span class='ocrx_word' id='word_1_93' title='bbox 429 1072 517 1101; x_wconf 90' lang='lat' dir='ltr'>rem</span> <span class='ocrx_word' id='word_1_94' title='bbox 537 1056 591 1101; x_wconf 91' lang='lat' dir='ltr'>de</span> <span class='ocrx_word' id='word_1_95' title='bbox 606 1073 692 1118; x_wconf 91' lang='lat' dir='ltr'>qua</span> <span class='ocrx_word' id='word_1_96' title='bbox 709 1073 825 1102; x_wconf 92' lang='lat' dir='ltr'>nunc</span> <span class='ocrx_word' id='word_1_97' title='bbox 842 1058 999 1117; x_wconf 85' lang='lat' dir='ltr'>agitur.</span> <span class='ocrx_word' id='word_1_98' title='bbox 1026 1058 1093 1102; x_wconf 81' lang='lat' dir='ltr'>Ad</span> <span class='ocrx_word' id='word_1_99' title='bbox 1117 1059 1200 1103; x_wconf 89' lang='lat' dir='ltr'>hoc.</span> <span class='ocrx_word' id='word_1_100' title='bbox 1221 1059 1337 1102; x_wconf 88' lang='lat' dir='ltr'>enim</span> <span class='ocrx_word' id='word_1_101' title='bbox 1359 1068 1475 1103; x_wconf 82' lang='lat' dir='ltr'>certe</span> 
     </span>
     <span class='ocr_line' id='line_1_13' title="bbox 88 1125 1476 1188; baseline 0 -16"><span class='ocrx_word' id='word_1_102' title='bbox 88 1128 170 1172; x_wconf 88' lang='lat' dir='ltr'>ista</span> <span class='ocrx_word' id='word_1_103' title='bbox 189 1127 335 1171; x_wconf 90' lang='lat' dir='ltr'>omnia</span> <span class='ocrx_word' id='word_1_104' title='bbox 355 1125 513 1181; x_wconf 80' lang='lat' dir='ltr'>dixisti,</span> <span class='ocrx_word' id='word_1_105' title='bbox 534 1135 585 1170; x_wconf 92' lang='lat' dir='ltr'>ut</span> <span class='ocrx_word' id='word_1_106' title='bbox 609 1127 810 1184; x_wconf 75' lang='lat' dir='ltr'>probares</span> <span class='ocrx_word' id='word_1_107' title='bbox 832 1142 922 1171; x_wconf 89' lang='lat' dir='ltr'>esse</span> <span class='ocrx_word' id='word_1_108' title='bbox 940 1127 1069 1172; x_wconf 70' lang='lat' dir='ltr'>falsos</span> <span class='ocrx_word' id='word_1_109' title='bbox 1092 1129 1330 1188; x_wconf 84' lang='lat' dir='ltr'>episcopos,</span> <span class='ocrx_word' id='word_1_110' title='bbox 1365 1130 1476 1173; x_wconf 91' lang='lat' dir='ltr'>sicut</span> 
     </span>
     <span class='ocr_line' id='line_1_14' title="bbox 88 1195 1475 1256; baseline 0 -13"><span class='ocrx_word' id='word_1_111' title='bbox 88 1207 191 1243; x_wconf 90' lang='lat' dir='ltr'>sunt</span> <span class='ocrx_word' id='word_1_112' title='bbox 221 1195 316 1241; x_wconf 86' lang='lat' dir='ltr'>falsi</span> <span class='ocrx_word' id='word_1_113' title='bbox 343 1195 482 1255; x_wconf 82' lang='lat' dir='ltr'>angeli</span> <span class='ocrx_word' id='word_1_114' title='bbox 507 1205 550 1240; x_wconf 91' lang='lat' dir='ltr'>et</span> <span class='ocrx_word' id='word_1_115' title='bbox 578 1195 673 1240; x_wconf 89' lang='lat' dir='ltr'>falsi</span> <span class='ocrx_word' id='word_1_116' title='bbox 710 1196 907 1256; x_wconf 88' lang='lat' dir='ltr'>apostoli.</span> <span class='ocrx_word' id='word_1_117' title='bbox 953 1199 1160 1243; x_wconf 90' lang='lat' dir='ltr'>Novimus</span> <span class='ocrx_word' id='word_1_118' title='bbox 1191 1208 1231 1242; x_wconf 81' lang='lat' dir='ltr'>et</span> <span class='ocrx_word' id='word_1_119' title='bbox 1255 1214 1332 1242; x_wconf 92' lang='lat' dir='ltr'>nos</span> <span class='ocrx_word' id='word_1_120' title='bbox 1349 1234 1359 1253; x_wconf 89' lang='lat'>,</span> <span class='ocrx_word' id='word_1_121' title='bbox 1385 1212 1475 1243; x_wconf 90' lang='lat' dir='ltr'>esse</span> 
     </span>
     <span class='ocr_line' id='line_1_15' title="bbox 87 1266 1470 1327; baseline 0 -14"><span class='ocrx_word' id='word_1_122' title='bbox 87 1267 216 1314; x_wconf 86' lang='lat' dir='ltr'>falsos</span> <span class='ocrx_word' id='word_1_123' title='bbox 251 1267 425 1327; x_wconf 85' lang='lat' dir='ltr'>angelos</span> <span class='ocrx_word' id='word_1_124' title='bbox 465 1276 508 1312; x_wconf 89' lang='lat' dir='ltr'>et</span> <span class='ocrx_word' id='word_1_125' title='bbox 536 1266 664 1312; x_wconf 87' lang='lat' dir='ltr'>falsos</span> <span class='ocrx_word' id='word_1_126' title='bbox 690 1267 906 1327; x_wconf 90' lang='lat' dir='ltr'>apostolos</span> <span class='ocrx_word' id='word_1_127' title='bbox 929 1277 970 1312; x_wconf 88' lang='lat' dir='ltr'>et</span> <span class='ocrx_word' id='word_1_128' title='bbox 992 1268 1120 1312; x_wconf 71' lang='lat' dir='ltr'>falsos</span> <span class='ocrx_word' id='word_1_129' title='bbox 1145 1269 1385 1327; x_wconf 83' lang='lat' dir='ltr'>episcopos,</span> <span class='ocrx_word' id='word_1_130' title='bbox 1412 1279 1470 1325; x_wconf 89' lang='lat' dir='ltr'>et,</span> 
     </span>
     <span class='ocr_line' id='line_1_16' title="bbox 86 1337 1472 1397; baseline 0 -14"><span class='ocrx_word' id='word_1_131' title='bbox 86 1339 199 1384; x_wconf 88' lang='lat' dir='ltr'>sicut</span> <span class='ocrx_word' id='word_1_132' title='bbox 219 1338 327 1383; x_wconf 87' lang='lat' dir='ltr'>dicit</span> <span class='ocrx_word' id='word_1_133' title='bbox 351 1353 477 1382; x_wconf 88' lang='lat' dir='ltr'>verus</span> <span class='ocrx_word' id='word_1_134' title='bbox 499 1337 732 1397; x_wconf 84' lang='lat' dir='ltr'>Apostolus</span> <span class='ocrx_word' id='word_1_135' title='bbox 749 1372 760 1393; x_wconf 91' lang='lat'>,</span> <span class='ocrx_word' id='word_1_136' title='bbox 789 1337 919 1382; x_wconf 80' lang='lat' dir='ltr'>falsos</span> <span class='ocrx_word' id='word_1_137' title='bbox 941 1337 1092 1382; x_wconf 81' lang='lat' dir='ltr'>fratres</span> <span class='ocrx_word' id='word_1_138' title='bbox 1115 1342 1132 1364; x_wconf 76' lang='lat'><strong>²</strong></span> <span class='ocrx_word' id='word_1_139' title='bbox 1160 1358 1168 1382; x_wconf 78' lang='lat' dir='ltr'>z</span> <span class='ocrx_word' id='word_1_140' title='bbox 1191 1338 1265 1382; x_wconf 85' lang='lat' dir='ltr'>sed</span> <span class='ocrx_word' id='word_1_141' title='bbox 1292 1355 1393 1383; x_wconf 87' lang='lat' dir='ltr'>cum</span> <span class='ocrx_word' id='word_1_142' title='bbox 1418 1340 1472 1383; x_wconf 87' lang='lat' dir='ltr'>ab</span> 
     </span>
     <span class='ocr_line' id='line_1_17' title="bbox 85 1408 1474 1469; baseline -0.001 -15"><span class='ocrx_word' id='word_1_143' title='bbox 85 1409 282 1469; x_wconf 89' lang='lat' dir='ltr'>utrisque</span> <span class='ocrx_word' id='word_1_144' title='bbox 324 1408 527 1452; x_wconf 89' lang='lat' dir='ltr'>adversus</span> <span class='ocrx_word' id='word_1_145' title='bbox 555 1408 739 1452; x_wconf 89' lang='lat' dir='ltr'>invicem</span> <span class='ocrx_word' id='word_1_146' title='bbox 774 1408 939 1467; x_wconf 91' lang='lat' dir='ltr'>possint</span> <span class='ocrx_word' id='word_1_147' title='bbox 966 1408 1045 1452; x_wconf 85' lang='lat' dir='ltr'>ista</span> <span class='ocrx_word' id='word_1_148' title='bbox 1078 1410 1256 1468; x_wconf 86' lang='lat' dir='ltr'>jactari,</span> <span class='ocrx_word' id='word_1_149' title='bbox 1288 1410 1474 1468; x_wconf 83' lang='lat' dir='ltr'>probare</span> 
     </span>
     <span class='ocr_line' id='line_1_18' title="bbox 86 1478 1471 1540; baseline 0 -16"><span class='ocrx_word' id='word_1_150' title='bbox 86 1478 250 1540; x_wconf 84' lang='lat' dir='ltr'>aliquid</span> <span class='ocrx_word' id='word_1_151' title='bbox 267 1493 377 1538; x_wconf 91' lang='lat' dir='ltr'>opus</span> <span class='ocrx_word' id='word_1_152' title='bbox 392 1487 478 1532; x_wconf 92' lang='lat' dir='ltr'>est,</span> <span class='ocrx_word' id='word_1_153' title='bbox 512 1494 602 1522; x_wconf 93' lang='lat' dir='ltr'>non</span> <span class='ocrx_word' id='word_1_154' title='bbox 623 1479 807 1522; x_wconf 87' lang='lat' dir='ltr'>inaniter</span> <span class='ocrx_word' id='word_1_155' title='bbox 831 1479 968 1538; x_wconf 82' lang='lat' dir='ltr'>loqui.</span> <span class='ocrx_word' id='word_1_156' title='bbox 990 1481 1040 1522; x_wconf 92' lang='lat' dir='ltr'>In</span> <span class='ocrx_word' id='word_1_157' title='bbox 1065 1494 1173 1538; x_wconf 82' lang='lat' dir='ltr'>quos</span> <span class='ocrx_word' id='word_1_158' title='bbox 1197 1488 1342 1522; x_wconf 79' lang='lat' dir='ltr'>tamen</span> <span class='ocrx_word' id='word_1_159' title='bbox 1365 1495 1471 1524; x_wconf 90' lang='lat' dir='ltr'>con-</span> 
     </span>
     <span class='ocr_line' id='line_1_19' title="bbox 83 1548 1473 1609; baseline -0.001 -14"><span class='ocrx_word' id='word_1_160' title='bbox 83 1551 229 1595; x_wconf 87' lang='lat' dir='ltr'>veniat</span> <span class='ocrx_word' id='word_1_161' title='bbox 258 1550 423 1593; x_wconf 82' lang='lat' dir='ltr'>crimen</span> <span class='ocrx_word' id='word_1_162' title='bbox 452 1548 635 1593; x_wconf 76' lang='lat' dir='ltr'>fallaciae</span> <span class='ocrx_word' id='word_1_163' title='bbox 650 1585 660 1604; x_wconf 95' lang='lat'>,</span> <span class='ocrx_word' id='word_1_164' title='bbox 687 1548 831 1594; x_wconf 86' lang='lat' dir='ltr'>recole</span> <span class='ocrx_word' id='word_1_165' title='bbox 847 1564 946 1609; x_wconf 84' lang='lat' dir='ltr'>quae</span> <span class='ocrx_word' id='word_1_166' title='bbox 963 1565 1090 1609; x_wconf 83' lang='lat' dir='ltr'>supra</span> <span class='ocrx_word' id='word_1_167' title='bbox 1110 1550 1312 1604; x_wconf 82' lang='lat' dir='ltr'>diximus,</span> <span class='ocrx_word' id='word_1_168' title='bbox 1340 1559 1382 1594; x_wconf 94' lang='lat' dir='ltr'>et</span> <span class='ocrx_word' id='word_1_169' title='bbox 1404 1550 1473 1593; x_wconf 91' lang='lat' dir='ltr'>in-</span> 
     </span>
     <span class='ocr_line' id='line_1_20' title="bbox 83 1618 1470 1679; baseline -0.001 -14"><span class='ocrx_word' id='word_1_170' title='bbox 83 1621 228 1665; x_wconf 87' lang='lat' dir='ltr'>venies</span> <span class='ocrx_word' id='word_1_171' title='bbox 254 1640 262 1665; x_wconf 94' lang='lat'>:</span> <span class='ocrx_word' id='word_1_172' title='bbox 289 1635 344 1664; x_wconf 91' lang='lat' dir='ltr'>ne</span> <span class='ocrx_word' id='word_1_173' title='bbox 379 1618 510 1664; x_wconf 87' lang='lat' dir='ltr'>taedio</span> <span class='ocrx_word' id='word_1_174' title='bbox 537 1619 665 1664; x_wconf 90' lang='lat' dir='ltr'>simul</span> <span class='ocrx_word' id='word_1_175' title='bbox 689 1620 934 1679; x_wconf 84' lang='lat' dir='ltr'>legentibus</span> <span class='ocrx_word' id='word_1_176' title='bbox 952 1654 962 1674; x_wconf 93' lang='lat'>,</span> <span class='ocrx_word' id='word_1_177' title='bbox 994 1620 1144 1664; x_wconf 90' lang='lat' dir='ltr'>eadem</span> <span class='ocrx_word' id='word_1_178' title='bbox 1173 1621 1328 1679; x_wconf 81' lang='lat' dir='ltr'>saepius</span> <span class='ocrx_word' id='word_1_179' title='bbox 1347 1635 1470 1679; x_wconf 85' lang='lat' dir='ltr'>repe-</span> 
     </span>
     <span class='ocr_line' id='line_1_21' title="bbox 82 1689 1469 1750; baseline -0.001 -15"><span class='ocrx_word' id='word_1_180' title='bbox 82 1691 232 1736; x_wconf 87' lang='lat' dir='ltr'>tendo.</span> <span class='ocrx_word' id='word_1_181' title='bbox 254 1693 311 1734; x_wconf 95' lang='lat' dir='ltr'>Et</span> <span class='ocrx_word' id='word_1_182' title='bbox 327 1700 474 1735; x_wconf 90' lang='lat' dir='ltr'>tamen</span> <span class='ocrx_word' id='word_1_183' title='bbox 492 1689 598 1750; x_wconf 87' lang='lat' dir='ltr'>quid</span> <span class='ocrx_word' id='word_1_184' title='bbox 615 1691 698 1734; x_wconf 89' lang='lat' dir='ltr'>hoc</span> <span class='ocrx_word' id='word_1_185' title='bbox 711 1690 764 1734; x_wconf 91' lang='lat' dir='ltr'>ad</span> <span class='ocrx_word' id='word_1_186' title='bbox 779 1690 1013 1734; x_wconf 86' lang='lat' dir='ltr'>Ecclesiam</span> <span class='ocrx_word' id='word_1_187' title='bbox 1031 1699 1123 1734; x_wconf 90' lang='lat' dir='ltr'>toto</span> <span class='ocrx_word' id='word_1_188' title='bbox 1136 1690 1242 1734; x_wconf 88' lang='lat' dir='ltr'>orbe</span> <span class='ocrx_word' id='word_1_189' title='bbox 1256 1700 1469 1734; x_wconf 83' lang='lat' dir='ltr'>terrarum</span> 
     </span>
     <span class='ocr_line' id='line_1_22' title="bbox 81 1759 1467 1820; baseline -0.001 -15"><span class='ocrx_word' id='word_1_190' title='bbox 81 1760 310 1815; x_wconf 85' lang='lat' dir='ltr'>diffusam,</span> <span class='ocrx_word' id='word_1_191' title='bbox 334 1760 423 1804; x_wconf 88' lang='lat' dir='ltr'>sive</span> <span class='ocrx_word' id='word_1_192' title='bbox 448 1760 569 1820; x_wconf 89' lang='lat' dir='ltr'>quod</span> <span class='ocrx_word' id='word_1_193' title='bbox 592 1759 646 1803; x_wconf 91' lang='lat' dir='ltr'>de</span> <span class='ocrx_word' id='word_1_194' title='bbox 670 1759 789 1819; x_wconf 88' lang='lat' dir='ltr'>palea</span> <span class='ocrx_word' id='word_1_195' title='bbox 813 1761 903 1819; x_wconf 89' lang='lat' dir='ltr'>ejus</span> <span class='ocrx_word' id='word_1_196' title='bbox 920 1795 930 1815; x_wconf 93' lang='lat'>‚</span> <span class='ocrx_word' id='word_1_197' title='bbox 956 1775 1056 1819; x_wconf 85' lang='lat' dir='ltr'>quae</span> <span class='ocrx_word' id='word_1_198' title='bbox 1083 1775 1183 1804; x_wconf 90' lang='lat' dir='ltr'>cum</span> <span class='ocrx_word' id='word_1_199' title='bbox 1204 1760 1276 1803; x_wconf 87' lang='lat' dir='ltr'>illa</span> <span class='ocrx_word' id='word_1_200' title='bbox 1301 1776 1376 1818; x_wconf 86' lang='lat' dir='ltr'>per</span> <span class='ocrx_word' id='word_1_201' title='bbox 1401 1770 1467 1804; x_wconf 90' lang='lat' dir='ltr'>to-</span> 
     </span>
     <span class='ocr_line' id='line_1_23' title="bbox 82 1828 1468 1890; baseline 0 -15"><span class='ocrx_word' id='word_1_202' title='bbox 82 1840 176 1876; x_wconf 90' lang='lat' dir='ltr'>tum</span> <span class='ocrx_word' id='word_1_203' title='bbox 197 1830 413 1875; x_wconf 90' lang='lat' dir='ltr'>mundum</span> <span class='ocrx_word' id='word_1_204' title='bbox 431 1839 510 1885; x_wconf 88' lang='lat' dir='ltr'>est,</span> <span class='ocrx_word' id='word_1_205' title='bbox 531 1830 723 1890; x_wconf 86' lang='lat' dir='ltr'>potueris</span> <span class='ocrx_word' id='word_1_206' title='bbox 737 1830 903 1888; x_wconf 69' lang='lat' dir='ltr'>dicere,</span> <span class='ocrx_word' id='word_1_207' title='bbox 919 1830 1006 1873; x_wconf 86' lang='lat' dir='ltr'>sive</span> <span class='ocrx_word' id='word_1_208' title='bbox 1021 1831 1141 1890; x_wconf 89' lang='lat' dir='ltr'>quod</span> <span class='ocrx_word' id='word_1_209' title='bbox 1156 1830 1211 1874; x_wconf 93' lang='lat' dir='ltr'>de</span> <span class='ocrx_word' id='word_1_210' title='bbox 1226 1828 1468 1875; x_wconf 83' lang='lat' dir='ltr'>Maniehaeo</span> 
     </span>
     <span class='ocr_line' id='line_1_24' title="bbox 82 1899 1468 1955; baseline -0.001 -11"><span class='ocrx_word' id='word_1_211' title='bbox 82 1900 248 1955; x_wconf 80' lang='lat' dir='ltr'>dixisti,</span> <span class='ocrx_word' id='word_1_212' title='bbox 277 1900 347 1945; x_wconf 90' lang='lat' dir='ltr'>vel</span> <span class='ocrx_word' id='word_1_213' title='bbox 375 1900 430 1944; x_wconf 92' lang='lat' dir='ltr'>de</span> <span class='ocrx_word' id='word_1_214' title='bbox 451 1901 618 1945; x_wconf 86' lang='lat' dir='ltr'>caeteris</span> <span class='ocrx_word' id='word_1_215' title='bbox 639 1899 863 1944; x_wconf 83' lang='lat' dir='ltr'>diabolicis</span> <span class='ocrx_word' id='word_1_216' title='bbox 884 1900 1041 1944; x_wconf 77' lang='lat' dir='ltr'>sectis?</span> <span class='ocrx_word' id='word_1_217' title='bbox 1066 1901 1109 1944; x_wconf 88' lang='lat' dir='ltr'>Si</span> <span class='ocrx_word' id='word_1_218' title='bbox 1138 1901 1253 1944; x_wconf 90' lang='lat' dir='ltr'>enim</span> <span class='ocrx_word' id='word_1_219' title='bbox 1277 1900 1332 1944; x_wconf 92' lang='lat' dir='ltr'>ad</span> <span class='ocrx_word' id='word_1_220' title='bbox 1356 1901 1468 1944; x_wconf 86' lang='lat' dir='ltr'>triti-</span> 
     </span>
     <span class='ocr_line' id='line_1_25' title="bbox 80 1971 1467 2031; baseline -0.001 -15"><span class='ocrx_word' id='word_1_221' title='bbox 80 1987 182 2017; x_wconf 87' lang='lat' dir='ltr'>cum</span> <span class='ocrx_word' id='word_1_222' title='bbox 214 1987 302 2016; x_wconf 91' lang='lat' dir='ltr'>non</span> <span class='ocrx_word' id='word_1_223' title='bbox 328 1972 517 2031; x_wconf 88' lang='lat' dir='ltr'>pertinet</span> <span class='ocrx_word' id='word_1_224' title='bbox 542 1971 759 2031; x_wconf 86' lang='lat' dir='ltr'>quidquid</span> <span class='ocrx_word' id='word_1_225' title='bbox 793 1972 922 2015; x_wconf 90' lang='lat' dir='ltr'>etiam</span> <span class='ocrx_word' id='word_1_226' title='bbox 955 1972 1009 2015; x_wconf 89' lang='lat' dir='ltr'>de</span> <span class='ocrx_word' id='word_1_227' title='bbox 1041 1971 1163 2029; x_wconf 87' lang='lat' dir='ltr'>palea</span> <span class='ocrx_word' id='word_1_228' title='bbox 1188 1971 1345 2014; x_wconf 89' lang='lat' dir='ltr'>dicitur</span> <span class='ocrx_word' id='word_1_229' title='bbox 1367 1987 1467 2029; x_wconf 85' lang='lat' dir='ltr'>quae</span> 
     </span>
     <span class='ocr_line' id='line_1_26' title="bbox 81 2041 1466 2101; baseline -0.001 -14"><span class='ocrx_word' id='word_1_230' title='bbox 81 2043 225 2087; x_wconf 89' lang='lat' dir='ltr'>adhuc</span> <span class='ocrx_word' id='word_1_231' title='bbox 261 2058 361 2087; x_wconf 92' lang='lat' dir='ltr'>cum</span> <span class='ocrx_word' id='word_1_232' title='bbox 388 2042 464 2087; x_wconf 90' lang='lat' dir='ltr'>illo</span> <span class='ocrx_word' id='word_1_233' title='bbox 488 2052 578 2095; x_wconf 91' lang='lat' dir='ltr'>est,</span> <span class='ocrx_word' id='word_1_234' title='bbox 605 2052 771 2101; x_wconf 89' lang='lat' dir='ltr'>quanto</span> <span class='ocrx_word' id='word_1_235' title='bbox 791 2043 934 2085; x_wconf 90' lang='lat' dir='ltr'>minus</span> <span class='ocrx_word' id='word_1_236' title='bbox 952 2042 1172 2100; x_wconf 85' lang='lat' dir='ltr'>pertinent</span> <span class='ocrx_word' id='word_1_237' title='bbox 1195 2041 1249 2084; x_wconf 93' lang='lat' dir='ltr'>ad</span> <span class='ocrx_word' id='word_1_238' title='bbox 1272 2042 1466 2085; x_wconf 83' lang='lat' dir='ltr'>membra</span> 
     </span>
     <span class='ocr_line' id='line_1_27' title="bbox 80 2104 1467 2170; baseline -0.003 -12"><span class='ocrx_word' id='word_1_239' title='bbox 80 2104 241 2158; x_wconf 86' lang='lat' dir='ltr'>Christi</span> <span class='ocrx_word' id='word_1_240' title='bbox 258 2121 350 2157; x_wconf 86' lang='lat' dir='ltr'>toto</span> <span class='ocrx_word' id='word_1_241' title='bbox 367 2113 474 2158; x_wconf 91' lang='lat' dir='ltr'>orbe</span> <span class='ocrx_word' id='word_1_242' title='bbox 491 2111 666 2167; x_wconf 81' lang='lat' dir='ltr'>diffusa,</span> <span class='ocrx_word' id='word_1_243' title='bbox 690 2120 778 2156; x_wconf 87' lang='lat' dir='ltr'>tam</span> <span class='ocrx_word' id='word_1_244' title='bbox 802 2111 906 2155; x_wconf 92' lang='lat' dir='ltr'>olim</span> <span class='ocrx_word' id='word_1_245' title='bbox 932 2121 975 2156; x_wconf 93' lang='lat' dir='ltr'>et</span> <span class='ocrx_word' id='word_1_246' title='bbox 997 2120 1084 2155; x_wconf 90' lang='lat' dir='ltr'>tam</span> <span class='ocrx_word' id='word_1_247' title='bbox 1108 2120 1254 2170; x_wconf 89' lang='lat' dir='ltr'>aperte</span> <span class='ocrx_word' id='word_1_248' title='bbox 1274 2120 1467 2170; x_wconf 87' lang='lat' dir='ltr'>separata</span> 
     </span>
    </p>
   </div>
   <div class='ocr_carea' id='block_1_3' title="bbox 81 2192 1467 2298">
    <p class='ocr_par' dir='ltr' id='par_1_4' title="bbox 81 2192 1467 2298">
     <span class='ocr_line' id='line_1_28' title="bbox 113 2192 298 2228; baseline -0.005 0"><span class='ocrx_word' id='word_1_249' title='bbox 113 2192 298 2228; x_wconf 82' lang='lat' dir='ltr'>ortenta.</span> 
     </span>
     <span class='ocr_line' id='line_1_29' title="bbox 81 2199 1467 2298; baseline -0.002 0"><span class='ocrx_word' id='word_1_250' title='bbox 81 2199 111 2244; x_wconf 73' lang='lat' dir='ltr'>p</span> <span class='ocrx_word' id='word_1_251' title='bbox 138 2255 278 2298; x_wconf 83' lang='lat' dir='ltr'>XLII.</span> <span class='ocrx_word' id='word_1_252' title='bbox 306 2255 567 2297; x_wconf 66' lang='lat' dir='ltr'>Pmiumus</span> <span class='ocrx_word' id='word_1_253' title='bbox 588 2251 694 2296; x_wconf 86' lang='lat' dir='ltr'>dixit</span> <span class='ocrx_word' id='word_1_254' title='bbox 713 2271 720 2296; x_wconf 92' lang='lat'>:</span> <span class='ocrx_word' id='word_1_255' title='bbox 747 2271 766 2294; x_wconf 89' lang='lat'>«</span> <span class='ocrx_word' id='word_1_256' title='bbox 788 2252 923 2296; x_wconf 87' lang='lat' dir='ltr'>Jubet</span> <span class='ocrx_word' id='word_1_257' title='bbox 945 2252 1070 2296; x_wconf 85' lang='lat' dir='ltr'>nobis</span> <span class='ocrx_word' id='word_1_258' title='bbox 1094 2252 1303 2295; x_wconf 88' lang='lat' dir='ltr'>Dominus</span> <span class='ocrx_word' id='word_1_259' title='bbox 1325 2252 1467 2296; x_wconf 87' lang='lat' dir='ltr'>Chris-</span> 
     </span>
    </p>
   </div>
   <div class='ocr_carea' id='block_1_4' title="bbox 79 2323 1467 2590">
    <p class='ocr_par' dir='ltr' id='par_1_5' title="bbox 79 2323 1467 2590">
     <span class='ocr_line' id='line_1_30' title="bbox 82 2323 1463 2382; baseline -0.002 -14"><span class='ocrx_word' id='word_1_260' title='bbox 82 2333 149 2368; x_wconf 89' lang='lat' dir='ltr'>tus</span> <span class='ocrx_word' id='word_1_261' title='bbox 170 2343 179 2368; x_wconf 87' lang='lat'>:</span> <span class='ocrx_word' id='word_1_262' title='bbox 205 2325 318 2368; x_wconf 91' lang='lat' dir='ltr'>Cum</span> <span class='ocrx_word' id='word_1_263' title='bbox 341 2338 416 2367; x_wconf 90' lang='lat' dir='ltr'>vos</span> <span class='ocrx_word' id='word_1_264' title='bbox 445 2323 659 2382; x_wconf 84' lang='lat' dir='ltr'>persecuti</span> <span class='ocrx_word' id='word_1_265' title='bbox 684 2323 849 2366; x_wconf 88' lang='lat' dir='ltr'>fuerint</span> <span class='ocrx_word' id='word_1_266' title='bbox 870 2323 1067 2366; x_wconf 88' lang='lat' dir='ltr'>homines</span> <span class='ocrx_word' id='word_1_267' title='bbox 1090 2323 1134 2365; x_wconf 89' lang='lat' dir='ltr'>in</span> <span class='ocrx_word' id='word_1_268' title='bbox 1157 2323 1328 2366; x_wconf 85' lang='lat' dir='ltr'>civitate</span> <span class='ocrx_word' id='word_1_269' title='bbox 1357 2323 1433 2365; x_wconf 86' lang='lat' dir='ltr'>ista</span> <span class='ocrx_word' id='word_1_270' title='bbox 1453 2358 1463 2376; x_wconf 90' lang='lat'>,</span> 
     </span>
     <span class='ocr_line' id='line_1_31' title="bbox 79 2392 1467 2454; baseline -0.001 -16"><span class='ocrx_word' id='word_1_271' title='bbox 79 2393 218 2452; x_wconf 85' lang='lat' dir='ltr'>fugite</span> <span class='ocrx_word' id='word_1_272' title='bbox 240 2394 285 2437; x_wconf 91' lang='lat' dir='ltr'>in</span> <span class='ocrx_word' id='word_1_273' title='bbox 308 2393 486 2438; x_wconf 89' lang='lat' dir='ltr'>alteram</span> <span class='ocrx_word' id='word_1_274' title='bbox 509 2413 519 2439; x_wconf 72' lang='lat'>2</span> <span class='ocrx_word' id='word_1_275' title='bbox 539 2393 658 2454; x_wconf 88' lang='lat' dir='ltr'>quod</span> <span class='ocrx_word' id='word_1_276' title='bbox 677 2394 711 2437; x_wconf 91' lang='lat' dir='ltr'>si</span> <span class='ocrx_word' id='word_1_277' title='bbox 733 2394 778 2437; x_wconf 90' lang='lat' dir='ltr'>in</span> <span class='ocrx_word' id='word_1_278' title='bbox 805 2408 853 2437; x_wconf 89' lang='lat' dir='ltr'>ea</span> <span class='ocrx_word' id='word_1_279' title='bbox 876 2408 951 2437; x_wconf 90' lang='lat' dir='ltr'>vos</span> <span class='ocrx_word' id='word_1_280' title='bbox 975 2403 1307 2452; x_wconf 76' lang='lat' dir='ltr'>persequentur,</span> <span class='ocrx_word' id='word_1_281' title='bbox 1330 2392 1467 2451; x_wconf 68' lang='lat' dir='ltr'>fugite</span> 
     </span>
     <span class='ocr_line' id='line_1_32' title="bbox 79 2462 1466 2517; baseline -0.002 -9"><span class='ocrx_word' id='word_1_282' title='bbox 79 2465 124 2508; x_wconf 90' lang='lat' dir='ltr'>in</span> <span class='ocrx_word' id='word_1_283' title='bbox 147 2463 289 2508; x_wconf 88' lang='lat' dir='ltr'>aliam.</span> <span class='ocrx_word' id='word_1_284' title='bbox 322 2467 461 2508; x_wconf 80' lang='lat' dir='ltr'>Amen</span> <span class='ocrx_word' id='word_1_285' title='bbox 489 2463 586 2508; x_wconf 93' lang='lat' dir='ltr'>dico</span> <span class='ocrx_word' id='word_1_286' title='bbox 609 2464 748 2517; x_wconf 89' lang='lat' dir='ltr'>vobis,</span> <span class='ocrx_word' id='word_1_287' title='bbox 778 2479 866 2507; x_wconf 88' lang='lat' dir='ltr'>non</span> <span class='ocrx_word' id='word_1_288' title='bbox 896 2462 1251 2507; x_wconf 85' lang='lat' dir='ltr'>consummabitis</span> <span class='ocrx_word' id='word_1_289' title='bbox 1272 2462 1466 2506; x_wconf 83' lang='lat' dir='ltr'>civitates</span> 
     </span>
     <span class='ocr_line' id='line_1_33' title="bbox 79 2532 1465 2590; baseline -0.002 -12"><span class='ocrx_word' id='word_1_290' title='bbox 79 2533 227 2589; x_wconf 73' lang='lat' dir='ltr'>Israel,</span> <span class='ocrx_word' id='word_1_291' title='bbox 242 2534 382 2578; x_wconf 91' lang='lat' dir='ltr'>donec</span> <span class='ocrx_word' id='word_1_292' title='bbox 393 2533 536 2578; x_wconf 87' lang='lat' dir='ltr'>veniat</span> <span class='ocrx_word' id='word_1_293' title='bbox 549 2533 682 2577; x_wconf 90' lang='lat' dir='ltr'>Filius</span> <span class='ocrx_word' id='word_1_294' title='bbox 697 2533 881 2577; x_wconf 89' lang='lat' dir='ltr'>hominis</span> <span class='ocrx_word' id='word_1_295' title='bbox 893 2535 924 2575; x_wconf 79' lang='lat'>³.</span> <span class='ocrx_word' id='word_1_296' title='bbox 941 2534 978 2575; x_wconf 90' lang='lat' dir='ltr'>Si</span> <span class='ocrx_word' id='word_1_297' title='bbox 993 2534 1046 2575; x_wconf 84' lang='lat' dir='ltr'>dc</span> <span class='ocrx_word' id='word_1_298' title='bbox 1059 2532 1222 2575; x_wconf 79' lang='lat' dir='ltr'>Judaeis</span> <span class='ocrx_word' id='word_1_299' title='bbox 1237 2541 1278 2575; x_wconf 83' lang='lat' dir='ltr'>et</span> <span class='ocrx_word' id='word_1_300' title='bbox 1290 2532 1465 2590; x_wconf 80' lang='lat' dir='ltr'>paganis</span> 
     </span>
    </p>
   </div>
   <div class='ocr_carea' id='block_1_5' title="bbox 133 2615 1101 2659">
    <p class='ocr_par' dir='ltr' id='par_1_6' title="bbox 133 2615 1101 2659">
     <span class='ocr_line' id='line_1_34' title="bbox 133 2615 1101 2659; baseline -0.004 -10"><span class='ocrx_word' id='word_1_301' title='bbox 133 2625 140 2641; x_wconf 90' lang='lat'><em>¹</em></span> <span class='ocrx_word' id='word_1_302' title='bbox 166 2629 176 2649; x_wconf 86' lang='grc' dir='ltr'>ι</span> <span class='ocrx_word' id='word_1_303' title='bbox 199 2619 269 2650; x_wconf 66' lang='grc' dir='ltr'>(ζον,</span> <span class='ocrx_word' id='word_1_304' title='bbox 291 2628 344 2659; x_wconf 82' lang='lat' dir='ltr'>xv,</span> <span class='ocrx_word' id='word_1_305' title='bbox 359 2629 392 2659; x_wconf 81' lang='lat'>9.</span> <span class='ocrx_word' id='word_1_306' title='bbox 410 2634 451 2641; x_wconf 93' lang='lat'>—-</span> <span class='ocrx_word' id='word_1_307' title='bbox 468 2624 480 2639; x_wconf 75' lang='lat'>²</span> <span class='ocrx_word' id='word_1_308' title='bbox 500 2628 519 2648; x_wconf 85' lang='lat'><strong>2</strong></span> <span class='ocrx_word' id='word_1_309' title='bbox 537 2619 609 2648; x_wconf 73' lang='lat' dir='ltr'>Cor.</span> <span class='ocrx_word' id='word_1_310' title='bbox 636 2628 680 2656; x_wconf 76' lang='lat' dir='ltr'>u,</span> <span class='ocrx_word' id='word_1_311' title='bbox 701 2617 752 2649; x_wconf 78' lang='lat'>26.</span> <span class='ocrx_word' id='word_1_312' title='bbox 774 2634 811 2639; x_wconf 96' lang='lat'>—</span> <span class='ocrx_word' id='word_1_313' title='bbox 831 2615 843 2638; x_wconf 83' lang='lat'>3</span> <span class='ocrx_word' id='word_1_314' title='bbox 859 2616 977 2648; x_wconf 77' lang='lat' dir='ltr'>Mntth.</span> <span class='ocrx_word' id='word_1_315' title='bbox 997 2627 1027 2646; x_wconf 56' lang='lat' dir='ltr'>x.</span> <span class='ocrx_word' id='word_1_316' title='bbox 1048 2617 1101 2646; x_wconf 72' lang='lat'>2&#39;5.</span> 
     </span>
    </p>
   </div>
  </div>
 </body>
</html>
