1825 3264
503 279 558 307 nn
591 278 777 306 culmi-z
809 278 1024 306 xchusmz.
1375 267 1458 307 247

79 364 100 389 »
125 353 189 390 est
205 343 369 389 venisse
385 343 429 387 in
449 344 650 388 Azotum.
672 341 798 388 Unde
813 351 1031 387 revertens
1044 341 1368 402 evangelizabat
1385 359 1462 404 per

80 435 101 459 n
125 429 274 461 omnes
301 413 493 458 civitates
521 427 659 472 usque
680 412 787 456 dum
808 412 975 457 veniret
997 413 1042 456 in
1066 414 1320 463 Caesaream.
1344 431 1365 456 »
1393 415 1462 460 Sic

76 500 179 545 ergo
199 484 420 529 invenitur
438 492 481 528 et
502 498 580 543 per
601 485 625 527 J
631 481 766 527 udaeae
785 491 830 526 et
853 482 1055 527 Samariae
1082 483 1274 528 civitates
1302 483 1461 544 praedi·

75 565 222 603 catum
239 554 539 614 Evangelium.
563 554 770 599 Restabat
792 567 893 612 ergo
913 563 963 598 ut
982 552 1290 613 praedicaretur
1313 570 1363 599 ex
1388 571 1461 601 or-

76 627 178 673 dine
218 627 348 672 etiam
390 641 466 686 per
503 641 654 671 omnes
697 634 861 685 genteS,
896 625 1007 670 sicut
1026 625 1237 670 Dominus
1264 625 1456 672 dixerat:

81 718 102 742 »
126 714 265 759 usque
285 700 327 743 in
346 706 482 743 totam
504 707 678 743 terram.
698 716 717 739 »
743 699 936 742 Vocatur
957 711 1059 755 ergo
1083 697 1237 741 Saulus
1258 696 1313 742 de
1329 697 1460 754 coelo,

77 771 128 815 fit
149 784 202 814 ex
224 778 501 829 persecutore
522 767 797 828 praedicator,
819 777 862 813 et
879 767 983 813 dicit
1001 767 1060 812 de
1079 767 1155 813 illo
1178 769 1389 814 Dominus
1407 767 1463 814 ad

77 841 293 888 Ananiam
322 859 332 886 z
356 859 376 882 «
401 838 538 895 Vade,
573 839 782 900 quoniam
811 855 885 885 vas
921 838 1142 884 electionis
1169 848 1233 884 est
1261 840 1385 895 mihi,
1413 850 1464 886 ut

74 930 96 954 »
122 920 267 971 portet
302 925 463 955 nomen
507 925 653 954 meum
684 925 829 955 coram
863 910 1082 969 gentibus,
1122 918 1166 954 et
1197 909 1389 969 regibus,
1420 919 1464 955 et

75 1000 95 1024 »
122 981 218 1026 filiis
239 980 372 1025 Israel
395 980 676 1040 magnificari.
706 983 800 1040 Ego
819 980 938 1025 enim
961 979 1216 1024 monstrabo
1237 982 1277 1024 ei
1299 989 1463 1041 quanta

75 1070 96 1094 »
122 1052 311 1110 patietur
338 1059 515 1110 propter
543 1066 705 1096 nomen
741 1065 903 1096 meum.
934 1069 953 1092 »
977 1053 1076 1095 Jam
1096 1051 1243 1111 itaque
1265 1060 1464 1096 tenemus

72 1122 310 1168 Ecclesiam
331 1122 377 1166 in
398 1120 653 1177 Jerusalem,
678 1130 721 1166 et
746 1137 823 1180 per
845 1130 982 1167 totam
1002 1124 1027 1166 J
1033 1120 1220 1176 udaeam,
1244 1131 1287 1166 et
1315 1124 1463 1168 Sama-

71 1195 196 1238 riam.
234 1191 360 1238 Unde
389 1193 653 1252 apertissime
687 1192 819 1252 paulo
856 1201 952 1252 post
986 1191 1177 1237 dicitur:
1206 1211 1226 1235 «
1258 1193 1463 1238 Ecclesiae

75 1282 96 1306 »
122 1263 303 1324 quidem
326 1278 404 1323 per
429 1272 564 1308 totam
586 1265 611 1307 J
617 1263 804 1318 udaeam,
829 1272 873 1307 et
894 1263 1134 1319 Galilaeam,
1165 1272 1209 1308 et
1228 1264 1462 1309 Samariam

72 1353 93 1378 »
119 1334 342 1379 habebant
374 1349 542 1393 pacem,
577 1334 800 1378 instructae
838 1343 882 1377 et
914 1335 1182 1379 confirmatae
1219 1335 1265 1378 in
1308 1336 1463 1380 timore

72 1423 93 1448 »
120 1405 312 1460 Domini,
342 1413 386 1449 et
413 1404 709 1449 consolatione
741 1404 878 1449 sancti
907 1405 1088 1464 Spiritus
1115 1404 1414 1464 replebantur.
1438 1424 1459 1448 »

71 1476 238 1521 Deinde
273 1475 419 1535 paucis
443 1475 706 1535 interpositis
726 1510 737 1531 ‚
767 1477 942 1521 venitur
972 1476 1027 1520 ad
1057 1490 1156 1520 eum
1183 1475 1353 1532 locum,
1372 1477 1462 1521 ubi

71 1547 299 1593 Cornelius
316 1546 516 1592 centurio
530 1545 734 1600 credidit,
754 1555 914 1591 etcum
931 1546 1018 1590 suis
1030 1546 1273 1604 baptizatus
1287 1555 1366 1601 est,
1386 1548 1464 1606 qui

70 1632 220 1663 omnes
245 1617 425 1675 gentiles
447 1626 569 1662 erant
586 1617 888 1662 incircumcisi.
915 1616 1045 1670 Quod
1067 1627 1303 1677 antequam
1321 1617 1460 1673 fieret,

70 1692 222 1733 Petrus
249 1688 359 1733 vidit
383 1689 428 1732 in
452 1689 747 1748 assumptione
771 1688 941 1743 mentis,
970 1703 1072 1732 cum
1102 1697 1260 1744 oraret,
1297 1687 1460 1733 coelum

69 1768 286 1819 apertum,
306 1768 350 1803 et
366 1768 557 1819 quatuor
576 1759 707 1803 initiis
728 1759 912 1818 ligatum
927 1774 1000 1804 vas
1013 1759 1236 1819 quoddam
1251 1769 1459 1821 tanquam

67 1828 253 1874 linteum
271 1829 520 1888 limpidum,
544 1829 591 1873 in
606 1845 697 1889 quo
710 1838 802 1874 erat
823 1845 952 1874 omne
973 1845 1109 1889 genus
1121 1830 1458 1890 quadrupedum

66 1915 115 1945 ac
137 1899 327 1944 ferarum
343 1934 353 1954 ‚
382 1908 426 1944 et
446 1898 675 1944 volucrum
697 1899 814 1944 coeli.
833 1903 890 1945 Et
906 1900 1019 1945 facta
1035 1910 1098 1945 est
1122 1916 1204 1946 vox
1227 1920 1236 1946 :
1266 1920 1287 1944 «
1302 1905 1428 1946 Petre
1444 1936 1455 1956 ,

71 1988 92 2012 »
115 1985 264 2030 surge,
286 1979 426 2015 macta
442 2005 454 2025 ‚
478 1980 522 2015 et
544 1970 774 2015 manduca.
795 1972 869 2016 Ait
887 1980 1034 2015 autern
1051 1975 1202 2016 Petrus
1224 1990 1233 2016 :
1255 1973 1455 2027 Domine,

69 2059 89 2083 n
115 2055 342 2099 nunquam
363 2039 623 2085 manducavi
640 2056 770 2085 omne
791 2055 1024 2085 commune
1046 2049 1089 2084 et
1111 2041 1403 2086 immundum.
1434 2060 1455 2083 »

67 2114 125 2156 Et
146 2126 231 2155 vox
254 2125 400 2154 rursus
421 2111 477 2154 ad
496 2125 594 2154 eum
617 2145 628 2166 ‚
664 2130 683 2153 «
707 2114 816 2165 Quae
842 2113 955 2156 Deus
977 2112 1205 2156 mundavit
1223 2148 1234 2167 ‚
1268 2122 1315 2157 tu
1333 2127 1456 2158 com-

67 2200 89 2224 »
114 2182 264 2227 munia
292 2197 348 2226 ne
377 2181 547 2226 dixeris.
575 2200 594 2224 »
623 2182 752 2236 Quod
776 2191 920 2227 autem
947 2199 1024 2243 per
1046 2184 1130 2228 hoc
1145 2184 1285 2228 visum
1308 2194 1456 2243 gentes

65 2253 296 2298 crediturae
325 2253 578 2312 significatae
604 2254 705 2309 sint,
731 2270 820 2298 non
841 2270 951 2314 opus
973 2264 1037 2300 est
1066 2264 1116 2299 ut
1142 2255 1422 2316 conjiciamus
1444 2274 1453 2300 :

66 2325 157 2384 ipse
165 2324 327 2384 quippe
342 2323 575 2384 Apostolus
590 2325 673 2369 hoc
691 2326 869 2385 exponit
886 2326 931 2370 in
949 2325 1025 2370 illo
1041 2341 1141 2370 vase
1155 2326 1236 2370 sibi
1251 2327 1455 2371 demons-

66 2406 244 2442 tratum.
265 2398 379 2440 Cum
396 2395 509 2439 enim
528 2396 742 2453 ingressus
761 2407 870 2441 esset
889 2398 1069 2443 domurn
1089 2398 1165 2442 ubi
1180 2407 1272 2442 erat
1286 2400 1453 2442 Corne-

64 2465 164 2520 lius,
210 2474 253 2509 et
278 2465 407 2509 multi
434 2466 750 2521 convenissent,
785 2466 894 2511 dixit
929 2467 984 2511 ad
1021 2483 1121 2512 eos:
1147 2487 1165 2509 «
1188 2469 1274 2512 Vos
1301 2467 1454 2513 melius

69 2555 90 2578 »
118 2536 249 2591 scitis,
284 2535 509 2596 quomodo
544 2536 888 2582 abominandum
921 2537 976 2582 sit
1003 2538 1096 2583 viro
1123 2537 1306 2595 Judaeo,
1329 2539 1453 2599 jungi

119 2628 129 2643 ¹
155 2624 226 2654 Act.
249 2631 295 2662 ιι,
324 2621 375 2654 15.
397 2638 437 2644 —
453 2621 640 2653 ²1bid 31.
