1825 3264
287 289 371 331 540
810 299 1149 330 Annon-nous.

679 436 934 478 Amorum
950 434 1015 490 (6)
1036 446 1135 491 pag.
1172 435 1272 476 427.

342 580 526 625 Marculi
566 581 706 640 passio
730 596 752 625 a
777 583 1020 626 Donatiano
1051 580 1242 641 quodam
1285 581 1441 639 scripta
1461 614 1472 635 ‚
1512 579 1673 639 prodiit

284 652 329 696 in
358 661 555 697 veterum
589 652 900 697 Analectorum
931 662 1051 698 tomo
1091 658 1133 697 4.
1165 656 1438 698 Praenotatur
1468 651 1515 695 in
1546 652 1670 696 MSS.

291 741 342 766 ιιι
369 758 380 777 ,
421 723 490 767 vel
527 741 606 768 v111
632 758 643 778 ,
690 723 788 768 Kal.
826 725 1032 769 Decemb.
1079 724 1147 770 Ibi
1179 722 1399 769 Marculus
1449 723 1677 782 presbyter

286 802 456 838 tantum
473 830 484 849 ‚
516 810 606 840 non
634 796 860 855 episcopus
878 831 889 851 ,
924 796 1000 855 qui
1029 796 1067 839 ei
1092 795 1243 841 titulus
1281 811 1304 840 a
1335 794 1676 840 Lovaniensibus

285 874 433 927 annot.
474 866 519 909 in
553 865 633 909 lib.
675 885 707 910 11
744 875 895 911 eontra
926 866 1038 911 Petil
1066 901 1077 922 ,
1115 882 1209 925 cap.
1254 873 1308 909 20
1345 865 1533 910 tributus
1574 874 1672 921 est,

284 935 543 996 appellatur.
580 937 659 981 Hic
691 938 812 997 jussu
842 937 1017 982 Macarii
1036 972 1048 991 ,
1077 952 1210 997 quem
1238 938 1452 982 Constans
1483 936 1675 996 impera-

284 1015 352 1052 tor
386 1007 430 1050 in
465 1006 657 1050 Africam
697 1023 798 1051 eum
833 1006 968 1052 Paulo
1004 1007 1206 1062 miserat,
1243 1007 1416 1052 vinctus
1457 1007 1599 1066 primo
1632 1007 1678 1051 in

285 1078 550 1138 possessione
571 1077 842 1136 Vaegesselae,
868 1079 913 1122 in
934 1094 1020 1138 qua
1044 1080 1235 1123 Macario
1253 1094 1352 1124 cum
1375 1079 1585 1138 episcopis
1605 1078 1681 1122 ali-

283 1157 392 1208 quot
409 1164 433 1192 a
451 1148 688 1192 Donatiana
714 1159 835 1208 parte
859 1148 914 1193 ad
936 1149 1077 1208 ipsum
1099 1148 1272 1194 directis
1289 1149 1493 1204 occurrit,
1512 1158 1555 1193 et
1576 1164 1678 1194 mox

283 1217 458 1263 funium
471 1219 630 1264 ictibus
645 1235 781 1264 caesus
799 1235 900 1264 cum
916 1220 1055 1275 sociis,
1076 1219 1178 1264 inde
1195 1236 1272 1279 per
1286 1219 1450 1280 aliquas
1463 1220 1679 1265 Numidiae

284 1290 477 1334 civitates
498 1289 579 1333 sub
602 1290 835 1335 arctissima
858 1290 1046 1334 militum
1077 1291 1273 1335 custodia
1299 1306 1436 1351 usque
1458 1291 1502 1334 in
1525 1291 1678 1336 castel-

284 1359 375 1404 lum
393 1363 695 1406 Novae-Petrae
714 1359 950 1420 perductus
964 1397 974 1416 ,
995 1361 1056 1406 ibi
1079 1361 1255 1406 tandem
1278 1362 1424 1421 elapso
1445 1361 1680 1422 quatriduo

284 1430 339 1474 de
373 1440 507 1489 petrae
541 1431 733 1475 culmine
765 1447 788 1475 a
824 1431 961 1476 milite
993 1432 1291 1491 praecipitatus
1324 1432 1483 1491 legitur
1519 1432 1565 1476 in
1597 1431 1680 1476 illis

282 1501 490 1560 passionis
507 1502 599 1561 ejus
621 1502 739 1546 Actis
767 1521 775 1546 :
800 1518 900 1562 quae
918 1503 1088 1547 tametsi
1112 1512 1336 1548 auctorem
1359 1502 1681 1548 schismaticum

284 1581 430 1631 aperte
464 1572 684 1627 referunt,
710 1572 945 1617 Catholicis
972 1575 1260 1619 vehementer
1286 1574 1528 1630 infensum,
1555 1590 1607 1618 ex
1630 1573 1681 1618 iis

284 1651 431 1685 tamen
459 1642 641 1688 Marculi
671 1658 831 1687 nomen
871 1643 1127 1689 translatum
1157 1643 1243 1689 fuit
1274 1645 1318 1689 in
1354 1644 1677 1703 martyrologia.

283 1714 431 1769 Ipsum
453 1711 568 1754 enim
592 1711 710 1755 haud
732 1712 868 1755 dubie
891 1714 1079 1771 respicit,
1112 1714 1233 1774 quod
1256 1715 1302 1759 in
1319 1714 1483 1759 Molani
1501 1713 1682 1758 additio·

283 1781 410 1825 nibus
435 1780 490 1824 ad
509 1781 755 1825 Usuardum
778 1797 828 1824 ex
847 1783 984 1826 notho
1007 1783 1136 1827 Bedae
1161 1785 1473 1843 martyrologio
1495 1784 1683 1829 refertur

284 1850 339 1896 ad
356 1870 399 1896 vi
420 1851 520 1895 Kal.
540 1855 695 1896 Decem
703 1851 785 1896 b.I
783 1868 815 1896 n
833 1850 1130 1898 Nicomedia
1149 1859 1253 1913 (pro
1269 1853 1536 1912 ἡΝιιηιιίῑίὶα)
1555 1853 1687 1898 beati

283 1921 776 1968 illarculisaeerdocis
792 1932 837 1967 et
855 1925 1100 1983 ιηανζγνίε,
1122 1927 1207 1983 qui
1225 1924 1517 1986 temporibus
1537 1925 1681 1970 Cons-

286 1994 432 2036 tantis
466 1996 664 2053 tymmm'
693 1995 1048 2054 persecutiones
1082 1997 1328 2040 maoeimas
1360 1994 1584 2055 pertulit,
1615 1995 1687 2041 ad

286 2073 554 2108 ectremmn
597 2063 660 2109 ab
696 2063 801 2109 alta
821 2081 936 2124 rape
954 2067 1287 2126 prceeipitatus
1309 2076 1392 2111 est.
1415 2070 1470 2112 Et
1504 2065 1613 2111 illud
1637 2067 1682 2110 in

288 2139 491 2180 Romano
516 2135 570 2180 ad
596 2135 796 2180 eumdem
819 2135 935 2180 diem
970 2156 980 2182 ι
1015 2136 1351 2195 Nicomedioe(
1366 2154 1444 2197 pro
1477 2137 1541 2183 In
1571 2137 1630 2184 N
1661 2164 1683 2172 -

287 2205 436 2249 madia
465 2211 478 2261 )
511 2205 681 2250 sancta·
709 2205 942 2251 ΛΙΙανεεΗί
967 2210 982 2263 (
1003 2206 1087 2266 leg.
1114 2206 1332 2252 Illarcule'
1348 2210 1366 2266 )
1383 2207 1679 2268 presbyteri,

290 2277 374 2334 qui
409 2277 869 2334 Constantii(ve1·ius
893 2277 1196 2336 Constantis)
1219 2288 1430 2338 tempore
1446 2277 1510 2323 ab
1531 2280 1684 2324 Aria·

287 2347 360 2388 m's
395 2349 411 2403 (
442 2347 918 2405 proccsslaeartam's)
950 2363 975 2390 e
1009 2364 1124 2406 rape
1147 2350 1479 2409 prceezpitatus
1499 2359 1688 2409 martyr
1721 2362 1724 2364 ·

288 2414 519 2459 occubuit.
562 2420 614 2460 ln
638 2416 880 2461 Collatione
909 2418 1236 2475 Carthaginensi
1257 2438 1287 2474 1,
1313 2435 1408 2478 cap.
1441 2426 1536 2462 187.
1563 2421 1685 2464 Dati-

288 2500 364 2528 vus
400 2487 625 2544 opiscopus
657 2487 974 2531 Donatistarum
1001 2490 1328 2547 Novapetrensis
1349 2490 1469 2543 dicit,
1494 2487 1682 2533 Aduer-

289 2556 470 2597 sarz'nm
496 2572 589 2599 non
628 2555 798 2610 liabeo,
824 2558 936 2614 quia
971 2556 1067 2602 illic
1088 2568 1156 2602 est
1191 2558 1392 2603 domnas
1413 2559 1681 2615 Blarculus,

291 2625 425 2683 cujus
453 2627 734 2685 sanguinem
776 2627 907 2669 Deus
944 2629 1103 2690 eriget
1131 2629 1177 2672 in
1207 2627 1284 2672 die
1298 2628 1488 2691 judicii.
1519 2630 1681 2674 Confer
