1825 3264
344 219 426 259 216
783 228 816 254 ε.
852 225 1081 255 Aucus'nm
1114 224 1292 251 Emscori

345 295 468 339 malae
492 291 776 337 ordinationis
813 288 905 334 aliis
937 289 1218 348 objiciebant.
1247 290 1341 332 Hoc
1375 287 1409 331 si
1441 286 1606 331 factum
1641 302 1730 332 non

343 375 428 418 est,
449 362 578 421 culpa
599 375 751 405 eorum
774 369 837 404 est
858 376 882 404 a
899 359 1059 419 quibus
1082 359 1174 402 fieri
1200 357 1368 412 debuit,
1386 373 1476 402 non
1498 357 1613 402 orbis
1638 366 1728 402 ter-

343 448 515 487 rarum,
541 431 618 492 qui
638 445 728 474 non
760 430 815 474 ad
838 445 882 474 se
904 429 1068 489 perlata
1097 428 1292 472 nescivit.
1319 427 1361 472 Si
1394 436 1539 472 autem
1563 427 1730 472 factum

343 513 432 559 est,
473 501 580 563 quid
601 509 891 561 peccaverunt
912 498 1187 544 ecclesiastici
1212 498 1379 558 judices
1402 532 1412 552 ‚
1438 498 1516 558 qui
1549 497 1731 542 crimina

343 574 510 620 etiamsi
531 588 632 618 vera
647 582 690 617 et
707 572 762 617 ad
778 587 823 616 se
840 571 999 626 delata,
1014 570 1092 615 sibi
1109 579 1255 614 tamen
1272 584 1363 613 non
1378 569 1579 629 probata,
1604 568 1730 612 dam-

343 659 447 690 nare
469 643 593 688 nullo
616 643 747 688 modo
774 642 995 686 debebant
1020 643 1037 683 ’ἰ
1070 641 1296 700 Numquid
1318 655 1390 685 eos
1410 639 1514 684 mali
1534 638 1731 699 polluere

344 724 547 776 poterant
566 749 577 769 ‚
602 714 678 774 qui
717 714 776 758 eis
810 711 1075 757 manifestari
1107 727 1197 756 non
1229 719 1430 771 poterant
1460 713 1478 753 ἱ)
1512 711 1555 756 Si
1587 719 1732 755 autem

344 785 609 830 manifestati
629 793 731 829 sunt
748 784 807 828 eis
822 819 832 839 ‚
855 793 897 828 et
914 782 1058 843 aliqua
1077 783 1148 828 vel
1170 784 1350 842 segnitia
1369 782 1439 827 vel
1453 782 1730 827 conniventia

344 855 451 901 tales
467 872 492 900 a
517 855 824 900 communione
847 869 1068 899 removere
1091 853 1328 899 noluerunt
1346 890 1356 909 ‚
1384 863 1425 898 et
1448 867 1648 913 perverso
1660 853 1734 912 ju-

346 927 460 971 dicio
473 942 552 986 pro
569 927 626 971 eis
644 927 773 970 etiam
790 925 995 970 dixerunt
1013 926 1266 970 sententias:
1285 925 1393 986 quid
1411 925 1606 984 peccavit
1617 923 1733 968 orbis

346 1007 577 1052 terrarum,
599 997 675 1056 qui
693 1011 866 1041 causam
885 995 1004 1039 illam
1025 995 1160 1038 malos
1177 996 1346 1054 judices
1371 995 1575 1039 habuisse
1597 994 1735 1038 nesci-

345 1068 423 1122 vit,
449 1078 491 1111 et
507 1083 578 1111 eos
597 1067 709 1110 male
721 1066 933 1125 judicasse
955 1080 1045 1109 non
1062 1064 1265 1119 credidit,
1290 1065 1345 1109 de
1367 1065 1526 1125 quibus
1539 1064 1736 1125 judicare

346 1153 436 1182 non
463 1138 606 1196 potuit
628 1140 646 1181 Ρ
666 1138 786 1182 Sicut
807 1138 923 1180 enim
944 1151 1117 1180 reorum
1138 1135 1276 1180 scelus
1294 1171 1305 1190 ‚
1331 1137 1365 1179 si
1386 1135 1554 1196 judices
1582 1135 1733 1190 latuit,

347 1224 437 1253 non
461 1224 532 1252 eos
554 1210 706 1268 utique
740 1208 1052 1252 contaminavit
1077 1226 1085 1251 ε
1118 1207 1178 1251 sic
1210 1216 1253 1251 et
1278 1206 1479 1267 judicum
1512 1206 1677 1260 scelus,
1704 1206 1738 1250 si

349 1279 529 1339 aliquod
551 1279 636 1323 fuit
654 1314 664 1333 ,
690 1280 792 1339 quia
815 1280 967 1323 orbem
988 1287 1201 1322 terrarum
1223 1278 1350 1321 latuit
1369 1312 1379 1332 ,
1406 1292 1502 1321 eum
1541 1275 1738 1337 profecto

350 1351 648 1395 contaminare
670 1365 759 1393 non
782 1351 940 1408 potuit.
958 1350 1032 1394 His
1049 1350 1181 1408 igitur
1198 1349 1505 1394 innocentibus
1527 1349 1738 1393 innocen-

350 1429 415 1463 ter
445 1418 817 1463 communicamus
839 1454 849 1473 ‚
876 1418 1093 1478 hodieque
1115 1420 1353 1464 nescientes
1379 1436 1478 1479 quae
1506 1429 1612 1464 tunc
1645 1428 1739 1463 acta

351 1490 451 1534 sint.
463 1494 735 1547 Quapropter
753 1489 918 1532 etiamsi
932 1504 1030 1533 vera
1049 1504 1138 1533 esse
1156 1505 1255 1549 quae
1268 1490 1314 1533 in
1331 1490 1543 1549 quosdam
1567 1489 1736 1543 dicunt,

351 1560 481 1603 hodie
519 1559 798 1603 didicerimus
816 1595 826 1614 ,
852 1559 973 1603 nulla
997 1575 1124 1604 causa
1147 1569 1210 1604 est
1242 1576 1320 1604 cur
1350 1561 1404 1604 ab
1434 1560 1742 1604 innocentibus

351 1629 429 1688 qui
450 1629 543 1672 haec
573 1630 771 1673 nesciunt
793 1631 1046 1674 recedamus
1062 1665 1073 1685 ‚
1111 1639 1153 1673 et
1183 1639 1450 1674 transeamus
1472 1631 1526 1674 ad
1547 1645 1643 1685 eos5
1665 1629 1742 1690 qui

352 1707 580 1757 propterea
611 1699 790 1742 crimine
812 1700 1051 1743 schismatis
1073 1714 1222 1744 omnes
1251 1700 1461 1759 implicati
1485 1710 1587 1744 sunt
1607 1736 1617 1756 ‚
1639 1700 1741 1760 quia

354 1768 400 1813 id
421 1768 619 1812 fecerunt
653 1769 772 1828 quod
810 1785 887 1813 nos
920 1769 1059 1814 facere
1094 1771 1280 1814 suadent
1296 1806 1306 1826 ,
1334 1781 1383 1815 ut
1412 1788 1501 1816 non
1541 1770 1742 1830 exemplo

354 1839 663 1898 Apostolorum
687 1839 921 1883 toleremus
944 1840 1079 1884 malos
1097 1874 1107 1894 ,
1128 1840 1203 1884 sed
1217 1841 1415 1900 exemplo
1437 1842 1743 1885 haereticorum

356 1908 601 1952 deseramus
624 1910 775 1954 bonos.
816 1910 898 1954 Sed
922 1908 1128 1954 faciamus
1149 1911 1300 1955 orbem
1333 1921 1563 1966 terrarum,
1589 1909 1744 1971 (quod

355 1981 448 2024 fieri
465 1995 554 2024 non
576 1984 755 2039 potest,)
777 1980 908 2025 hodie
942 1981 1170 2025 nobiscum
1188 1983 1242 2026 ad
1263 1982 1482 2042 liquidum
1499 1997 1625 2042 posse
1645 1997 1746 2041 cog-

357 2066 534 2096 noscere
549 2066 650 2096 vera
667 2067 757 2096 esse
770 2051 1063 2112 quorumdam
1077 2052 1237 2097 scelera
1255 2088 1266 2108 ,
1293 2068 1403 2114 quos
1426 2053 1495 2097 isti
1517 2053 1745 2098 criminan-

361 2132 455 2166 tur:
475 2122 692 2182 numquid
712 2137 762 2165 ex
784 2123 867 2165 hoc
885 2122 1159 2166 innocentior
1180 2123 1273 2166 fieri
1295 2124 1480 2182 poterit,
1506 2138 1639 2183 quam
1656 2130 1747 2166 erat

360 2201 595 2251 antequam
619 2193 793 2236 nosset?
817 2193 934 2236 Sicut
955 2193 1178 2236 enim¹eos
1195 2192 1412 2236 maculare
1433 2208 1521 2236 non
1546 2201 1747 2252 poterant

358 2262 568 2320 incogniti
591 2261 718 2315 mali,
757 2262 922 2305 etiamsi
957 2262 1100 2306 adhuc
1121 2263 1167 2305 in
1189 2263 1270 2306 hac
1289 2263 1378 2306 vita
1395 2271 1536 2306 essent
1556 2283 1567 2318 3
1588 2262 1648 2306 ita
1670 2262 1747 2322 qui

354 2332 444 2389 jam
462 2346 512 2374 ex
534 2331 615 2374 hac
634 2331 721 2374 vita
748 2333 1016 2389 emigrarunt
1035 2366 1045 2385 ‚
1069 2331 1199 2374 etiam
1229 2331 1389 2389 cogniti
1418 2330 1634 2376 maculare
1656 2347 1745 2377 non

359 2409 556 2459 possunt.
589 2401 631 2444 Si
648 2416 750 2460 ergo
778 2401 872 2445 talis
890 2410 953 2445 est
976 2416 1103 2445 causa
1121 2411 1266 2445 nostra
1284 2402 1328 2445 in
1351 2402 1494 2447 verbis
1516 2403 1671 2447 nostris
1693 2401 1747 2446 de

363 2469 655 2526 quorumdam
676 2470 946 2527 criminibus,
969 2487 1068 2530 quae
1087 2471 1260 2516 alternis
1284 2473 1408 2516 nobis
1429 2473 1672 2530 objicimus,
1697 2481 1747 2515 ut

417 2561 420 2573 ³
454 2552 567 2588 Forte,
585 2563 667 2583 cuin.
