1825 3264
259 292 423 322 connu
454 293 716 321 cnescomtm
749 290 1037 332 noNArrsTAM,
1074 294 1156 320 mn.
1193 294 1258 319 111.
1370 280 1453 320 425

72 360 315 421 suppositos
331 359 625 417 extinguebat.
648 359 759 403 Cum
772 358 843 401 ille
863 358 999 403 nihilo
1012 359 1185 417 segnius
1197 357 1351 417 coeptis
1373 356 1458 402 fer-

72 431 196 476 vidus
218 439 350 489 atque
378 429 625 472 inexoratus
654 429 850 482 instaret,
885 429 1008 472 cessit
1041 427 1276 488 aliquando
1299 428 1456 472 ictibus

65 503 217 562 janua,
243 498 422 558 ingressi
443 507 570 554 sunt,
596 498 884 558 sauciatisque
906 497 1025 543 caede
1044 499 1265 558 jumentis,
1291 513 1390 558 quae
1411 498 1457 541 in

72 571 278 616 inferiore
289 571 444 614 domus
458 578 580 628 parte
591 578 905 628 compererant,
921 569 975 613 de
990 570 1286 628 superioribus
1298 569 1459 628 episco-

70 656 177 701 pum
194 639 507 699 deposuerunt,
531 637 768 683 afficientes
781 639 916 698 plagis
937 648 980 684 et
998 638 1285 683 contumeliis.
1305 638 1386 683 Ubi
1404 653 1458 682 ne

71 711 240 769 gravius
258 710 481 764 saevirent,
508 710 746 753 intercessit
764 710 854 768 ipse
871 710 1110 768 Crispinus,
1135 708 1255 753 velut
1277 707 1368 752 aliis
1387 723 1458 751 ro—

71 781 270 839 gantibus
286 781 422 824 flexus
436 794 623 840 quorum
638 795 727 824 non
742 788 829 823 tam
847 778 1132 824 videbaturin
1145 779 1206 822 ira
1219 793 1294 822 sua
1307 792 1458 822 curare

70 851 436 911 deprecationem,
462 865 594 910 quam
616 851 662 894 in
685 849 875 894 facinore
895 850 1190 894 testimonium
1206 848 1453 894 formidare.

130 924 202 965 LI.
230 923 334 966 Haec
368 930 650 980 posteaquam
670 930 773 965 nota
795 920 908 964 facta
931 929 1034 964 sunt
1070 921 1127 975 inf
1149 920 1312 979 oppido
1329 919 1458 963 Cala-

73 992 226 1046 mensi,
247 992 556 1051 expectabatur
578 991 800 1050 Crispinus
820 992 1044 1050 episcopus
1065 998 1227 1044 vester,
1252 988 1458 1048 quemad-

71 1061 252 1107 modum
274 1064 318 1106 in
348 1077 476 1106 suum
501 1062 804 1121 presbyterum
828 1060 1082 1105 vindicaret.
1110 1060 1297 1104 Accessit
1330 1059 1458 1102 etiam

71 1135 327 1193 protestatio
340 1133 678 1192 municipalibus
694 1133 820 1191 gestis
843 1147 1053 1191 expressa,
1078 1133 1201 1192 cujus
1219 1130 1288 1174 vel
1306 1131 1461 1174 timore

72 1203 139 1248 vel
163 1202 330 1263 pudore
354 1212 583 1262 cogeretur
607 1217 805 1246 exercere
837 1201 1167 1246 ecclesiasticam
1203 1199 1457 1245 vindictam.

72 1274 201 1328 Quod
233 1289 333 1319 curn
368 1274 546 1319 omnino
577 1282 904 1329 contemneret,
945 1282 1180 1331 tantusque
1212 1272 1334 1316 fieret
1364 1285 1461 1315 ves-

75 1352 243 1388 trorum
278 1343 520 1398 tumultus,
555 1353 605 1388 ut
628 1343 796 1387 veritati
827 1340 1119 1402 praedicandae
1140 1376 1151 1396 ,
1177 1341 1246 1385 cui
1279 1355 1460 1400 respon-

77 1414 180 1458 dere
223 1430 310 1458 non
348 1423 551 1474 poterant
569 1449 580 1469 ,
625 1413 778 1457 itinera
821 1412 1009 1457 clausuri
1054 1420 1337 1471 putarentur,
1374 1410 1462 1454 imo

78 1499 180 1530 vero
204 1486 293 1545 jam
327 1485 458 1529 etiarn
488 1493 769 1528 cernerentur
809 1502 817 1527 :
854 1483 969 1541 leges
1002 1498 1100 1542 quae
1142 1497 1232 1526 non
1264 1480 1459 1534 deerant,

77 1554 152 1599 sed
169 1556 291 1614 quasi
317 1554 539 1609 deessent,
566 1555 610 1597 in
633 1555 789 1598 nostris
818 1554 1020 1597 manibus
1042 1552 1346 1613 quiescebant,
1386 1551 1464 1596 ad-

75 1640 222 1671 versus
255 1626 503 1684 Crispinum
541 1626 792 1684 episcopum
837 1633 1029 1669 vestrum
1064 1632 1295 1668 commotae
1335 1631 1461 1678 sunt,

76 1697 209 1755 magis
242 1705 292 1740 ut
320 1704 466 1740 nostra
496 1696 787 1739 mansuetudo
825 1695 1212 1749 demonstraretur,
1248 1708 1380 1753 quam
1415 1702 1466 1737 ut

75 1765 251 1811 illorum
264 1767 494 1826 puniretur
507 1766 703 1810 audacia.
722 1769 873 1825 Neque
890 1767 1005 1809 enim
1021 1765 1144 1809 aliter
1158 1766 1461 1817 innotesceret,

77 1836 184 1896 quid
208 1836 425 1897 adjutorio
449 1836 608 1882 Christi
632 1835 823 1880 Ecclesia
846 1835 1060 1880 catholica
1081 1835 1126 1878 in
1148 1849 1247 1878 suos
1268 1834 1465 1878 inimicos

77 1916 273 1966 possetet
287 1906 438 1961 nollet,
453 1922 542 1951 non
557 1905 797 1950 secundum
816 1906 1061 1949 haereticam
1079 1904 1464 1964 praesumptionem

77 1976 248 2035 privato
266 1976 413 2020 furore
435 1975 874 2020 Circumcellionibus
897 1975 1194 2030 saevientibus,
1216 1975 1289 2018 sed
1311 1989 1467 2018 secun—

79 2045 187 2090 dum
209 2046 507 2105 propheticam
524 2047 749 2091 veritatem
767 2047 875 2106 jugo
899 2047 1071 2090 Domini
1094 2047 1168 2090 Dei
1193 2046 1377 2090 subditis
1399 2060 1467 2089 re-

80 2116 220 2175 gibus.
244 2116 476 2161 Exhibitus
493 2117 626 2175 igitur
647 2118 888 2176 Crispinus,
916 2126 958 2161 et
977 2117 1097 2177 quod
1117 2132 1161 2161 se
1178 2132 1268 2161 esse
1285 2131 1467 2176 procon-

80 2186 163 2231 suli
192 2187 405 2246 quaerenti
438 2196 690 2245 negaverat,
717 2185 920 2231 facillime
949 2188 1173 2232 convictus
1207 2188 1463 2242 haereticus,

81 2258 231 2303 decem
251 2267 396 2302 tamen
414 2257 545 2302 libras
569 2260 677 2312 auri,
703 2273 835 2318 quam
858 2259 1065 2303 mulctam
1084 2259 1129 2302 in
1154 2273 1303 2303 omnes
1327 2259 1465 2302 haere-

81 2328 188 2372 ticos
211 2331 452 2387 Imperator
479 2330 616 2388 major
650 2329 917 2373 Theodosius
940 2330 1240 2383 constituerat,
1277 2329 1466 2372 interce-

81 2396 213 2443 dente
241 2398 433 2442 Possidio
462 2413 550 2442 non
585 2408 649 2442 est
677 2399 926 2458 compulsus
963 2398 1174 2443 exolvere.
1205 2401 1299 2451 Qua
1327 2397 1462 2442 mitis-

39 2484 44 2488 ·
81 2469 187 2513 sima
215 2469 427 2514 sententia
457 2484 546 2514 non
569 2478 822 2523 contentus,
863 2469 1007 2513 nescio
1030 2485 1119 2529 quo
1148 2470 1328 2514 consilio
1346 2470 1465 2529 quod

82 2538 349 2600 displicuisse
370 2539 518 2583 vestris
540 2539 743 2583 omnibus
766 2539 1010 2594 dicebatur,
1039 2540 1093 2583 ad
1108 2539 1300 2599 ejusdem
1324 2541 1465 2585 Theo-

83 2608 190 2654 dosii
208 2609 318 2654 filios
329 2609 652 2669 provocandum
671 2611 856 2669 putavit.
877 2614 1164 2670 Acceptatum
1181 2621 1257 2667 est,
1281 2612 1463 2671 rescrip-
