1825 3264
379 242 459 281 118
815 243 851 272 s.
885 241 1118 273 Avensa-uu
1149 243 1332 272 nexscom

373 324 493 362 tanta
515 310 768 357 celebritate
793 308 991 364 recitari,
1025 317 1075 352 ut
1095 316 1139 353 et
1167 307 1298 352 servis
1321 307 1398 352 Dei
1423 321 1480 352 ne
1504 306 1560 352 ad
1588 308 1737 354 sacril
1760 306 1766 315 ⁴

373 386 491 445 gium
519 382 695 442 regibus
725 378 910 435 cedant,
934 387 979 423 et
1004 378 1105 437 ipsis
1138 377 1312 436 regibus
1334 386 1386 421 ut
1421 371 1490 421 ad=
1509 377 1763 437 religionen<

370 460 460 502 Deo
481 454 661 500 credant
675 488 687 511 ,
709 459 1013 512 proponantur
1028 448 1257 509 exempla?
1275 448 1482 493 Volentes
1501 463 1606 508 ergo
1627 459 1671 495 et
1689 451 1726 495 is
1738 447 1755 499 ff

369 542 420 572 ex
441 526 574 586 ipsius
595 523 890 569 admonitione
909 521 1088 577 Psalmi,
1114 535 1244 582 quem
1268 528 1319 564 tu
1348 535 1527 580 quoque
1544 520 1761 566 inseruis

367 598 535 657 scriptis
561 596 643 641 tuis
659 630 670 651 ,
694 594 961 653 intelligere,
987 601 1031 638 et
1052 591 1238 646 erudiri,
1263 600 1307 636 et
1329 592 1489 636 servire
1509 592 1698 638 Domino
1716 595 1760 643 10J

366 670 524 714 timore
541 703 553 723 ‚
576 676 618 712 et
640 665 835 711 exultare
857 679 957 710 cum
976 672 1163 708 tremore
1177 697 1189 718 ,
1216 671 1259 706 et
1282 662 1612 722 apprehendere
1631 663 1761 709 ἀίεοί

368 740 534 799 plinam
551 773 563 793 ,
588 752 721 798 quam
745 737 913 780 intente
935 734 1121 780 audiunt
1141 732 1251 794 quid
1271 732 1346 777 ille
1373 747 1446 777 rex
1468 743 1616 794 postea
1639 732 1728 779 dix

367 811 422 855 rit
437 813 467 854 ¹.
496 810 607 854 Dixit
631 808 745 852 enim
770 807 1094 867 propositurum
1123 820 1167 850 se
1200 803 1426 850 decretum
1449 805 1654 851 omnibus
1692 826 1703 846 ι
1719 827 1729 846 ι
1751 846 1754 847 a

366 880 480 941 pulis
512 880 672 940 quibus
704 878 1007 937 imperitabat,
1042 886 1092 922 ut
1119 876 1388 938 quicumque
1415 876 1625 922 dixissent
1645 875 1738 922 blas

367 952 586 1013 phemiam
608 952 651 994 in
671 954 808 994 Deum
827 949 991 1004 Sidrac,
1010 949 1160 1005 Misac,
1179 957 1223 993 et
1235 947 1493 1007 Abdenago,
1517 949 1746 994 interirent

368 1032 410 1067 et
431 1023 587 1066 domus
610 1037 759 1065 eorum
781 1021 1145 1080 dispergerentur.
1171 1022 1228 1064 Et
1245 1020 1279 1064 si
1300 1020 1384 1065 hoc
1402 1034 1503 1064 eum
1526 1019 1752 1064 decreviss

365 1102 635 1152 cognoscunt
653 1127 663 1147 ,
689 1108 743 1135 ne
766 1092 1139 1151 blasphemaretur
1159 1094 1274 1136 Deus
1296 1099 1559 1151 temperator
1574 1091 1763 1150 ignium

368 1173 411 1208 et
428 1163 636 1208 liberator
656 1164 789 1225 trium
818 1177 1082 1222 puerorum,
1106 1161 1305 1224 profecto
1337 1162 1532 1222 cogitant
1559 1161 1669 1222 quid
1688 1160 1740 1206 d-

367 1251 544 1280 cernere
566 1236 755 1279 debeant
783 1235 830 1278 in
851 1250 987 1293 regno
1017 1250 1095 1279 suo
1110 1270 1121 1290 ,
1155 1250 1211 1278 ne
1241 1235 1287 1279 in
1313 1235 1401 1278 suis
1423 1234 1628 1279 fidelibus
1648 1233 1753 1278 ide·-

367 1307 457 1366 ipse
486 1309 600 1350 Deus
633 1307 885 1350 exsuffletur
915 1305 1113 1351 remissor
1135 1315 1444 1365 peccatorum,
1481 1314 1526 1349 et
1558 1305 1763 1350 liberato

361 1376 451 1436 jam
469 1375 601 1419 totius
623 1375 739 1420 orbis
763 1384 989 1420 terrarum.

427 1447 603 1492 CCXII.
629 1446 738 1491 Vide
759 1447 923 1506 itaque,
949 1461 1049 1491 cum
1067 1446 1273 1491 adversus
1296 1460 1371 1490 vos
1387 1443 1555 1506 aliquid
1565 1460 1646 1505 pro
1662 1446 1741 1492 uni

370 1525 458 1560 tate
485 1517 699 1562 catholica
733 1532 852 1575 reges
888 1517 1111 1562 christiani
1145 1517 1456 1571 constituunt,
1487 1531 1544 1561 ne
1577 1514 1690 1562 forte
1721 1531 1767 1561 ιι·

369 1585 494 1629 labiis
515 1588 666 1632 vestris
688 1597 898 1648 tanquam
922 1589 1246 1648 Scripturarum
1268 1583 1517 1632 divinarum
1544 1587 1759 1648 imperit·

372 1669 444 1700 eos
467 1657 671 1714 arguatis,
705 1659 751 1700 in
772 1659 904 1701 corde
929 1667 1075 1703 autem
1098 1668 1240 1703 vestro
1263 1659 1362 1702 satis
1383 1657 1536 1702 doctos
1565 1673 1657 1703 esse
1684 1656 1742 1703 do
1763 1718 1765 1722 Α

371 1726 510 1771 leatis.
532 1728 636 1780 Quis
662 1729 777 1772 enim
799 1728 910 1774 ferat
930 1730 1056 1774 istam
1080 1739 1265 1774 vestram
1283 1729 1537 1787 sacrilegam
1555 1728 1703 1774 odiosa
1717 1750 1738 1770 ιι

372 1813 460 1858 que
482 1797 714 1854 fallaciam,
740 1800 784 1842 in
798 1799 996 1859 ipso·uno
1016 1800 1195 1844 Daniele
1214 1816 1333 1859 reges
1356 1815 1575 1857 accusare,
1599 1800 1702 1862 quia
1721 1816 1758 1848 1·v

373 1868 517 1913 lacum
539 1869 718 1913 leonum
741 1870 894 1915 missus
911 1873 1014 1927 est23
1034 1879 1077 1915 et
1098 1885 1217 1929 reges
1238 1886 1327 1915 non
1349 1870 1543 1926 laudare,
1568 1871 1672 1931 quia
1692 1885 1755 1916 su

374 1937 565 1982 blimiter
587 1940 826 1984 honoratus
849 1949 947 1999 est3
982 1957 1081 1985 cum
1116 1942 1248 1986 etiam
1280 1941 1460 2002 quando
1494 1943 1650 1986 missus
1684 1956 1729 1986 es

375 2009 508 2066 magis
532 2024 632 2053 eum
660 2009 829 2054 salvum
852 2010 1051 2055 futurum
1068 2046 1080 2066 ,
1106 2027 1239 2072 quam
1261 2012 1525 2056 moriturum
1544 2046 1556 2065 ,
1581 2012 1673 2072 ipse
1694 2027 1733 2056 r·

375 2078 586 2134 crederet,
602 2090 644 2124 et
655 2080 710 2124 de
730 2081 804 2126 illo
822 2081 1030 2127 sollicitus
1054 2098 1143 2128 non
1164 2093 1359 2128 coenaret
1377 2085 1396 2128 Ρ
1417 2082 1584 2128 Deinde
1599 2082 1731 2128 audet
1746 2119 1759 2130 „
1788 2127 1791 2129 .

376 2149 518 2193 dicere
553 2152 808 2196 Christianis
837 2172 846 2197 :
883 2153 1001 2206 Quid
1022 2155 1144 2198 vobis
1168 2164 1232 2199 est
1252 2170 1353 2199 cum
1377 2155 1550 2213 regibus
1569 2153 1722 2200 saeculi

377 2222 480 2280 quia
506 2221 653 2265 Daniel
672 2238 695 2266 a
718 2237 815 2280 rege
836 2225 1184 2282 persecutionem
1208 2240 1355 2284 passus
1375 2233 1439 2269 est
1466 2243 1476 2270 ε
1501 2233 1544 2269 et
1564 2241 1655 2270 non
1677 2234 1750 2269 τε·

377 2292 519 2351 picere
549 2292 689 2352 ipsum
714 2293 933 2337 Danielem
957 2295 1122 2339 somnia
1146 2295 1318 2354 regibus
1340 2287 1743 2357 fideliter'interpre

378 2371 541 2406 tantem
558 2364 590 2417 ³,
609 2363 841 2407 Dominum
861 2379 1005 2424 regem
1031 2366 1340 2425 appellantem,
1367 2381 1548 2411 munera
1563 2376 1606 2412 et
1626 2368 1736 2412 hon

378 2446 444 2475 res
461 2433 769 2492 accipientem?
788 2438 986 2495 Itemque
1004 2445 1047 2480 et
1067 2436 1112 2480 in
1135 2437 1286 2480 iisdem
1303 2437 1443 2482 tribus
1467 2438 1626 2497 pueris,
1646 2454 1727 2499 qu·
1746 2471 1749 2474 -
1779 2438 1781 2442 ’

380 2506 622 2547 recusantes
645 2503 823 2548 adorare
846 2513 1031 2549 statuam
1055 2507 1099 2550 in
1122 2507 1319 2551 flammas
1337 2508 1450 2552 missi
1474 2517 1576 2553 sunt
1592 2510 1624 2564 4,
1650 2507 1739 2554 invi

431 2594 435 2608 ¹
460 2589 524 2618 Dan
559 2599 603 2620 m,
629 2589 683 2629 93.
702 2607 738 2611 --
759 2597 770 2612 ²
795 2590 908 2631 Ιι1,νι,
937 2592 988 2623 ιϋ.
1006 2591 1074 2615 --3
1102 2592 1135 2624 ld
1171 2604 1217 2625 ιιι,
1238 2601 1290 2624 21.
1308 2591 1444 2625 -41d.
1462 2604 1493 2625 ιι.
