1825 3264
305 271 390 314 490
742 284 775 310 s.
811 278 1043 310 Atreus-run
1074 280 1257 311 imscom

302 348 470 402 textati‚
496 361 605 408 quos
627 346 811 392 trecenti
841 354 886 391 et
906 345 1056 391 decem
1078 345 1273 406 plenario
1295 345 1481 392 concilio
1503 346 1688 394 damna-

304 427 478 474 verunt,
496 417 692 463 similiter
711 418 908 476 ignorare
931 426 1184 478 potuerunt.

360 491 569 533 XXXIII.
593 491 649 533 Et
667 489 810 533 adhuc
827 489 977 548 objicis
998 488 1155 532 unitati
1176 486 1403 533 catholicae
1423 487 1569 533 nescio
1588 503 1690 548 quae

303 560 417 605 facta
452 568 722 614 nostrorum,
763 575 863 620 quae
890 569 965 604 aut
993 558 1100 603 falsa
1133 567 1266 613 sunt,
1295 567 1371 603 aut
1399 567 1575 618 peccata
1600 573 1692 603 non

303 640 420 686 sunt,
444 639 519 675 aut
535 666 546 686 ,
573 631 702 674 etiam
725 630 758 674 si
780 645 881 675 vera
903 640 1034 690 atque
1051 639 1224 689 peccata
1246 638 1364 685 sunt,
1386 629 1605 675 bonorum
1622 644 1693 674 so-

303 702 500 747 cietatem
532 700 749 746 maculare
777 717 866 746 non
896 710 1093 760 possunt.
1118 703 1270 760 Neque
1296 700 1413 745 enim
1439 700 1543 745 boni
1572 715 1693 746 com-

302 773 529 817 municant
564 772 750 833 peccatis
784 771 951 826 alienis,
991 771 1154 832 quibus
1187 771 1338 831 utique
1369 770 1576 815 faciendis
1603 786 1695 816 non

302 844 606 902 consentiunt,
631 843 828 903 quamvis
851 858 950 888 cum
975 843 1075 902 ipsis
1098 842 1175 902 qui
1199 857 1248 886 ea
1270 840 1462 895 faciunt,
1482 841 1622 886 donec
1639 840 1694 885 de

302 930 397 958 arca
428 914 648 958 Dominica
678 914 788 958 sicut
818 912 941 973 palea
971 911 1216 957 ventilabro
1239 911 1396 955 ultimo
1418 920 1690 971 separentur,

301 1001 390 1029 non
414 1000 565 1029 eorum
591 993 766 1043 peccata
788 986 819 1038 ¹,
848 983 923 1027 sed
945 983 1021 1027 Dei
1051 990 1318 1026 sacramenta
1345 980 1694 1039 communicent,

302 1064 344 1098 ct
377 1055 488 1098 intra
522 1052 718 1098 eamdem
755 1068 957 1112 sagenam
986 1051 1107 1096 velut
1138 1051 1275 1111 pisces
1303 1050 1409 1095 boni
1440 1066 1541 1095 cum
1572 1049 1695 1095 malis

302 1141 442 1185 usquc
468 1126 523 1168 ad
545 1124 858 1184 separationem
880 1160 889 1179 ,
916 1139 1018 1183 quae
1041 1124 1085 1166 in
1109 1122 1254 1168 littore
1275 1157 1286 1177 ,
1309 1122 1394 1166 hoc
1420 1131 1484 1166 est
1499 1156 1510 1177 ,
1540 1122 1586 1165 in
1609 1121 1697 1166 fine

302 1196 448 1241 saeculi
464 1206 677 1257 tanquam
695 1196 741 1240 in
758 1196 847 1240 fine
865 1195 993 1239 maris
1010 1195 1159 1239 futura
1179 1203 1258 1250 est,
1280 1209 1371 1239 non
1392 1194 1448 1238 ab
1465 1193 1524 1238 eis
1541 1208 1698 1253 corpo-

305 1282 403 1311 rum
420 1266 737 1326 segregatione,
758 1265 834 1310 sed
854 1266 955 1310 vitae
966 1281 1014 1310 ac
1028 1280 1199 1309 morum
1223 1264 1472 1309 diversitate
1494 1263 1699 1324 disjuncti

303 1340 446 1382 sunt2.
470 1337 589 1382 Sicut
611 1352 691 1381 nec
710 1335 916 1380 undecim
941 1334 1138 1396 Apostoli
1154 1335 1281 1379 furtis
1304 1334 1431 1380 Judae
1453 1333 1699 1380 communi-

305 1406 470 1452 cabant
488 1427 498 1464 ς
513 1415 557 1451 et
574 1416 718 1451 tamen
734 1421 833 1450 cum
853 1406 928 1450 illo
946 1406 1087 1450 eidem
1105 1405 1292 1451 Domino
1309 1405 1532 1450 visibiliter
1553 1405 1700 1450 cohae-

304 1477 456 1522 rebant
472 1478 505 1532 3,
527 1477 732 1521 eumdem
748 1477 1002 1536 magistrum
1022 1476 1277 1532 audiebant,
1296 1475 1413 1521 idem
1429 1475 1699 1521 credendum

304 1546 594 1608 Evangelium
618 1547 920 1607 percipiebant
943 1582 954 1602 ,
980 1546 1129 1592 eadem
1155 1555 1421 1591 sacramenta
1442 1546 1697 1601 sumebant,

306 1617 520 1677 corporali
542 1633 642 1662 cum
667 1618 743 1662 illo
766 1619 1105 1677 congregatione
1129 1618 1347 1677 permixti,
1372 1617 1555 1677 spiritali
1577 1616 1701 1662 dissi-

303 1687 552 1732 militudine
578 1688 776 1747 separati.
806 1688 926 1733 Sicut
954 1688 1174 1746 apostolus
1202 1687 1361 1732 Paulus
1385 1702 1476 1732 non
1497 1701 1700 1732 commu-

305 1757 479 1802 nicabat
506 1759 794 1802 contumaciae
815 1767 859 1802 et
880 1758 1055 1802 invidiae
1072 1792 1084 1813 ,
1119 1758 1204 1802 hoc
1227 1767 1308 1813 est,
1339 1758 1562 1804 diabolicis
1587 1757 1701 1804 vitiis

305 1841 457 1871 eorum
489 1827 565 1888 qui
588 1842 678 1871 non
707 1835 821 1871 caste
851 1826 1073 1872 Christum
1096 1827 1452 1886 annuntiabant,
1481 1837 1525 1872 et
1553 1836 1701 1871 tamen

307 1913 408 1942 cum
433 1898 492 1942 eis
521 1898 725 1942 eumdem
749 1897 969 1943 Christum
993 1897 1262 1958 praedicabat
1279 1933 1290 1953 ,
1315 1897 1509 1959 ejusdem
1538 1897 1700 1943 Christi

307 1977 573 2012 sacramenta
597 1967 884 2028 participabat
907 1988 918 2026 3
946 1976 989 2012 et
1021 1967 1076 2012 de
1099 1968 1163 2012 his
1189 1967 1389 2013 dicebat:
1416 1987 1437 2010 «
1461 1967 1558 2013 Sive
1579 1981 1701 2012 occa-

310 2056 330 2079 »
353 2038 494 2094 sione,
519 2040 607 2084 sive
629 2037 811 2083 veritate
833 2038 1031 2083 Christus
1053 2039 1339 2083 annuntietur
1369 2039 1403 2082 ⁴.
1432 2056 1453 2079 »
1478 2039 1589 2084 Nam
1620 2038 1701 2083 hos

305 2118 472 2166 martyr
524 2110 770 2169 Cyprianus
812 2108 1126 2153 amantissimus
1167 2109 1346 2154 unitatis
1369 2145 1382 2165 ‚
1423 2123 1515 2154 non
1552 2106 1701 2168 aliquo

308 2171 535 2224 schismate
558 2179 630 2225 vel
657 2180 810 2224 haeresi
840 2189 1058 2238 separatos
1082 2181 1113 2234 ⁵,
1146 2179 1223 2224 sed
1251 2178 1458 2224 fratribus
1487 2177 1700 2239 corporali

308 2250 643 2308 congregatione
670 2248 802 2293 fuisse
831 2248 1104 2304 commixtos,
1128 2258 1171 2293 et
1194 2248 1407 2294 intellexit
1433 2257 1478 2294 et
1497 2248 1696 2308 scripsit:

307 2319 417 2364 sicut
448 2312 564 2364 idem
591 2321 722 2365 etiam
751 2321 842 2380 ipse
871 2321 1117 2379 Cyprianus
1138 2320 1328 2365 avaritiae
1351 2322 1386 2372 ⁶,
1412 2319 1588 2380 rapinis,
1612 2317 1702 2365 foe-

309 2390 404 2434 nori
421 2389 684 2450 collegarum
703 2406 792 2436 non
810 2391 1183 2445 communicabat,
1200 2405 1310 2451 quos
1323 2389 1500 2436 dicebat
1511 2389 1700 2451 esurien-

309 2460 426 2506 tibus
447 2462 492 2506 in
515 2461 706 2508 Ecclesia
723 2459 930 2507 fratribus
952 2462 1112 2507 habere
1130 2471 1359 2521 argentum
1377 2462 1553 2522 largiter
1568 2459 1696 2516 velle,

360 2569 368 2585 ¹
389 2565 507 2597 Matth.
528 2575 578 2606 ιιι,
598 2574 650 2598 12.
673 2582 714 2588 --
729 2573 741 2588 ²
761 2566 807 2598 ld.
829 2576 896 2607 xm,
914 2565 968 2608 43.
981 2582 1024 2590 —-
1038 2564 1051 2589 ³
1066 2568 1160 2598 Joan.
1178 2577 1235 2609 nr,
1253 2566 1275 2599 6
1292 2572 1324 2601 et
1338 2574 1407 2608 xm,
1426 2565 1564 2601 26.—4
1578 2564 1693 2607 Philip.

309 2627 333 2658 1,
358 2616 408 2651 18.
423 2635 460 2642 -—
477 2617 490 2642 ⁵
508 2620 608 2661 Epist.
627 2621 667 2656 ad
684 2621 812 2655 Maxim.
828 2619 897 2646 ...6
913 2621 982 2656 Lib.
1003 2622 1044 2656 de
1064 2622 1185 2665 Lapsis.
