1825 3264
346 232 430 273 274
776 239 810 268 S.
845 238 1076 270 ALGL'STINI
1110 241 1293 270 Errscom

344 310 526 354 diuntur
547 315 691 351 autem
715 305 787 351 vel
813 306 867 351 ab
889 306 1110 366 spiritibus
1131 304 1465 363 seductoribus3
1489 305 1565 366 qui
1589 313 1735 349 tamen

341 379 449 424 nihil
473 377 657 432 faciunt,
683 376 763 421 nisi
777 377 1086 437 permittantur
1105 380 1194 421 Deo
1216 375 1462 420 sublimiter
1475 384 1609 436 atque
1626 374 1738 420 inef-

342 449 533 494 fabiliter
557 448 784 509 judicante
809 449 918 510 quid
943 449 1103 509 cuique
1129 446 1415 492 tribuendum
1440 447 1496 492 sit
1521 465 1530 492 z
1562 447 1651 492 sive
1683 447 1738 491 ab

342 522 435 581 ipso
459 525 565 577 Deo,
588 520 656 565 vel
669 521 724 565 ad
737 536 914 581 poenam
935 521 1127 576 malitiae,
1147 518 1218 564 vel
1241 518 1296 564 ad
1317 518 1521 564 solatium
1538 519 1736 575 miseriae,

346 593 415 637 vel
431 591 487 637 ad
505 591 848 638 admonitionem
863 591 1117 653 quaerendae
1142 590 1290 636 salutis
1308 600 1498 635 aeternae.
1518 589 1587 636 Ad
1603 590 1740 650 ipsam

344 680 446 709 vero
472 663 654 708 salutem
679 680 727 708 ac
748 665 878 709 vitam
908 673 1116 708 aeternam
1145 678 1277 707 nemo
1304 662 1501 723 pervenit
1517 697 1529 718 ‚
1560 662 1640 706 nisi
1665 661 1742 722 qui

344 736 476 780 habet
491 744 623 795 caput
636 735 874 780 Christum.
894 735 1066 779 Habere
1076 743 1221 778 autem
1234 742 1366 793 caput
1377 733 1599 778 Christum
1611 747 1742 777 nemo

344 807 524 865 poterit,
552 806 633 851 nisi
650 806 726 866 qui
742 806 786 850 in
802 807 893 865 ejus
909 821 1090 884 corpore
1109 805 1243 850 fuerit
1261 840 1272 860 ,
1305 805 1426 865 quod
1443 813 1506 849 est
1521 802 1714 849 Ecclesia
1726 838 1738 858 ,

341 893 475 936 quam
493 877 605 922 sicut
624 877 767 936 ipsum
786 886 918 935 caput
932 877 978 920 in
1004 876 1234 935 Scripturis
1253 875 1409 920 sanctis
1427 874 1644 919 canonicis
1660 873 1742 918 de-

342 949 497 992 bemus
520 963 780 1007 agnoscere,
817 964 907 993 non
928 949 973 992 in
993 948 1121 992 variis
1143 948 1375 992 hominum
1397 947 1673 1025 iumoribus,
1699 954 1744 990 et

342 1020 638 1078 opinionibus,
659 1028 703 1063 et
726 1018 865 1074 factis,
892 1028 935 1062 et
957 1019 1101 1073 dictis,
1128 1027 1171 1062 et
1189 1018 1289 1063 visis
1305 1018 1542 1076 inquirere.

402 1094 450 1134 L.
476 1092 614 1135 Nemo
632 1089 738 1133 mihi
761 1104 863 1148 ergo
887 1090 982 1134 haec
1004 1098 1228 1148 opponat,
1252 1089 1328 1149 qui
1351 1088 1457 1132 mihi
1479 1087 1743 1148 respondere

342 1170 517 1220 paratus
536 1169 601 1204 est
624 1179 632 1205 :
658 1161 760 1219 quia
777 1175 858 1205 nec
878 1176 958 1219 ego
973 1160 1072 1205 dico
1093 1160 1193 1204 ideo
1213 1159 1322 1203 mihi
1342 1174 1434 1204 esse
1453 1157 1738 1213 credendum,

341 1232 695 1276 communionem
725 1232 880 1276 Donati
915 1247 1004 1276 non
1035 1246 1125 1276 esse
1156 1230 1394 1275 Ecclesiam
1429 1230 1614 1285 Christi,
1640 1229 1743 1289 quia

342 1302 522 1362 quidam
543 1303 620 1362 qui
639 1301 758 1361 apud
777 1318 848 1347 eos
863 1302 1054 1361 episcopi
1068 1302 1266 1357 fuerunt,
1287 1301 1435 1346 divina
1453 1302 1744 1346 instrumenta

344 1373 518 1431 ignibus
543 1372 781 1428 tradidisse,
809 1374 935 1432 gestis
957 1372 1253 1417 ecclesiasticis
1275 1382 1318 1416 et
1339 1372 1676 1432 municipalibus
1700 1379 1744 1415 et

341 1442 622 1503 judicialibus
643 1444 992 1501 convincuntur3
1017 1452 1093 1487 aut
1118 1444 1219 1503 quia
1249 1443 1294 1487 in
1322 1442 1488 1502 judicio
1517 1443 1743 1502 episcopo—

346 1529 442 1558 rum
460 1549 471 1569 ,
501 1514 622 1574 quod
644 1515 700 1559 ab
723 1518 989 1574 Imperatore
1011 1513 1282 1574 petiverant,
1308 1528 1482 1558 causam
1506 1528 1629 1558 suam
1652 1527 1744 1557 non

346 1585 636 1630 obtinuerunt
654 1607 664 1643 3
683 1595 758 1630 aut
769 1586 870 1646 quia
884 1595 1169 1645 provocantes
1180 1584 1233 1629 ad
1251 1585 1393 1644 ipsum
1411 1588 1740 1644 Imperatorem,

347 1657 477 1701 etiam
500 1657 553 1701 ab
581 1659 674 1717 ipso
696 1658 957 1702 contrariam
981 1658 1058 1702 sibi
1083 1657 1341 1702 sententiam
1365 1666 1644 1716 meruerunt3
1669 1665 1746 1701 aut

348 1726 451 1786 quia
477 1726 584 1771 tales
607 1737 709 1772 sunt
734 1726 851 1787 apud
873 1743 946 1772 eos
966 1727 1378 1773 Circumcellionum
1405 1728 1647 1788 principes3
1669 1735 1746 1772 aut

348 1797 451 1857 quia
480 1806 601 1842 tanta
633 1798 745 1842 mala
773 1799 1058 1842 committunt
1090 1798 1502 1855 Circumcellione83
1541 1807 1616 1842 aut
1641 1797 1745 1858 quia

349 1877 451 1912 sunt
470 1867 587 1928 apud
609 1883 681 1913 eos
700 1869 776 1928 qui
799 1884 843 1912 se
865 1884 942 1927 per
964 1868 1149 1928 abrupta
1167 1868 1455 1928 praecipitent,
1478 1867 1547 1913 vel
1562 1883 1747 1913 concre-

348 1939 531 1982 mandos
552 1939 724 1998 ignibus
745 1938 936 1983 inferant
951 1974 962 1994 ‚
997 1954 1106 1999 quos
1128 1939 1210 1998 ipsi
1229 1939 1402 1984 sibimet
1420 1939 1717 1984 accenderunt
1731 1973 1742 1994 ,

348 2019 423 2054 aut
445 2010 781 2055 trucidationem
805 2026 925 2054 suam
950 2011 1080 2055 etiam
1105 2010 1252 2055 invitis
1272 2011 1525 2055 hominibus
1542 2009 1747 2055 terrendo

350 2090 659 2141 extorqueant,
686 2092 730 2126 et
753 2091 817 2126 tot
839 2091 1098 2141 spontaneas
1122 2091 1165 2126 et
1186 2081 1370 2126 furiosas
1394 2091 1575 2137 mortes,
1598 2091 1648 2126 ut
1669 2097 1750 2126 co-

349 2152 497 2196 lantur
525 2153 579 2196 ab
600 2152 877 2204 hominibus,
904 2162 1139 2213 appetant;
1164 2161 1238 2196 aut
1270 2151 1391 2213 quod
1418 2151 1472 2197 ad
1504 2168 1654 2198 eorum
1677 2167 1751 2197 se-

352 2222 501 2280 pulcra
529 2222 683 2266 ebriosi
710 2237 858 2282 greges
888 2238 1100 2281 vagorum
1129 2236 1171 2266 et
1201 2237 1410 2281 vagarum
1433 2223 1643 2282 permixta
1669 2237 1749 2266 ne-

347 2293 483 2353 quitia
504 2292 574 2336 die
592 2302 814 2352 noctuque
831 2307 875 2336 se
892 2293 994 2337 vino
1010 2292 1237 2352 sepeliant,
1260 2293 1521 2354 flagitiisque
1543 2308 1745 2339 corrum-
1766 2296 1769 2297 ⁷

346 2374 467 2423 pant.
506 2365 571 2409 Sit
596 2364 676 2409 ista
707 2365 848 2409 omnis
877 2364 1006 2409 turba
1035 2364 1157 2424 palea
1191 2380 1343 2410 eornm
1367 2385 1379 2424 3
1406 2380 1487 2410 nec
1514 2365 1765 2410 frumentis:
1823 2409 1825 2416 A

347 2435 628 2495 praejudicet3
653 2436 687 2480 si
708 2436 787 2494 ipsi
809 2435 1043 2480 Ecclesiam
1070 2445 1236 2480 tenent.
1269 2435 1352 2481 Sed
1375 2445 1524 2480 utrum
1552 2437 1632 2496 ipsi
1661 2431 1766 2481 Ec-ss'

343 2505 514 2550 clesiam
538 2516 736 2562 teneant,
764 2522 854 2551 non
869 2507 948 2551 nisi
964 2505 1019 2550 de
1046 2505 1294 2552 divinarum
1316 2508 1639 2567 Scripturarum
1661 2523 1735 2552 ca-
1796 2506 1800 2514 '

342 2577 508 2621 nonicis
539 2576 660 2622 libris
683 2576 946 2636 ostendant,
969 2578 1074 2637 quia
1098 2592 1178 2623 nec
1200 2593 1279 2624 nos
1302 2588 1533 2639 propterea
1556 2578 1766 2624 dicimus*
1823 2632 1825 2641 A
