1825 3264
337 274 496 302 com-m
534 274 734 302 LiT‘rssnAs
767 276 1001 315 Peritum,
1037 279 1118 305 mn.
1156 279 1202 305 11.
1407 268 1457 307 41

82 356 153 385 sus
170 340 284 385 orbis
300 349 528 394 terrarum,
547 355 634 400 quo
656 340 812 384 diffusa
831 349 894 384 est
912 342 1140 386 haereditas
1155 343 1311 388 Christi
1330 353 1373 389 et
1390 345 1461 390 illa

84 421 147 456 tot
158 411 353 470 gentium
364 410 616 465 multitudo,
635 412 1135 470 ubiApostoliEcclesias
1150 414 1458 471 fundaverunt,

80 481 256 541 quando
289 481 533 541 baptizandi
564 482 752 525 amiserit
775 491 1047 540 potestatem.
1074 486 1306 543 Nunquam
1332 487 1462 531 doce-

81 552 166 606 bis,
192 568 279 596 non
309 552 447 597 solnm
481 553 582 613 quia
606 568 677 596 cos
698 552 973 598 calumniaris
995 589 1005 608 ,
1037 569 1126 598 non
1163 554 1290 598 doces
1328 558 1462 601 tradi-

81 633 193 667 tores
209 644 220 679 3
237 621 311 666 sed
325 624 425 683 quia
448 623 575 667 etiam
594 624 627 666 si
650 624 865 678 docueris,
891 639 977 668 non
1000 633 1141 684 potest
1163 627 1462 685 quorumlibet

79 693 290 738 malorum
318 693 472 749 scelus,
497 695 584 739 sive
609 694 876 753 ignotorum,
906 696 994 738 sive
1037 694 1274 750 fallacium,
1300 697 1390 741 sive
1413 708 1459 741 ut

78 764 234 808 zizania
253 763 322 809 vel
341 764 461 823 palea
486 764 807 809 tolerandorum
827 800 837 817 ,
861 774 1053 809 evertere
1070 766 1277 825 promissa
1298 767 1386 821 Dei,
1413 776 1462 810 ut

0 850 7 860 ⁸
37 877 46 881 ,
76 850 164 879 non
202 835 247 879 in
290 835 452 879 semine
493 836 680 879 Abrahae
713 835 1026 880 benedicantur
1051 852 1202 881 omnes
1231 846 1380 896 gentes
1407 857 1415 881 ;
1438 853 1460 880 a

75 906 234 966 quibus
277 907 492 966 promissis
527 922 602 951 vos
638 906 800 951 alienos
827 906 989 962 facitis,
1020 909 1095 967 qui
1127 924 1225 952 cum
1257 909 1461 953 omnibus

75 977 277 1036 gentibus
297 978 652 1022 communionem
676 979 852 1022 unitatis
880 978 1040 1022 habere
1071 995 1159 1023 non
1193 979 1337 1023 vultis.

136 1050 314 1092 LXXII.
347 1051 607 1093 pemmo-s
635 1048 742 1093 dixit
768 1068 775 1093 :
803 1050 921 1093 Licet
949 1049 1062 1093 enim
1091 1065 1228 1094 unum
1258 1051 1311 1094 sit
1350 1050 1459 1109 bap-

77 1119 274 1172 tismum,
310 1119 445 1162 tribus
474 1129 617 1163 tamen
650 1129 714 1163 est
748 1119 952 1177 gradibus
988 1131 1301 1164 consecratum.
1336 1120 1462 1165 Dedit

74 1205 230 1250 aquam
256 1193 443 1234 Joannes
479 1191 568 1234 sine
594 1191 770 1235 nomine
792 1191 1025 1244 Trinitatis,
1051 1192 1160 1235 sicut
1182 1193 1271 1251 ipse
1293 1193 1459 1251 profes-⁴

0 1256 7 1269 '
74 1275 143 1304 sus
177 1269 238 1304 est
277 1261 450 1306 dicens:
474 1281 492 1302 «
534 1264 625 1319 Ego
653 1277 728 1305 vos
756 1262 927 1320 baptizo
949 1263 993 1304 in
1036 1278 1145 1322 aqua
1171 1263 1457 1322 poenitentiae,

79 1349 96 1371 u
124 1330 230 1374 alius
258 1331 400 1375 veniet
423 1331 498 1391 qui
528 1329 680 1376 sortior
706 1346 774 1374 me
806 1341 882 1385 est,
912 1332 1034 1390 cujus
1060 1347 1146 1376 non
1185 1347 1281 1376 sum
1304 1332 1461 1391 dignus

77 1418 96 1441 υ
122 1399 412 1445 calceamenta
434 1411 623 1460 portare,
649 1402 738 1460 ipse
760 1417 835 1445 vos
861 1402 1049 1460 baptizat
1068 1402 1113 1445 in
1134 1403 1295 1461 Spiritu
1313 1413 1462 1447 sancto

77 1479 164 1515 »et
191 1471 291 1530 igne
316 1474 344 1515 ¹.
376 1490 395 1512 »
438 1472 564 1516 Dedit
605 1472 811 1531 Spiritum
847 1482 1044 1516 sanctum
1088 1473 1312 1527 Christus,
1351 1475 1462 1517 sicut

72 1541 279 1600 scriptum
295 1551 384 1586 est:
410 1561 428 1583 «
453 1541 647 1587 Sibilavit
670 1542 714 1585 in
738 1542 891 1586 faciem
915 1558 1084 1597 eorum,
1106 1553 1147 1586 et
1168 1543 1278 1587 dixit
1305 1563 1313 1587 ε
1336 1563 1354 1584 »
1376 1547 1461 1588 Ac-

74 1630 96 1658 .»
121 1612 251 1669 cipite
281 1612 487 1671 Spiritum
517 1621 716 1656 sanctum
740 1614 771 1654 ².
801 1632 820 1654 υ
854 1617 1038 1673 Ipseque
1071 1614 1179 1672 ignis
1219 1613 1462 1658 Paracletus

73 1681 384 1740 crepitantibus
405 1683 592 1728 flammis
619 1684 845 1729 ardescens
868 1686 912 1729 in
939 1686 1169 1746 Apostolos
1194 1687 1458 1745 supervenit.

73 1752 111 1795 Ο
132 1766 230 1795 vera
254 1752 477 1809 divinitas,
499 1770 597 1815 quae
614 1755 851 1799 accendere
872 1757 958 1799 visa
981 1766 1068 1810 est,
1094 1772 1182 1800 non
1206 1757 1372 1811 ardere,
1403 1758 1461 1800 si-

73 1831 148 1866 cut
175 1823 380 1882 scriptum
405 1833 468 1868 est
494 1844 502 1869 :
533 1844 552 1866 ι(
579 1828 737 1887 Factus
759 1836 822 1870 est
838 1827 982 1871 subito
1000 1828 1054 1871 de
1077 1827 1189 1871 coelo
1207 1843 1336 1872 sonus
1365 1838 1461 1872 tan-

77 1910 96 1932 »
119 1907 249 1952 quam
260 1893 466 1952 vimagna
478 1895 651 1954 spiritus
666 1895 865 1951 ferretur,
882 1907 923 1941 et
940 1897 1119 1956 replevit
1133 1907 1267 1942 totam
1283 1898 1464 1942 domum

79 1982 96 2003 ι»
120 1963 198 2006 ubi
216 1973 338 2008 erant
355 1965 551 2010 sedentes
569 1967 778 2025 Apostoli.
799 1970 854 2011 Et
868 1968 969 2011 visae
991 1977 1091 2011 sunt
1114 1969 1356 2012 distributae
1380 1968 1462 2011 lin-

74 2051 95 2074 »
122 2048 220 2091 guae
244 2043 447 2094 tanquam
475 2036 613 2093 ignis3
641 2036 751 2080 sedit
778 2046 923 2080 autem
947 2053 1075 2097 super
1101 2053 1463 2098 unumquemque

76 2121 95 2143 n
121 2118 287 2156 eorum,
304 2113 346 2147 et
364 2103 514 2162 repleti
529 2115 631 2148 sunt
647 2121 796 2150 omnes
818 2107 977 2166 Spiritu
993 2118 1157 2162 sancto,
1176 2119 1218 2153 et
1231 2118 1464 2169 coeperunt

74 2191 95 2214 η
122 2172 242 2232 loqui
275 2173 402 2217 variis
433 2174 613 2232 linguis,
646 2176 757 2220 sicut
787 2177 970 2236 Spiritus
1004 2188 1178 2224 sanctus
1206 2179 1338 2224 dabat
1372 2179 1462 2225 elo-

77 2262 94 2284 »
121 2243 275 2303 quium
287 2243 389 2287 eis³.
410 2262 429 2285 »
447 2247 510 2288 Tu
523 2259 641 2301 vero,
658 2256 924 2305 persecutor,
938 2248 1006 2293 vel
1021 2265 1178 2310 aquam
1191 2251 1462 2309 poenitentiae

72 2328 160 2358 non
182 2313 342 2369 habes,
368 2314 445 2375 qui
466 2330 556 2360 non
579 2317 758 2362 Joannis
776 2318 926 2373 occisi,
952 2319 1027 2363 sed
1056 2320 1255 2365 occisoris
1279 2320 1462 2365 Herodis

71 2383 228 2427 retines
251 2392 521 2442 potestatem.
550 2388 615 2430 Tu
635 2387 782 2445 igitur,
805 2388 1004 2443 traditor,
1030 2390 1236 2449 Spiritum
1261 2399 1459 2435 sanctum

71 2453 229 2498 Christi
243 2469 331 2498 non
347 2455 478 2500 habes
503 2475 511 2500 :
538 2457 700 2501 etenim
712 2459 841 2503 morti
858 2459 1055 2504 Christus
1072 2469 1136 2504 est
1154 2460 1353 2516 traditus,
1371 2476 1461 2505 non

72 2523 126 2567 ad
162 2534 347 2570 mortem
390 2526 570 2571 tradidit
598 2528 809 2573 Christus.
839 2529 936 2573 Tibi
964 2530 1075 2589 ignis
1098 2531 1143 2574 in
1165 2531 1317 2590 spiritu
1342 2530 1460 2592 apud

120 2614 127 2630 ¹
154 2607 268 2641 naith.
288 2619 336 2650 in,
359 2620 410 2642 11.
430 2626 470 2633 —
486 2616 498 2633 ²
517 2612 607 2644 Joan.
628 2622 682 2653 xx,
708 2620 756 2645 12.
775 2630 815 2637 -
831 2610 844 2636 3
863 2616 936 2646 Act.
955 2624 988 2655 n,
1009 2622 1041 2647 2.
