1825 3264
243 240 407 273 coNTnA
438 243 701 272 cunscomum
734 242 1024 284 DONATISTAM,
1059 246 1141 273 Lm.
1180 247 1225 272 11.
1349 235 1433 274 355

52 309 362 354 conscientiam
383 323 474 352 non
493 307 637 352 valere
657 308 713 352 ad
734 308 1020 354 abluendum.
1045 312 1143 355 Non
1170 325 1273 369 ergo
1306 326 1436 356 cons-

0 429 1 433 *
52 379 211 424 cientia
226 387 374 424 sancte
402 377 544 423 dantis
567 378 806 424 attenditur
822 414 834 434 ,
857 395 957 439 quae
979 380 1129 425 abluat
1154 381 1402 440 accipientis
1422 402 1435 439 .·,

53 449 130 494 sed
144 448 262 494 fama
280 465 367 510 qua
389 457 569 508 putatur
590 458 737 494 sancte
766 449 892 505 dare,
919 451 1047 495 etiam
1069 452 1146 510 qui
1172 461 1319 496 sancte
1347 467 1439 497 non

52 519 144 576 dat,
155 530 200 565 et
210 529 390 580 putatur
401 518 580 565 abluere
592 521 771 580 quinon
781 519 935 565 abluit.
944 521 1096 566 Abluit
1107 538 1209 580 ergo
1218 523 1439 582 accipien-

53 601 141 636 tem
167 591 272 636 mali
299 592 487 638 hominis
509 591 624 636 fama
647 592 760 637 bona
776 627 788 648 ‚
819 608 909 638 non
942 594 1075 653 ipsius
1102 594 1245 653 dantis
1272 594 1442 654 polluta

0 686 3 722 2
53 664 331 708 conscientia.
368 665 460 709 Cur
481 678 562 722 ego
595 662 763 708 dictum
796 672 860 708 est
893 682 903 709 :
943 665 1264 717 «Conscientia
1294 674 1443 710 sancte

0 728 4 767 3
54 732 199 778 dantis
219 733 475 790 attenditur,
499 749 600 793 quae
621 733 773 778 abluat
793 733 1040 793 accipientis
1059 753 1067 780 ε
1089 753 1109 776 »
1131 735 1211 779 nisi
1227 735 1331 795 quia
1352 750 1444 780 non

53 803 193 848 abluit
212 804 460 863 accipientis
477 839 489 859 ,
519 804 554 848 si
576 819 665 848 non
697 813 762 849 est
793 806 1059 850 conscientia
1089 815 1236 850 sancte
1260 807 1404 850 dantis
1426 807 1445 851 Ρ

56 875 101 920 Si
118 873 337 919 maculosa
358 884 402 919 et
422 873 651 919 immunda
672 883 757 930 est,
781 875 890 935 quid
912 891 1015 935 ergo
1032 885 1139 920 tunc
1167 876 1407 921 attenditur
1428 877 1446 918 ‘2

0 970 4 993 ,
56 945 363 1005 Ipsa,inquis,
389 944 633 990 attenditur
648 979 660 1001 ,
684 961 785 990 cum
807 944 923 990 fama
946 947 1036 1006 ejus
1058 944 1299 991 attenditur
1325 967 1336 1004 3
1368 946 1448 991 etsi

55 1015 173 1060 bona
199 1024 263 1060 est
282 1015 400 1060 fama
413 1050 425 1071 ,
453 1016 564 1061 nihil
581 1017 759 1061 interest
774 1016 830 1061 ad
851 1016 1123 1061 abluendum
1139 1018 1445 1076 accipientem,

57 1086 185 1130 etiam
206 1101 308 1131 cum
317 1096 382 1131 est
401 1087 509 1131 mala
526 1087 806 1142 conscientia,
822 1086 898 1132 sed
916 1085 1056 1132 abluit
1070 1088 1185 1132 bona
1204 1089 1297 1148 ejus
1313 1087 1443 1132 tama.

0 1195 6 1216 ‚
55 1156 150 1212 Dic,
168 1171 273 1214 rogo
294 1166 352 1212 te,
378 1171 479 1201 cum
493 1156 607 1202 mala
623 1158 884 1202 conscientia
901 1167 980 1212 est,
990 1173 1092 1204 vera
1114 1168 1178 1204 est
1195 1159 1312 1204 bona
1332 1158 1450 1203 fama

57 1227 147 1287 ejus
178 1242 235 1271 an
262 1227 368 1272 falsa
389 1229 408 1272 Ρ
430 1227 589 1272 Procul
622 1228 759 1273 dubio
786 1228 940 1288 utique
965 1227 1088 1273 falsa.
1126 1228 1314 1273 Proinde
1346 1243 1450 1273 cum

0 1318 4 1337 ι
57 1297 174 1342 bona
196 1313 287 1343 non
308 1307 386 1353 est,
397 1307 440 1342 et
462 1298 634 1343 occulta
656 1309 720 1343 est
742 1298 885 1343 dantis
903 1300 1182 1355 conscientia,
1207 1299 1450 1359 quomodo·

59 1366 167 1413 libet
184 1384 278 1414 eam
299 1369 382 1413 tibi
396 1369 580 1414 videaris
603 1369 826 1414 attendere
842 1404 853 1425 ,
877 1371 1119 1414 secundum
1136 1371 1250 1415 hanc
1271 1380 1451 1415 senten-

4 1446 7 1482 [
62 1439 183 1494 tiam,
209 1454 298 1484 non
315 1439 454 1484 abluit
473 1440 756 1499 accipientem
784 1461 795 1498 3
820 1440 901 1483 nisi
919 1440 1060 1484 dantis
1079 1449 1155 1484 aut
1177 1439 1292 1485 sama
1314 1439 1419 1485 falsa
1435 1475 1447 1496 ,

59 1518 137 1554 aut
153 1509 320 1569 polluta
334 1510 613 1555 conscientia.
633 1512 878 1570 Utrumque
894 1512 1094 1555 insanum
1116 1520 1178 1556 est
1197 1530 1206 1556 ι
1229 1512 1264 1556 si
1285 1520 1328 1556 te
1351 1511 1452 1556 talia

59 1580 309 1635 delectant,
332 1590 382 1625 tu
404 1581 515 1640 elige
547 1581 654 1641 quid
686 1581 741 1625 sit
761 1581 966 1625 insanius.
995 1584 1128 1626 Porro
1157 1582 1259 1641 quia
1294 1583 1452 1627 veritas

61 1666 153 1695 non
182 1651 402 1707 admittit,
428 1662 476 1696 ut
499 1653 745 1710 accipientis
777 1651 1082 1696 conscientiam
1105 1652 1176 1696 vel
1198 1651 1302 1697 falsa
1333 1652 1452 1697 fama

63 1721 207 1767 dantis
241 1722 391 1767 abluat
409 1757 420 1777 ,
450 1723 519 1768 vel
540 1721 710 1782 polluta
743 1723 1008 1767 conscientia
1034 1742 1044 1767 z
1070 1732 1201 1768 restat
1229 1733 1278 1768 ut
1300 1723 1377 1768 abs
1409 1733 1452 1768 te

6 1788 30 1831 'r'
56 1793 194 1837 etiam
226 1793 525 1854 requiramus,
560 1793 682 1854 quod
709 1803 753 1838 et
782 1793 844 1838 ibi
876 1794 1154 1853 quaesivimus
1179 1813 1189 1838 ε
1213 1795 1452 1854 (quoniam

64 1863 178 1908 sicut
197 1863 304 1908 dicit
320 1864 554 1909 Petilianus
565 1863 833 1923 velquilibet
846 1863 977 1919 alius,
994 1865 1366 1909 consentientibus
1378 1880 1453 1909 vo-

11 1950 21 1961 ’
65 1933 132 1978 bis
148 1968 159 1987 ,
183 1950 283 1979 cum
304 1944 451 1979 sancte
473 1934 617 1979 dantis
639 1935 901 1979 conscientia
924 1943 1011 1990 est,
1035 1935 1082 1979 id
1104 1943 1190 1990 est,
1214 1951 1314 1980 cum
1338 1935 1454 1980 bona

15 1991 26 2005 ⁸
66 2014 111 2049 et
126 2005 292 2049 munda
312 2006 573 2050 conscientia
596 2015 674 2059 est,
691 2004 829 2049 abluit
845 2004 1093 2063 accipientis
1109 2006 1456 2063 conscientiam,)

69 2074 190 2119 unde
225 2075 427 2119 abluatur
456 2075 668 2134 accipiens
685 2109 696 2129 ,
720 2074 901 2135 quando
932 2074 1039 2119 latet
1069 2074 1211 2120 dantis
1237 2074 1457 2121 maculosa

59 2148 345 2192 conscientia.
382 2151 496 2191 Puto
533 2147 649 2191 enim
673 2148 764 2206 jam
800 2161 890 2191 non
928 2155 972 2190 te
1002 2147 1287 2206 repetiturum
1323 2156 1456 2207 atque

18 2223 30 2246 ἱ
67 2218 289 2262 dicturum
311 2252 322 2273 ,
345 2217 464 2278 quod
486 2217 664 2277 impleat
690 2217 734 2261 in
768 2216 987 2261 abluendo
1012 2217 1152 2261 vicem
1182 2217 1457 2262 conscientiae

52 2288 199 2347 ‘bonae
220 2287 335 2333 fama
355 2289 446 2348 ejus
462 2287 570 2332 falsa
586 2288 721 2332 hona:
744 2287 905 2332 sufficit
925 2285 1046 2346 quod
1067 2287 1150 2332 hoc
1169 2297 1349 2343 vestros,
1365 2302 1457 2332 non

70 2367 141 2414 te,
172 2358 316 2403 dicere
343 2358 572 2402 asseruisti.
599 2357 781 2402 Illorum
804 2367 847 2402 te
870 2357 1062 2416 pudeat,
1091 2372 1181 2401 non
1207 2358 1337 2401 etiam
1372 2357 1453 2401 tui.

71 2431 221 2474 Restat
243 2443 344 2486 ergo
365 2437 414 2471 ut
437 2436 541 2471 tunc
564 2426 631 2470 vel
654 2430 766 2471 Deus
787 2426 855 2471 vel
878 2427 1109 2486 quisquam
1125 2436 1299 2471 sanctus
1316 2430 1458 2484 Ange-

65 2500 142 2547 .-lus
165 2499 330 2544 abluat.
356 2496 486 2551 Quod
506 2497 540 2540 si
559 2495 750 2541 dixeritis
767 2530 778 2550 ‚
814 2495 887 2540 illa
920 2495 1138 2540 horrenda
1165 2505 1457 2556 consequetur

76 2569 332 2625 absurditaS,
352 2582 484 2628 quam
513 2565 558 2610 in
589 2566 780 2627 Epistola
813 2581 908 2612 mea
940 2575 1344 2622 commemoratam,
1369 2581 1459 2612 non

1204 2638 1272 2678 23.
