1825 3264
501 244 555 270 DE
591 243 775 270 enimn:
809 243 1024 271 nchEsrffi.
1374 236 1458 274 289

74 325 95 349 »
120 323 209 352 non
226 307 390 352 habens
409 306 541 352 fidem
560 310 590 352 ¹.
620 326 640 350 »
668 308 844 366 Plagam
866 324 988 352 suam
1010 308 1092 353 sibi
1113 308 1220 354 dixit
1234 309 1391 356 factam
1409 323 1460 356 ut

69 393 225 439 aquam
244 379 496 424 mendacem
514 399 522 424 :
545 379 744 424 eamdem
767 394 871 424 vero
889 378 1061 438 plagam
1077 395 1198 425 suam
1215 395 1286 426 eos
1309 382 1460 442 appel-

66 448 173 494 lavit
194 450 271 510 qui
292 465 336 494 se
358 451 687 496 contristabant.
714 449 842 505 Quod
871 450 987 495 enim
1010 452 1069 496 ait
1096 471 1103 496 :
1129 471 1148 494 «
1172 454 1257 506 Qui
1280 454 1460 499 contris·

67 536 89 562 »
113 515 209 564 tant
231 536 299 565 me
325 543 336 578 3
370 540 390 564 »
415 523 498 567 hoc
523 522 630 567 dixit
652 530 800 582 postea
826 539 837 567 ς
862 540 882 564 «
912 522 1039 581 plaga
1058 538 1153 567 mea
1186 543 1194 568 2
1224 543 1244 566 »
1270 534 1314 569 et
1335 525 1456 585 quod

64 603 194 650 supra
215 590 328 636 dixit
352 611 361 637 z
391 609 412 634 «
440 593 679 653 praevalent
703 614 714 651 3
748 610 768 634 »
793 592 877 637 hoc
905 601 1054 651 postea
1085 592 1192 638 dixit
1220 612 1228 638 :
1266 613 1286 636 «
1313 594 1458 640 valida

67 678 89 703 »
114 670 192 706 est.

125 733 258 776 LXV.
287 732 355 777 Sic
383 742 426 777 et
456 732 544 778 illic
567 734 731 789 facitis,
758 733 835 777 ubi
859 732 1069 793 scripturn
1099 742 1164 778 est
1190 754 1198 777 ι
1229 736 1323 779 «Ab
1347 751 1459 795 aqua

66 818 89 844 »
113 801 253 847 aliena
275 805 444 848 abstine
475 814 534 860 te,
559 815 601 850 et
622 806 676 849 de
700 805 822 850 fonte
844 805 985 849 alieno
1006 820 1060 848 ne
1081 804 1243 848 biberis
1266 809 1297 848 ².
1321 825 1341 847 »
1369 810 1457 850 Pu-

65 873 162 918 tatis
184 874 300 930 enim
323 876 378 919 de
403 876 617 936 baptismo
639 876 806 921 dictum
824 877 900 936 qui
919 884 981 919 est
1003 875 1122 935 apud
1144 876 1387 932 haereticos,
1408 886 1459 920 ut

61 943 161 988 ideo
177 944 230 988 sit
251 961 364 1006 aqua
381 946 520 992 aliena
533 982 544 1003 ,
569 947 672 1008 quia
689 946 884 991 haeretici
904 961 1088 1005 regnum
1108 946 1185 990 Dei
1207 962 1295 990 non
1318 948 1457 1007 possi-

61 1014 232 1059 debunt
257 1031 266 1057 ε
293 1017 416 1076 quasi
438 1019 603 1062 nonita
620 1019 674 1063 sit
695 1027 739 1062 et
761 1016 877 1077 apud
900 1017 1092 1061 ebriosos
1109 1052 1119 1072 ‚
1141 1026 1184 1061 et
1206 1019 1322 1077 apud
1347 1018 1459 1062 invi-

60 1084 161 1140 dos,
187 1096 230 1131 et
244 1097 422 1134 caeteros
443 1089 712 1150 hujusmodi,
736 1088 792 1133 de
819 1088 980 1149 quibus
1005 1087 1172 1133 dictum
1194 1098 1283 1133 est:
1304 1108 1323 1130 «
1343 1092 1459 1148 Reg-

63 1173 84 1199 »
106 1172 213 1201 num
236 1159 310 1202 Dei
329 1175 417 1204 non
437 1161 773 1220 possidebunt32
794 1179 812 1202 »
832 1169 875 1203 et
898 1168 1043 1204 tamen
1064 1160 1109 1203 in
1131 1160 1338 1204 omnibus
1358 1160 1459 1204 tali-

60 1227 157 1283 bus,
183 1228 217 1272 si
238 1231 481 1275 secundum
505 1232 793 1290 Evangelium
818 1231 1025 1290 baptizati
1055 1239 1184 1286 sunt,
1209 1231 1371 1275 Christi
1394 1240 1458 1275 est

60 1298 319 1358 baptismus,
346 1318 435 1347 non
456 1303 666 1362 ipsorum.
699 1303 826 1347 Unde
844 1318 958 1360 aqua
980 1302 1055 1346 illa
1078 1317 1167 1345 non
1190 1312 1253 1346 est
1277 1302 1418 1346 aliena
1444 1323 1455 1359 3

59 1384 160 1414 cum
198 1370 279 1430 ipsi
312 1367 441 1417 alieni
471 1382 603 1429 sunt,
637 1373 798 1433 quibus
831 1371 1028 1415 dicturus
1056 1379 1120 1415 est
1145 1390 1153 1415 :
1181 1390 1201 1412 «
1229 1374 1325 1416 Non
1355 1372 1458 1416 novi

61 1457 82 1482 »
102 1456 178 1487 vos
201 1440 232 1485 ⁴.
261 1460 281 1483 »
315 1445 405 1488 Cur
427 1459 516 1488 non
535 1459 638 1503 ergo
661 1444 805 1502 potius
822 1441 1064 1500 intelligam
1089 1456 1246 1500 aquam
1271 1441 1457 1485 alienam

59 1520 103 1555 et
124 1510 293 1558 fontem
319 1514 509 1558 alienum
527 1549 538 1569 ‚
559 1514 803 1558 doctrinam
828 1527 917 1556 esse
939 1512 1118 1570 maligni
1150 1512 1324 1570 spiritus
1341 1547 1351 1566 ‚
1372 1527 1457 1573 qua

28 1580 33 1584 ’
58 1582 337 1643 decipiuntur
359 1595 402 1629 et
424 1585 696 1630 seducuntur
711 1584 885 1628 alienati
899 1599 922 1646 a
943 1586 1032 1627 Deo
1052 1597 1128 1641 per
1145 1582 1453 1639 ignorantiam,

58 1670 158 1713 quae
181 1657 305 1700 estin
326 1656 423 1711 illis,
452 1666 629 1716 propter
651 1657 890 1701 caecitatem
906 1653 1047 1698 cordis
1070 1667 1224 1697 eorum
1246 1672 1255 1696 :
1274 1654 1355 1696 hoc
1379 1668 1457 1697 ex-

58 1725 241 1784 pressius
264 1726 600 1771 commendante
622 1725 831 1786 Apostolo
860 1745 867 1769 :
898 1744 917 1767 «
945 1724 1130 1784 Spiritus
1148 1733 1293 1768 autern
1313 1723 1454 1767 mani-

61 1812 83 1837 »
97 1794 204 1840 feste
219 1796 342 1853 dicit,
353 1798 453 1857 quia
469 1798 514 1841 in
528 1797 769 1842 novissimis
780 1807 862 1840 tem
871 1794 1263 1855 poribusrecedent
1275 1794 1457 1853 quidam

60 1882 120 1911 »a
140 1867 251 1923 fide,
277 1870 551 1914 attendentes
579 1870 800 1929 spiritibus
819 1867 1121 1912 seductoribus
1142 1900 1152 1920 ,
1179 1875 1223 1909 et
1246 1865 1454 1908 doctrinis

60 1937 412 1984 »daemoniorum
429 1943 443 1966 ⁵
467 1942 485 1984 ἱ)
509 1943 611 1985 Haec
629 1950 693 1984 est
716 1955 826 1999 aqua
849 1939 1056 1991 aliena,et
1081 1935 1178 1980 fons
1202 1935 1383 1979 alienus.
1413 1935 1456 1979 Si

57 2009 172 2052 enim
189 2024 300 2069 aqua
316 2011 357 2053 in
382 2011 498 2054 bono
516 2010 776 2069 intelligitur
791 2009 1028 2067 ctSpiritus
1041 2016 1238 2061 sanctus3
1264 2020 1341 2048 cur
1365 2019 1457 2048 non

58 2093 170 2137 aqua
188 2079 232 2122 in
256 2079 369 2123 malo
393 2078 658 2138 intelligatur
680 2088 723 2123 et
745 2079 920 2138 spiritus
943 2076 1159 2135 malignus
1181 2077 1199 2118 P
1223 2078 1318 2119 Non
1339 2073 1455 2116 enim

57 2163 226 2208 semper
246 2149 322 2193 ubi
359 2165 516 2210 aquam
545 2151 742 2194 nominat
775 2149 1024 2208 Scriptura,
1051 2147 1133 2190 hoc
1154 2145 1324 2189 visibile
1347 2145 1456 2203 bap-

58 2218 172 2263 tismi
192 2230 512 2265 sacramentum
534 2221 624 2264 vult
656 2219 837 2277 intelligi
864 2238 871 2262 :
906 2219 980 2262 sed
1009 2215 1245 2277 aliquando
1279 2214 1419 2273 ipsum
1441 2248 1452 2267 ,

58 2287 294 2348 aliquando
322 2289 458 2335 aliud.
499 2293 596 2335 Jam
619 2291 733 2334 enim
767 2290 851 2334 hoc
883 2286 1040 2332 visibili
1072 2285 1288 2344 baptismo
1324 2283 1455 2326 etiam

58 2357 164 2403 alios
186 2360 385 2420 discipuli
407 2362 578 2406 Domini
596 2361 937 2420 baptizaverant,
963 2366 1197 2416 antequam
1219 2355 1387 2398 veniret
1410 2353 1455 2396 in

58 2443 130 2474 eos
152 2431 393 2474 secundum
413 2432 503 2491 ejus
518 2431 844 2491 promissionem
861 2428 1044 2488 Spiritus
1067 2434 1240 2470 sanctus
1258 2443 1266 2468 z
1289 2423 1343 2467 de
1366 2437 1455 2483 quo

107 2545 117 2561 ¹
141 2541 261 2572 Jerem-
289 2551 346 2578 xv,
381 2542 432 2572 18.
448 2557 488 2563 —
507 2547 518 2562 ²
548 2542 642 2573 Prov.
663 2551 696 2578 v,
720 2540 768 2573 15.
784 2556 825 2564 ——
843 2540 856 2561 5
877 2550 885 2571 ι
910 2540 982 2571 Cor.
1001 2548 1047 2579 Vl,
1067 2546 1119 2578 ιο,
1139 2539 1172 2568 ct
1189 2534 1256 2568 Gal.
1278 2545 1311 2575 v,
1341 2541 1396 2566 21,
1412 2550 1454 2557 —

60 2591 77 2620 ⁴
94 2594 215 2629 Matth.
232 2607 298 2636 vu,
317 2597 371 2629 23.
385 2614 423 2620 —
439 2595 453 2620 ⁵
480 2608 491 2629 1
514 2597 594 2630 Tim.
614 2608 659 2635 iv,
690 2607 718 2628 ι.

226 2660 416 2691 cxxxix.
1243 2643 1292 2683 19
