1825 3264
340 209 421 248 208
767 214 801 245 s.
838 213 1068 245 Arcesi-im
1101 216 1281 246 izmscom

337 286 427 329 sine
445 282 581 326 dubio
603 281 841 328 schismatis
859 283 942 337 rei,
962 282 1036 343 qui
1057 282 1236 326 crimina
1259 296 1335 327 vos
1356 281 1509 342 fugere
1530 284 1575 327 in
1593 285 1723 328 totius

337 354 452 398 orbis
475 353 784 398 communione
803 353 1004 408 finxistis,
1033 368 1132 412 quae
1153 353 1199 396 in
1219 353 1310 411 ipsa
1333 353 1545 412 particula
1568 363 1720 398 vestrae

336 423 588 468 concisionis
620 423 862 468 habebatis.
891 424 965 469 Sin
983 432 1129 467 autem
1152 432 1336 482 utraque
1358 422 1464 467 falsa
1486 433 1612 481 sunt,
1642 439 1718 469 vos

335 495 432 539 estis
460 494 551 539 sine
582 495 719 540 dubio
750 495 988 540 schismatis
1007 495 1095 549 rei,
1119 494 1194 553 qui
1213 502 1386 553 propter
1410 493 1515 538 falsa
1541 495 1724 540 crimina

335 565 593 610 traditorum
609 565 787 610 immani
798 565 1077 625 separationis
1091 564 1271 608 crimine
1283 563 1578 609 maculamini.
1594 563 1724 618 Quod
1777 584 1782 589 ·

334 637 403 680 sia
425 636 550 681 nobis
569 636 713 698 aliqua
746 646 788 681 et
810 653 833 681 a
855 637 979 681 vobis
997 634 1140 690 nulla,
1161 635 1229 679 vel
1253 652 1274 680 a
1298 636 1423 680 nobis
1440 651 1540 680 vcra
1556 645 1599 680 et
1614 653 1636 682 a
1650 652 1726 681 vo-

334 706 399 751 bis
417 706 524 752 falsa
547 707 846 767 proferuntur,
873 723 961 752 non
980 716 1044 751 est
1059 706 1383 751 discutiendum
1400 723 1531 767 quarn
1550 707 1724 767 penitus

332 787 471 822 vestra
500 794 572 822 ora
597 777 873 823 claudantur.
902 777 1017 831 Quid
1036 778 1069 821 si
1094 792 1168 821 vos
1192 787 1338 822 sancta
1372 787 1415 822 et
1435 794 1534 823 vera
1566 778 1724 823 Christi

332 848 523 893 Ecclesia
552 850 830 894 convinceret
860 858 991 909 atque
1014 858 1262 907 superaret,
1290 849 1454 892 etiamsi
1493 864 1570 893 nos
1602 847 1722 892 nulla

330 918 399 964 vel
419 920 549 976 falsa,
574 936 650 965 vos
667 930 812 965 autem
837 920 982 980 aliqua
1005 929 1047 964 et
1074 935 1175 964 vera
1198 919 1439 964 traditionis
1461 920 1723 964 documenta

331 992 564 1048 teneretis,
586 991 692 1051 quid
712 994 801 1051 jam
823 991 946 1035 vobis
976 1000 1128 1045 restet,
1154 991 1234 1034 nisi
1252 1000 1322 1045 ut,
1349 992 1383 1035 si
1400 991 1552 1045 vultis,
1572 1005 1722 1050 pacem

330 1060 539 1120 diligatis,
566 1063 598 1105 si
616 1072 762 1106 autem
786 1077 875 1105 non
907 1060 1058 1116 vultis,
1084 1060 1235 1105 saltem
1254 1061 1598 1106 obmutescatis?
1621 1064 1724 1105 Ete—

329 1131 420 1174 nim
444 1148 735 1191 quaecumque
758 1132 890 1177 modo
910 1131 1180 1191 proferretis,
1208 1131 1413 1175 facillime
1441 1141 1484 1176 et
1505 1132 1723 1177 verissime

331 1201 537 1258 dicerem,
559 1213 666 1248 tunc
695 1203 900 1248 Ecclesiae
922 1203 1129 1262 plenariae
1149 1211 1191 1246 et
1211 1202 1437 1247 catholicae
1460 1204 1614 1247 unitati
1633 1204 1723 1264 jam

327 1288 404 1332 per
430 1282 495 1318 tot
531 1284 678 1333 gentes
705 1274 877 1318 diffusae
912 1283 1043 1334 atque
1064 1275 1247 1318 firmatae
1268 1289 1345 1318 vos
1366 1290 1414 1318 ea
1433 1275 1617 1333 probare
1641 1274 1722 1318 de-

327 1344 493 1399 buisse,
528 1354 577 1388 ut
600 1360 674 1389 vos
703 1346 821 1389 intus
841 1345 1009 1399 essetis,
1031 1343 1094 1387 illi
1117 1353 1261 1388 autem
1285 1359 1394 1404 quos
1411 1344 1724 1389 convinceretis

327 1415 595 1474 pellerentur
619 1415 746 1460 foras.
774 1416 905 1469 Quod
926 1417 961 1460 si
988 1417 1131 1460 conati
1154 1416 1253 1460 estis
1276 1415 1440 1472 facere,
1466 1416 1617 1476 procul
1641 1416 1726 1460 du-

327 1485 401 1529 bio
430 1486 614 1544 probare
637 1502 725 1531 non
748 1487 948 1546 potuistis
968 1508 978 1544 3
1003 1496 1046 1531 ct
1081 1486 1204 1540 victi,
1234 1486 1304 1530 vel
1327 1487 1421 1530 irati
1441 1522 1451 1541 ,
1476 1503 1551 1532 vos
1575 1486 1629 1530 ab
1651 1487 1723 1529 in-

327 1557 608 1611 nocentibus,
633 1558 708 1617 qui
744 1557 951 1601 damnare
980 1558 1142 1602 incerta
1175 1573 1264 1601 non
1296 1567 1500 1617 possent,
1540 1557 1723 1601 immani

327 1628 551 1686 sacrilegio
574 1629 815 1687 separastis.
857 1629 899 1673 Si
927 1638 1071 1672 autem
1096 1643 1177 1672 nec
1199 1629 1343 1672 conati
1375 1629 1474 1673 estis
1505 1628 1551 1673 id
1573 1643 1719 1688 agere,

326 1697 453 1741 nimis
475 1698 702 1742 execrabili
724 1708 768 1742 et
788 1699 921 1758 impia
943 1700 1137 1743 caecitate
1155 1714 1230 1743 vos
1250 1714 1272 1742 a
1294 1698 1525 1744 frumentis
1543 1699 1719 1752 Christi,

326 1783 426 1827 quae
456 1784 531 1827 per
561 1778 704 1813 totum
727 1784 901 1827 agrum,
928 1768 974 1812 id
996 1779 1088 1823 est,
1114 1769 1332 1813 mundum
1359 1785 1496 1829 usque
1516 1769 1571 1813 ad
1589 1770 1722 1812 finem

327 1848 550 1893 crescunt,
578 1840 725 1899 paucis
753 1840 798 1883 in
833 1839 978 1883 Africa
1015 1840 1185 1883 zizaniis
1220 1840 1376 1884 offensi
1400 1839 1669 1898 praecidistis.
1697 1857 1718 1880 »

326 1908 395 1952 Ad
418 1910 511 1953 haec
527 1945 537 1964 ,
560 1926 659 1971 quae
682 1925 733 1953 ex
753 1909 824 1953 illa
851 1911 993 1968 priore
1014 1925 1109 1954 mea
1132 1910 1327 1969 Epistola
1351 1910 1717 1964 commemoravi,

326 1978 563 2023 Petilianus
598 1979 707 2024 nihil
745 1979 970 2039 respondit
1008 1979 1204 2024 omnino.
1231 1983 1288 2024 Et
1307 1981 1460 2040 utique
1481 1979 1635 2024 videtis
1656 1980 1720 2022 his

326 2050 474 2107 paucis
502 2050 645 2094 verbis
680 2059 817 2095 totam
853 2066 1026 2095 causam
1049 2067 1150 2110 quae
1176 2051 1289 2094 inter
1311 2066 1388 2095 nos
1412 2051 1555 2109 agitur
1577 2050 1720 2095 conti-

326 2122 432 2164 neri.
468 2120 585 2174 Quid
607 2122 721 2166 enim
747 2121 890 2166 dicere
911 2131 1161 2177 conaretur,
1194 2123 1270 2166 ubi
1293 2120 1511 2182 quidquid
1543 2120 1721 2180 eligeret

326 2190 574 2235 vinceretur
591 2194 610 2235 P

386 2263 544 2305 LXXI.
573 2263 684 2306 Cum
708 2262 822 2305 enim
840 2261 895 2305 de
909 2260 1192 2305 traditoribus
1207 2270 1285 2304 eta
1301 2260 1427 2304 nobis
1449 2269 1600 2304 contra
1623 2275 1719 2304 ves-

327 2339 441 2386 tros,
468 2341 511 2375 ct
533 2347 555 2375 a
579 2331 702 2375 vobis
735 2340 885 2375 contra
919 2341 1087 2375 nostros
1113 2331 1375 2375 documenta
1394 2330 1682 2389 proferuntur
1707 2349 1716 2375 :

326 2402 379 2458 (si
409 2412 553 2446 tamen
575 2413 618 2446 et
640 2419 663 2447 a
684 2402 807 2447 vobis
839 2402 981 2461 aliqua
1013 2403 1326 2461 proteruntur,
1362 2417 1461 2461 quae
1496 2417 1633 2462 usque
1665 2402 1720 2445 ad

327 2472 446 2517 hunc
469 2474 583 2518 diem
607 2475 786 2519 omnino
818 2474 1033 2518 nescimus
1059 2495 1068 2531 3
1093 2489 1235 2533 neque
1259 2475 1372 2517 enirn
1404 2488 1454 2517 ea
1482 2473 1719 2517 Petilianus

328 2542 413 2587 suis
441 2544 614 2589 Litteris
643 2546 832 2589 inserere
866 2545 1244 2603 praetermitteret,
1270 2544 1347 2603 qui
1379 2552 1464 2587 tarn
1491 2543 1718 2601 diligenter
