1825 3264
318 259 400 298 432
740 266 774 295 s.
811 266 1041 297 Aucusnffl
1076 269 1254 296 zmscor‘i

315 334 512 379 centibus
534 332 695 392 quibus
717 332 842 387 licet,
866 333 1141 378 manentibus
1171 333 1518 392 praecedentibus
1559 342 1697 378 statu-

316 405 383 459 tis,
409 403 616 448 universis
637 418 775 464 usque
797 404 842 448 in
859 405 975 448 diem
997 413 1198 449 octavum
1218 403 1513 449 Kalendarum
1531 408 1692 450 Janua-

314 474 491 519 riarium
512 474 705 534 proxime
721 474 969 520 futurarum
995 475 1224 534 agnitionis
1245 474 1475 535 pandimus
1489 476 1691 536 januam,

315 554 365 590 ut
387 545 542 604 integri
567 546 744 591 honoris
765 562 815 591 ac
836 547 939 591 fidei
965 547 1144 604 regressi
1167 546 1355 591 habeant
1378 545 1661 591 fundamenta
1687 565 1697 591 :

315 631 448 675 quam
465 616 498 659 si
519 616 748 676 quisquam
771 617 939 675 ingredi
961 617 1206 677 nequiverit
1228 618 1350 676 pigra
1369 616 1572 676 segnitia,
1596 616 1701 661 sciat

315 687 396 730 sibi
418 686 473 730 ad
495 702 644 731 omnes
663 687 851 732 veniales
869 686 1010 732 aditus
1029 703 1105 731 sua
1121 687 1348 732 voluntate
1360 689 1472 732 viam
1490 702 1581 732 esse
1597 687 1701 732 snb-

316 757 506 802 ductam.
530 759 725 803 Manebit
757 758 872 802 enim
906 759 1018 803 circa
1040 774 1112 803 eos
1142 758 1256 803 dicta
1289 759 1516 814 sententia,
1541 767 1585 803 et
1605 767 1703 817 post

314 829 607 888 praestitutum
626 829 767 873 dieam
791 828 1074 873 redeuntibus
1093 829 1176 873 fixa
1199 830 1471 888 poenitentia.
1502 847 1521 869 »

373 901 488 942 LXI.
525 901 652 944 Certe
665 900 755 958 jam
778 900 996 958 perspicis,
1034 900 1096 942 vir
1133 898 1427 953 disertissime,
1463 899 1508 941 in
1545 897 1639 942 illos
1659 906 1702 942 te

313 970 456 1028 potius
474 1003 485 1024 ,
524 986 547 1013 a
579 969 738 1028 quibus
773 970 1048 1013 mendacium
1074 969 1252 1023 audisti,
1279 969 1424 1013 omnia
1452 977 1702 1027 retorquere

313 1041 491 1094 debere,
516 1055 615 1098 quae
636 1041 682 1083 in
703 1055 801 1095 nos,
823 1049 1032 1099 tanquam
1050 1040 1221 1084 mentiti
1238 1038 1292 1083 de
1311 1040 1391 1083 hae
1411 1054 1456 1082 re
1473 1038 1700 1092 fuerimus,

314 1108 498 1154 dicenda
519 1110 749 1154 arbitratus
767 1125 826 1154 es.
849 1112 976 1154 Certe
992 1109 1196 1168 perspicis
1213 1108 1310 1154 illos
1328 1109 1453 1164 duos,
1475 1109 1529 1153 de
1546 1109 1704 1168 quibus

314 1180 496 1238 agimus,
521 1196 571 1224 ex
594 1195 745 1225 eorum
763 1195 852 1224 esse
874 1194 1074 1233 numero,
1095 1179 1172 1239 qui
1193 1194 1292 1223 cum
1316 1179 1577 1223 Maximiano
1597 1177 1704 1223 duo-

313 1250 454 1294 decim
477 1251 567 1294 sine
589 1250 796 1295 dilatione
820 1249 1014 1295 damnati
1036 1259 1159 1304 sunt,
1183 1265 1272 1294 non
1298 1265 1348 1294 ex
1371 1264 1520 1294 eorum
1544 1249 1705 1309 quibus

311 1320 524 1365 redeundi
541 1330 711 1380 tempus
729 1320 949 1365 indultum
968 1329 1044 1365 est.
1067 1323 1194 1365 Certe
1210 1320 1364 1380 liquet,
1381 1319 1529 1374 claret,
1551 1330 1594 1364 et
1610 1335 1706 1364 cer-

312 1391 447 1445 nitur,
486 1391 722 1446 obscurari,
749 1392 894 1449 obtegi
923 1390 1046 1435 nullo
1068 1390 1200 1435 modo
1223 1400 1387 1450 potest,
1421 1399 1583 1450 quanta
1610 1390 1703 1434 elo-

312 1462 491 1520 quentia
513 1462 546 1506 is
570 1478 593 1505 a
616 1477 704 1521 quo
736 1462 949 1505 sententia
972 1460 1046 1505 illa
1072 1462 1186 1506 dieta
1209 1470 1293 1516 est,
1328 1459 1545 1515 discrevit,
1579 1459 1704 1504 illus-

312 1533 462 1587 travit,
499 1532 718 1590 expressit.
762 1534 852 1577 Cur
883 1532 1015 1576 verba
1046 1531 1189 1576 adhuc
1224 1532 1410 1575 dantur?
1443 1532 1532 1575 Cur
1554 1539 1704 1575 contra

312 1600 619 1645 lucidissimam
638 1602 864 1646 veritatem
887 1617 965 1660 pro
984 1601 1212 1646 manifesto
1231 1615 1375 1645 errore
1397 1599 1704 1645 contenditur?

313 1672 402 1714 Cur
429 1671 628 1715 homines
656 1687 699 1715 se
722 1672 836 1730 ipsos
864 1672 1114 1730 decipiunt?
1135 1672 1178 1716 Si
1195 1671 1374 1731 laqueos
1389 1670 1570 1725 diaboli,
1593 1685 1703 1730 quos

313 1740 525 1784 resolvere
547 1749 679 1800 atque
709 1741 969 1799 abrumpere
997 1741 1232 1795 deberent,
1262 1741 1534 1785 constrictius
1557 1739 1704 1799 impli-

314 1819 413 1854 cant
436 1819 478 1854 et
500 1809 767 1867 obvolvunt,
800 1810 944 1855 adhue
978 1812 1123 1870 accipe
1158 1810 1277 1855 unde
1310 1811 1633 1865 vehementius,
1660 1819 1705 1854 et

313 1881 481 1924 utinam
503 1896 603 1924 cum
627 1880 773 1940 aliquo
795 1879 943 1925 fructu
966 1881 1244 1926 correctionis
1265 1883 1538 1926 erubescant.

372 1953 510 1994 LXII.
548 1953 600 1993 In
617 1959 857 1995 memorato
886 1950 1068 1995 concilio
1102 1952 1326 2010 Bagaiensi
1359 1950 1448 1995 dies
1482 1961 1525 1995 et
1550 1949 1703 1995 consul

315 2021 523 2079 ascriptus
544 2030 622 2074 est,
657 2036 746 2065 non
775 2020 915 2065 solum
938 2037 1026 2080 quo
1043 2023 1266 2066 decretum
1283 2020 1455 2066 concilii
1472 2019 1699 2066 conditum

315 2099 393 2143 est,
419 2105 570 2134 verum
593 2091 722 2134 etiam
745 2091 878 2149 ipsius
895 2091 1128 2135 dilationis.
1160 2094 1274 2149 Ergo
1296 2107 1320 2135 a
1342 2090 1413 2135 die
1433 2101 1586 2135 octavo
1609 2093 1701 2135 Ka·

312 2159 540 2204 lendarum
581 2161 791 2204 Maiarum
825 2170 921 2219 post
954 2162 1229 2206 consulatum
1267 2161 1496 2205 Theodosii
1526 2165 1699 2218 Augus-

315 2230 347 2273 ti
370 2232 452 2284 111,
496 2231 724 2274 consulatu
759 2233 1077 2289 Augustorum,
1113 2231 1285 2276 Arcadii
1320 2235 1402 2286 ΙΙΙ,
1439 2241 1482 2275 et
1521 2231 1701 2275 Honorii

314 2299 489 2353 iterum,
514 2301 589 2359 qui
606 2300 695 2344 dies
716 2310 779 2344 est
801 2301 971 2344 concilii
994 2302 1251 2359 Bagaiensis,
1274 2316 1410 2361 usque
1430 2300 1485 2345 ad
1498 2311 1700 2345 octavum

317 2369 615 2413 Kalendarum
639 2370 963 2425 Januariarum,
1000 2370 1075 2430 qui
1104 2372 1194 2415 dies
1229 2381 1290 2415 est
1328 2371 1570 2426 dilationis,
1601 2380 1700 2416 octo

316 2453 479 2482 menses
504 2439 640 2482 ferme
671 2450 971 2484 numerantur.
1017 2443 1240 2485 Invenitur
1283 2451 1428 2486 antem
1467 2441 1700 2501 postulatio

318 2508 434 2566 apud
459 2510 674 2553 Herodem
697 2511 1016 2569 proconsulem,
1039 2511 1156 2568 (vide
1172 2522 1337 2572 quanto
1357 2522 1453 2572 post
1473 2512 1606 2569 dicta)
1627 2511 1701 2555 ad-

317 2591 464 2622 versus
487 2578 752 2624 Felicianum
767 2590 810 2625 et
833 2584 1139 2626 Praetextatum
1162 2582 1216 2626 de
1237 2582 1483 2627 Mustitanis
1501 2591 1544 2626 et
1564 2584 1698 2626 Assu-
