1825 3264
245 299 408 330 comm
439 300 703 330 caascomum
734 295 1022 340 noma-mmm,
1056 301 1140 329 Lm.
1176 303 1224 329 11.
1349 291 1428 330 3¹71

52 365 194 412 dentis
215 366 319 427 poni
341 365 522 411 nolebat
542 367 588 411 in
607 365 784 411 homine
811 375 854 410 et
876 366 922 410 in
946 369 1039 410 Deo
1069 365 1279 411 stabiliter
1299 366 1438 412 collo-

53 437 202 493 cabat,
218 452 318 483 cum
334 438 514 493 diceret,
542 439 729 498 «Neque
742 437 819 497 qui
838 436 1004 498 plantat
1017 446 1079 482 est
1091 437 1272 498 aliquid,
1296 453 1440 499 neque

55 526 77 551 n
89 508 166 569 qui
175 509 298 567 rigat,
309 508 384 553 sed
393 509 468 570 qui
480 509 796 554 incrementum
806 508 880 552 dat
893 511 1006 552 Deus
1018 509 1048 552 ¹.
1063 526 1084 550 ι)
1099 511 1195 553 Non
1209 509 1354 569 itaque
1363 525 1441 554 nos

54 577 247 625 dicentes
265 579 387 640 quod
409 580 618 640 scriptum
640 588 703 624 est
728 597 738 624 :
766 598 787 622 «
812 581 909 625 Non
934 579 1059 624 nobis
1075 615 1086 635 ,
1118 580 1325 635 Domine,
1351 595 1442 625 non

56 667 78 692 »
113 651 256 707 nobis,
272 650 347 696 sed
365 651 532 696 nomini
546 660 624 696 tuo
639 650 694 696 da
708 650 930 710 gloriam2,
950 668 971 693 »
989 651 1238 695 accusamus
1251 660 1442 696 nostram

54 721 363 766 conscientiam
390 741 401 768 ι
420 721 496 766 sed
516 737 591 767 vos
611 722 658 766 in
674 721 904 766 hominum
926 721 1119 766 moribus
1143 737 1294 766 eorum
1320 736 1442 782 spem

55 791 130 851 qui
153 791 430 852 baptizantur
447 792 550 851 poni
564 791 758 837 volentes
770 827 782 849 ‚
807 808 898 838 non
919 792 1148 852 agnoscitis
1165 802 1351 838 vestram
1367 808 1443 838 su-

0 878 2 886 *
54 862 267 921 perbiam.

0 982 1 985 ,
110 935 318 979 XXXIX.
353 933 470 988 Quid
497 935 619 995 quod
646 934 776 979 etiam
804 935 920 980 beati
941 928 1149 995 Cypriani
1175 934 1446 978 mentionem

0 1024 6 1067 g
53 1003 198 1050 facere
219 1005 402 1062 audetis,
425 1004 546 1051 velut
565 1004 640 1050 ille
662 1015 815 1051 auctor
835 1005 890 1051 sit
907 1015 1062 1052 vestrae
1085 1005 1321 1061 divisionis,
1348 1014 1447 1050 tan-

0 1072 4 1110 Ῑ
55 1084 125 1121 tus
156 1076 359 1123 defensor
387 1077 612 1123 catholicae
640 1078 818 1123 unitatis
842 1087 885 1123 et
919 1078 1068 1138 pacis?
1099 1078 1243 1122 Primo
1273 1086 1364 1122 esto
1399 1077 1442 1120 in

0 1205 3 1213 ,
55 1147 263 1204 Ecclesia,
284 1165 415 1210 quam
433 1158 604 1194 constat
618 1149 806 1194 tenuisse
821 1165 869 1194 ac
881 1148 1135 1209 praedicasse
1147 1149 1417 1208 Cyprianum
1435 1167 1446 1204 3

56 1227 100 1263 et
113 1227 220 1264 tunc
242 1218 355 1264 aude
375 1219 498 1264 velut
519 1228 742 1264 auctorem
763 1219 990 1264 sententiae
1012 1229 1098 1264 tuae
1116 1220 1341 1264 nominare
1356 1221 1448 1277 Cy-

0 1295 1 1298 ’
57 1289 259 1348 prianum
294 1308 304 1334 ε
341 1290 482 1350 primo
515 1290 682 1334 imitare
713 1291 916 1350 pietatem
945 1290 1327 1352 humilitatemque
1357 1292 1449 1347 Cy-

3 1398 5 1402 ,
56 1361 213 1419 priam,
238 1370 281 1406 et
303 1370 410 1406 tunc
428 1360 574 1422 profer
593 1361 824 1405 concilium
843 1362 1066 1421 Cypriani.
1099 1364 1184 1407 Nos
1207 1362 1323 1405 enim
1346 1359 1449 1404 nul-

55 1429 142 1475 lam
179 1433 402 1492 Cypriano
447 1432 629 1477 facimus
669 1432 870 1493 injuriam
892 1468 903 1488 ,
953 1448 1054 1477 cum
1102 1434 1194 1493 ejus
1234 1432 1454 1492 quaslibet

56 1500 238 1558 litteraS,
250 1520 273 1548 a
284 1503 492 1549 canonica
502 1504 746 1548 divinarum
761 1504 1081 1563 scripturarum
1097 1505 1353 1548 auctoritate
1367 1504 1455 1547 dis-

7 1616 11 1621 .
57 1573 310 1632 tinguimus.
335 1577 488 1635 Neque
511 1575 627 1619 enim
654 1575 745 1619 sine
779 1591 906 1620 causa
938 1584 1026 1619 tam
1048 1575 1209 1619 salubri
1232 1575 1454 1635 vigilantia

0 1657 13 1711 ..ξ
56 1659 198 1689 canon
226 1645 537 1690 ecclesiasticus
570 1646 833 1689 constitutus
857 1655 942 1700 est,
974 1646 1026 1690 ad
1058 1661 1189 1706 quem
1214 1647 1319 1690 certi
1344 1649 1451 1690 Pro-

0 1708 20 1791 l
53 1716 286 1774 phetarum
311 1725 352 1760 et
375 1715 684 1776 Apostolorum
706 1715 806 1760 libri
831 1717 1103 1775 pertineant,
1137 1732 1247 1776 quos
1271 1718 1451 1761 omnino

8 1792 21 1843 :L
51 1785 248 1844 judicare
268 1801 357 1831 non
380 1785 632 1839 audeamus,
653 1795 696 1830 et
719 1785 961 1830 secundum
980 1802 1090 1846 quos
1113 1786 1167 1830 de
1189 1787 1356 1831 caeteris
1376 1785 1451 1831 lit-

56 1857 158 1901 teris
176 1856 245 1901 vel
268 1856 464 1902 fidelium
479 1855 547 1901 vel
563 1856 804 1900 infidelium
820 1856 957 1900 libere
969 1857 1233 1917 judicemus.
1262 1857 1450 1901 Proinde

58 1941 159 1970 cum
181 1927 296 1971 dicat
317 1926 571 1986 Apostolus,
597 1927 719 1986 cujus
746 1925 940 1985 epistolae
965 1927 1011 1970 in
1035 1928 1290 1971 auctoritate
1319 1943 1450 1972 cano-

58 1996 155 2040 nica
171 1998 320 2055 vigent
344 2015 353 2040 ε
384 2015 403 2037 «
428 1999 657 2056 Quotquot
686 2011 788 2054 ergo
817 1995 1013 2055 perfecti,
1041 1997 1118 2040 hoc
1141 1997 1381 2055 sapiamus,
1406 2004 1453 2040 et

28 2094 29 2098 ,
61 2083 83 2107 »
117 2067 149 2110 si
168 2065 275 2126 quid
292 2065 416 2110 aliter
428 2066 589 2124 sapitis,
611 2063 655 2108 id
673 2081 848 2125 quoque
865 2066 987 2110 vobis
1004 2069 1116 2110 Deus
1133 2066 1368 2110 revelabit³
1392 2085 1401 2111 :
1423 2084 1444 2108 »

59 2135 256 2196 quandiu
278 2135 400 2180 aliter
421 2136 563 2194 sapuit
579 2136 841 2195 Cyprianus,
867 2136 900 2179 si
923 2136 1081 2195 scripta
1114 2138 1206 2197 ejus
1238 2152 1327 2180 esse
1347 2152 1450 2181 con·

59 2215 142 2251 stat
165 2222 264 2267 quae
281 2222 360 2266 pro
375 2206 498 2251 vobis
522 2204 780 2264 proferenda
805 2206 1094 2258 arbitramini,
1120 2206 1317 2266 quandiu
1348 2221 1450 2264 ergo

59 2275 116 2322 de
131 2279 210 2321 hac
226 2293 272 2322 re
287 2277 411 2322 aliter
427 2277 569 2337 sapuit
586 2293 719 2336 quam
735 2277 892 2320 veritas
913 2276 1165 2335 diligentius
1180 2278 1454 2321 considerata

61 2347 281 2407 patefecit,
311 2349 450 2392 donec
478 2348 516 2391 ei
542 2351 656 2392 Deus
678 2347 724 2392 id
758 2363 936 2409 quoque
970 2348 1206 2403 revelaret,
1238 2349 1451 2393 ineffabili

60 2416 192 2463 laude
206 2419 425 2463 charitatis
447 2418 660 2462 unitatem
676 2433 915 2477 pacemque
928 2418 1185 2462 catholicam
1201 2420 1332 2463 etiam
1350 2434 1449 2464 eum

31 2489 39 2533 ’.
61 2488 237 2548 collegis
258 2488 360 2542 suis,
388 2503 411 2531 a
434 2488 592 2547 quibus
615 2488 737 2531 aliter
756 2489 913 2547 sapuit,
942 2503 1030 2532 non
1052 2487 1242 2548 reliquit.

119 2561 214 2603 XL.
249 2558 391 2602 Verba
419 2558 511 2618 ejus
541 2573 591 2601 ex
629 2557 822 2617 Epistola
856 2558 911 2602 ad
939 2559 1206 2604 Jubaianum
1236 2560 1450 2605 inseruisti

118 2649 127 2664 ¹
147 2653 157 2675 ι
181 2643 253 2675 Cor.
273 2653 321 2683 ιιι,
342 2652 374 2684 7.
391 2656 433 2665 —·
449 2647 460 2664 ²
482 2640 563 2673 Psal.
581 2652 649 2681 xm,
670 2652 697 2674 ι.
715 2657 755 2665 —-·
772 2638 786 2664 ³
805 2641 915 2684 Philip.
938 2651 986 2684 ιιι,
1012 2643 1062 2675 ι5.

14 2017 27 2084 ’ἡ

1173 2695 1238 2735 24.
