1825 3264
344 222 428 260 226
768 233 801 257 s.
836 226 1067 258 Aucusnm
1098 228 1281 257 13121500121

395 298 515 341 XIV.
534 294 682 354 Legite
702 294 830 340 nobis
844 294 900 340 de
918 295 1148 354 Scripturis
1167 294 1385 339 canonicis
1407 308 1479 338 eos
1496 292 1720 339 tradidisse

338 367 507 411 divinos
529 365 728 420 codices,
754 381 864 426 quos
885 366 1142 411 nominatim
1185 365 1408 410 accusatis.
1447 365 1597 424 Legite
1632 373 1720 410 tam

338 446 502 495 aperta,
526 451 659 496 quam
681 445 783 480 sunt
800 436 879 481 ista
897 452 996 497 quae
1013 436 1136 480 vobis
1158 435 1213 479 de
1236 435 1393 480 Genesi
1409 434 1609 494 legimus.
1624 436 1721 481 Non

339 522 362 550 a
390 507 510 552 vobis
531 507 768 568 quaerimus
789 507 897 568 quid
917 507 1026 567 lapis
1048 506 1122 551 ille
1155 507 1367 566 significet
1385 540 1397 561 ‚
1421 520 1554 566 quem
1584 505 1720 550 Jacob
1771 565 1774 569 ἠ

337 578 420 622 sibi
441 579 498 623 ad
524 588 657 639 caput
685 579 830 639 posuit
861 594 962 623 cum
983 578 1218 635 dormiret3
1244 576 1352 638 quid
1383 575 1497 622 scala
1532 576 1723 621 stabilita
1781 618 1786 623 .
1815 597 1817 611 ·

339 664 467 708 super
487 659 643 694 terram
658 685 669 705 ‚
704 651 828 710 cujus
860 661 992 709 caput
1015 648 1291 708 pertingebat
1313 648 1368 693 ad
1390 647 1581 706 ccelum3
1616 645 1723 707 quid

337 718 492 778 Angeli
515 721 591 764 Dei
612 719 893 764 ascendentes
913 729 955 764 et
973 719 1285 764 descendentes
1306 734 1383 779 per
1398 718 1534 762 illam.
1556 716 1723 778 Requi-

339 799 437 833 rant
454 784 537 834 ista
555 791 856 849 prudentiores
873 800 1005 851 atque
1018 791 1247 846 doctiores,
1265 800 1308 835 et
1324 791 1368 834 in
1390 789 1555 850 populo
1568 797 1724 849 pacato

340 859 624 920 eloquantur,
649 861 726 906 ubi
751 877 840 906 non
861 862 1082 921 obstrepat
1112 861 1311 920 improba
1332 860 1646 916 contradictio,
1668 859 1723 904 de

337 931 599 975 obscuritate
621 933 877 976 sacramenti
898 942 941 977 et
961 933 1193 991 aenigmate
1213 933 1410 976 lectionis
1443 945 1614 976 armans
1636 931 1722 974 im-

337 1001 591 1059 pudentiam
614 1018 752 1046 suam.
779 1005 877 1047 Non
912 1002 1069 1046 desunt
1089 1003 1220 1046 corda
1241 1001 1459 1056 fidelium,
1485 1016 1586 1061 quae
1607 1015 1724 1046 com-

336 1082 547 1116 memoret
560 1073 767 1116 Dominus
779 1088 830 1117 ex
842 1073 1096 1131 Evangelio,
1107 1073 1184 1116 ubi
1196 1073 1270 1128 ait,
1288 1087 1389 1117 cum
1401 1071 1577 1118 vidisset
1590 1074 1724 1117 Israe-
1764 1095 1766 1097 ·

335 1139 516 1185 litamin
534 1158 622 1201 quo
642 1141 769 1186 dolus
785 1158 874 1187 non
894 1151 1000 1198 erat,
1027 1143 1128 1202 quia
1152 1143 1287 1188 Jacob
1309 1144 1385 1201 qui
1406 1142 1483 1187 has
1503 1141 1612 1187 vidit
1628 1157 1722 1187 sca-

334 1210 412 1265 las,
437 1212 528 1270 ipse
550 1212 693 1257 dictus
713 1222 776 1257 est
800 1213 932 1258 Israel
955 1216 968 1240 ¹
993 1232 1001 1258 :
1029 1229 1119 1259 non
1136 1213 1295 1258 desunt
1315 1228 1417 1272 ergo
1436 1249 1447 1269 ‚
1480 1229 1591 1274 quos
1619 1213 1722 1258 inde
1778 1270 1784 1276 .

334 1280 425 1339 ipse
442 1293 754 1328 commemoret
778 1285 988 1329 Dominus
1018 1304 1026 1329 :
1060 1285 1121 1328 ibi
1145 1286 1308 1344 quippe
1333 1284 1393 1329 ait
1424 1303 1433 1330 :
1465 1303 1485 1327 «
1511 1283 1723 1329 Videbitis
1765 1325 1771 1330 .

339 1367 359 1391 »
394 1352 559 1396 coelum
575 1363 790 1412 apertum,
816 1363 858 1397 et
875 1353 1064 1413 Angelos
1082 1354 1160 1398 Dei
1180 1353 1462 1399 ascendentes
1483 1363 1528 1398 et
1546 1353 1723 1398 descen-

337 1438 358 1461 »
394 1419 546 1466 dentes
577 1437 706 1481 super
740 1422 899 1468 Filium
921 1424 1109 1468 hominis
1132 1426 1148 1449 ²
1167 1458 1178 1480 ,
1207 1442 1227 1466 ι)
1251 1425 1298 1469 id
1318 1434 1397 1481 est,
1421 1439 1552 1485 super
1574 1438 1722 1469 semen

334 1491 539 1548 Abrahae,
558 1494 603 1538 in
620 1509 708 1553 quo
725 1494 1047 1540 benedicuntur
1068 1511 1217 1540 omnes
1232 1505 1395 1555 gentes.
1415 1494 1498 1541 Sed
1517 1497 1612 1540 haec
1632 1510 1722 1540 non

334 1561 507 1607 inculco
542 1564 857 1610 recusantibus.
890 1569 1004 1611 Ecce
1035 1567 1156 1627 quod
1190 1567 1369 1612 audite:
1399 1586 1418 1609 α
1449 1568 1546 1612 Erit
1574 1581 1722 1612 semen

337 1650 357 1673 »
391 1642 518 1677 tuum
535 1635 647 1679 sient
669 1651 798 1680 arena
819 1646 963 1693 terrae,
988 1645 1031 1682 et
1045 1638 1412 1697 multiplicabitur
1430 1653 1560 1698 supra
1576 1653 1717 1693 mare,
1779 1647 1803 1678 ,¹

336 1720 356 1743 »
391 1713 434 1747 et
450 1705 494 1748 in
517 1705 732 1761 Africum,
745 1716 789 1750 et
809 1707 854 1751 in
873 1707 1153 1767 Aquilonem,
1172 1709 1277 1752 etin
1293 1710 1520 1754 Orientem
1542 1728 1551 1754 :
1577 1718 1622 1753 et
1642 1709 1720 1753 be-

335 1790 356 1814 »
391 1774 650 1820 nedicentur
669 1777 716 1820 in
730 1786 773 1821 te
791 1793 940 1822 omnes
959 1779 1097 1824 tribus
1111 1788 1251 1833 terrae,
1273 1789 1316 1824 et
1330 1780 1375 1824 in
1393 1780 1556 1825 semine
1567 1780 1685 1824 tuo³.
1698 1797 1716 1820 ι

334 1845 442 1888 Date
463 1846 569 1889 mihi
586 1847 699 1891 hanc
711 1847 946 1893 Ecclesiam
964 1858 1098 1904 tuam,
1112 1850 1147 1894 si
1163 1849 1279 1908 apud
1297 1865 1373 1894 vos
1386 1859 1449 1894 est
1475 1866 1484 1891 :
1508 1848 1721 1895 ostendite

334 1930 408 1959 vos
425 1919 749 1963 communicare
771 1921 976 1965 omnibus
999 1921 1217 1980 gentibus,
1236 1936 1342 1981 quas
1360 1923 1450 1981 jam
1471 1921 1659 1966 vidimus
1674 1920 1721 1964 in

333 1985 418 2029 hoc
431 1988 594 2032 semine
615 1989 829 2034 benedici.
852 1994 960 2035 Date
982 1992 1111 2046 hanc,
1130 2002 1206 2036 aut
1227 1992 1373 2037 furore
1395 1993 1594 2052 deposito
1612 1991 1720 2036 acci-

333 2056 438 2112 pite,
460 2068 549 2102 no‘n
571 2074 595 2102 a
618 2074 701 2114 me,
722 2059 796 2103 sed
816 2060 964 2105 abillo
986 2062 1080 2121 ipso
1101 2061 1146 2106 in
1163 2078 1253 2122 quo
1276 2063 1601 2107 benedicuntur
1622 2077 1718 2107 om-

333 2141 407 2169 nes
424 2138 586 2185 gentes.
611 2132 714 2175 Haec
731 2131 785 2174 de
808 2133 946 2191 primo
963 2134 1086 2191 Legis
1107 2134 1223 2179 libro
1244 2149 1606 2180 commemorasse
1622 2131 1716 2178 suf·-

333 2194 485 2241 fecerit
504 2218 513 2242 ;
539 2199 662 2256 plura
685 2201 957 2246 innotescent
976 2204 1067 2247 sine
1090 2204 1221 2263 impia
1240 2205 1520 2249 contentione
1547 2213 1592 2249 et
1612 2217 1713 2248 cum

333 2265 404 2322 pia
426 2267 657 2314 dilectione
668 2270 928 2328 legentibus.

392 2339 486 2382 XV.
503 2340 619 2393 Quid
631 2343 676 2386 in
698 2344 939 2402 ProphetiS‚
964 2360 1096 2403 quam
1114 2345 1251 2389 multa
1271 2355 1314 2390 et
1336 2361 1468 2405 quam
1487 2344 1716 2391 manifesta
1786 2391 1790 2402 ,

331 2418 432 2452 sunt
450 2411 693 2457 testimonia
716 2413 919 2458 Ecclesiae
938 2430 1013 2474 per
1039 2431 1189 2460 omnes
1208 2425 1356 2475 gentes
1384 2426 1477 2462 toto
1501 2426 1713 2462 terrarum

332 2478 438 2522 orbe
461 2479 631 2526 diffusae
652 2485 670 2527 Ξ)
694 2483 817 2528 Unde
842 2501 980 2544 pauca
1011 2489 1391 2544 commemorabo,
1421 2487 1547 2548 plura
1575 2487 1708 2533 relin-

386 2570 391 2584 ¹
421 2565 499 2596 Gen.
525 2577 634 2609 xxviii,
657 2579 707 2601 12.
722 2586 763 2592 —
777 2576 789 2594 ²
806 2572 897 2604 Joan.
913 2582 936 2612 1,
953 2571 1005 2604 52.
1022 2589 1061 2596 —-
1079 2570 1092 2596 3
1114 2574 1193 2606 Gen.
1214 2583 1330 2613 xxvnr,
1353 2573 1404 2616 14.
