1825 3264
244 281 408 314 CONTRA
438 284 704 313 cmzscoan
737 281 1027 323 norunsnm,
1064 285 1145 311 Lm.
1182 284 1230 310 11.
1357 271 1439 311 383

55 352 159 396 tiam
177 351 421 396 consentire
442 349 696 394 noluissent.
720 350 829 393 Nam
848 357 893 392 et
909 349 955 392 in
972 349 1064 408 ipso
1085 347 1270 392 concilio
1289 346 1400 392 dixit
1430 366 1439 392 :

57 440 78 464 n
99 422 328 468 Neminem
339 421 601 481 judicantes,
626 435 706 464 nec
725 435 748 464 a
759 420 859 479 jure
879 420 1197 464 communionis
1219 418 1408 479 aliquem
1427 453 1440 474 ,

53 494 87 538 si
109 492 329 538 diversum
354 493 535 537 senserit
563 500 827 536 amoventes
858 510 878 533 »
904 493 960 535 Et
982 490 1180 535 eamdem
1213 490 1440 550 epistolam

53 563 109 608 ad
136 563 402 607 Jubaianum
423 563 480 607 ita
495 561 708 607 conclusit
730 580 738 606 :
761 580 781 603 «
808 563 910 605 Haec
927 560 1028 614 tibi,
1055 561 1327 615 charissime,
1365 576 1444 620 pro

54 641 202 678 nostra
223 634 523 678 mediocritate
555 630 879 691 respondimus,
913 630 1079 674 nemini
1113 631 1444 691 praescribentes

53 712 129 748 aut
153 703 501 763 praejudicantes,
535 703 768 762 quominus
804 701 1105 761 unusquisque
1139 703 1443 762 episcoporum

53 773 172 832 quod
191 783 317 833 putat
338 773 486 828 iaciat,
509 774 674 817 habens
696 772 859 816 arbitrii
882 773 948 817 sui
964 772 1147 817 liberam
1166 782 1442 831 potestatem,

52 845 135 889 etc.
165 862 186 885 »
213 847 263 888 In
285 844 350 888 his
382 859 486 903 ergo
511 859 590 888 nos
621 843 796 888 interim
818 842 981 902 deputa
998 878 1010 898 ,
1035 843 1195 904 quibus
1222 843 1333 887 illud
1355 858 1445 887 non

53 914 198 973 potuit
218 913 479 974 persuadere
503 914 779 973 Cyprianus,
818 929 841 957 a
875 913 1037 972 quibus
1068 922 1214 958 tamen
1241 913 1370 957 etiam
1400 914 1445 956 in

53 985 133 1030 hac
155 1000 201 1029 re
214 985 384 1030 diversa
401 985 714 1040 sentientibus,
747 985 1102 1029 communionem
1122 1000 1245 1029 suam
1268 985 1446 1028 minime

51 1055 281 1114 separavit.
307 1056 493 1115 Majores
517 1064 661 1099 autem
680 1054 828 1104 vestri,
852 1055 1015 1114 quibus
1036 1055 1123 1100 tale
1146 1055 1445 1099 testimonium

52 1126 330 1186 perhibuisti,
367 1145 387 1168 «
425 1125 546 1186 quod
576 1127 632 1170 ab
664 1125 952 1170 Orientalium
980 1135 1210 1186 propterea
1242 1140 1443 1170 commum

52 1197 183 1242 nione
200 1198 375 1242 discreti
390 1207 516 1254 sunt,
549 1197 650 1257 quia
673 1196 736 1241 illi
758 1213 885 1242 suum
908 1198 1125 1258 judicium
1154 1198 1442 1253 resciderunt,

53 1283 143 1327 quo
171 1268 230 1312 eis
259 1268 486 1328 placuerat
521 1268 576 1312 de
607 1268 687 1312 ista
718 1268 922 1327 baptismi
952 1269 1192 1329 quaestione
1224 1269 1445 1328 Cypriano

53 1347 185 1399 atque
203 1338 267 1383 illi
296 1337 503 1384 Africano
526 1339 713 1383 coneilio
735 1340 971 1384 consentiri
992 1349 1210 1399 oportere,
1240 1358 1260 1380 n
1293 1348 1444 1384 contra

51 1410 323 1469 Cyprianum
354 1409 569 1455 fecerunt.
603 1411 858 1456 Debuerunt
881 1411 999 1455 enim
1021 1427 1125 1456 cum
1153 1411 1330 1470 collegis
1358 1411 1445 1454 suis

52 1481 182 1525 etiam
204 1481 250 1525 in
267 1482 348 1525 hac
369 1481 610 1541 quaestione
639 1481 808 1526 diversa
835 1482 1121 1526 sentientibus
1149 1490 1298 1526 tenere
1325 1497 1446 1526 com-

51 1551 269 1596 munionis
295 1552 534 1606 unitatem,
559 1551 680 1611 quod
710 1552 753 1595 in
787 1553 872 1597 suis
905 1552 1059 1597 litteris
1088 1553 1240 1598 fecisse
1261 1553 1445 1611 legimus

51 1623 338 1682 Cyprianum¹
350 1658 359 1667 .
378 1623 679 1683 Respondent,
695 1623 826 1668 «ideo
843 1639 943 1668 eum
960 1625 1019 1668 sic
1036 1624 1158 1685 loqui
1173 1625 1375 1680 voluisse,
1390 1639 1444 1668 ne

51 1692 232 1738 fortasse
258 1694 717 1739 excommunicationis
746 1695 901 1739 timore
929 1695 1154 1751 deterriti,
1192 1712 1283 1740 non
1309 1695 1443 1740 aude-

52 1775 150 1810 rent
187 1765 323 1810 libere
344 1764 488 1810 dicere
509 1767 630 1826 quod
647 1767 875 1821 sentirent,
901 1782 990 1811 non
1012 1768 1113 1827 quia
1136 1783 1235 1811 cum
1258 1769 1317 1812 eis
1334 1776 1445 1811 esset

50 1836 98 1880 in
128 1838 440 1881 communione
481 1852 710 1881 mansurus
748 1837 783 1880 si
819 1837 987 1881 diversa
1022 1839 1251 1882 sensissent
1275 1857 1284 1882 ε
1313 1856 1333 1879 »
1368 1838 1444 1881 ubi

52 1917 200 1966 aperte
222 1908 374 1952 dicunt
396 1909 666 1965 Cyprianum
682 1922 772 1951 esse
783 1908 1032 1951 mentitum.
1056 1910 1097 1953 Si
1113 1909 1229 1952 enim
1248 1909 1438 1963 dicebat,

56 1996 77 2020 «
94 1978 322 2022 Neminem
339 1977 601 2037 judicanteS,
619 1994 698 2022 nec
712 1993 732 2021 a
751 1979 849 2038 jure
861 1980 1180 2023 communionis
1202 1979 1390 2039 aliquem
1410 1979 1443 2023 si

54 2046 220 2092 diversa
243 2049 423 2092 senserit
436 2058 707 2102 amoventes,
731 2050 882 2108 »quod
895 2064 997 2093 eum
1019 2048 1177 2093 dixisse
1199 2051 1442 2109 conscripta

54 2117 250 2162 indicant
261 2120 388 2163 Gesta
412 2117 606 2175 concilii,
625 2127 668 2162 et
691 2127 834 2162 tamen
851 2120 884 2163 si
899 2119 1130 2180 quisquam
1144 2135 1314 2175 eorum,
1341 2121 1444 2180 qui-

20 2203 27 2211 ·
55 2186 136 2231 bus
157 2203 207 2232 ea
234 2187 424 2242 dicebat,
449 2189 669 2232 diversum
693 2189 851 2233 sentire
874 2204 918 2233 se
940 2189 1203 2245 ostenderet,
1231 2206 1320 2234 non
1343 2205 1444 2234 curn

55 2274 107 2303 eo
129 2258 272 2304 fuerat
285 2269 550 2304 sacramenta
569 2260 729 2304 Christi
745 2260 1143 2306 communicaturus
1166 2281 1173 2306 :
1198 2261 1347 2321 procul
1366 2262 1443 2305 du·

55 2329 130 2374 bio
152 2331 461 2384 mentiebatur,
487 2331 564 2391 qui
585 2330 686 2375 talia
710 2331 881 2387 dolose,
907 2349 995 2377 non
1018 2333 1226 2377 veraciter
1257 2333 1443 2393 promit-

54 2401 201 2458 tebat,
226 2410 268 2445 et
289 2401 411 2461 quod
432 2401 556 2445 estin
573 2418 624 2445 eo
647 2401 874 2446 mendacio
902 2403 1092 2447 deterius
1121 2403 1445 2462 simplicitatem

56 2471 242 2516 fratrum
263 2471 426 2530 duplici
457 2472 588 2516 corde
611 2471 804 2526 fallebat,
830 2488 930 2516 cum
954 2475 1193 2532 praesertim
1213 2484 1256 2518 et
1277 2475 1440 2519 scribe-

57 2550 210 2585 rentur
228 2556 327 2601 quae
350 2541 622 2586 dicebantur.
652 2545 759 2587 Nam
786 2544 1054 2604 quicumque
1082 2545 1137 2588 ab
1154 2543 1231 2589 illo
1258 2544 1446 2590 concilio

105 2632 117 2649 ¹
136 2625 218 2660 vide
234 2625 292 2659 lib·
311 2635 348 2660 ιιι
363 2626 405 2659 de
418 2626 568 2668 Baptism.
588 2631 705 2660 contra
722 2627 881 2661 Donatist.
894 2638 968 2672 cap.
989 2627 1022 2671 3,
1045 2633 1080 2662 et
1096 2628 1153 2663 lib.
1177 2630 1223 2672 vi,
1251 2639 1323 2673 cap·
1344 2640 1378 2673 7.
