1825 3264
370 235 451 274 126
802 242 835 269 S.
870 242 1100 271 Anaus'rnu
1134 243 1313 270 unacort

367 311 472 355 mihi
489 324 606 353 nunc
620 323 685 353 res
699 317 778 363 est,
796 309 914 369 prius
931 318 974 354 te
990 307 1150 353 debere
1170 306 1414 362 ostendere,
1440 315 1589 351 utrum
1601 315 1750 352 teneas

364 384 585 425 veritatem
602 413 613 434 ‚
636 387 679 424 et
698 388 804 424 tunc
824 379 1040 424 exhortari
1061 378 1257 423 homines
1273 412 1285 433 ,
1310 386 1361 422 ut
1381 392 1460 437 pro
1484 392 1534 422 ea
1560 375 1750 422 tenenda

364 451 502 510 parati
516 451 602 495 sint
623 465 768 495 carere
780 451 984 496 omnibus
1006 466 1106 510 quae
1129 448 1424 510 temporaliter
1441 457 1618 494 tenent:
1649 460 1752 493 cum

365 523 448 567 hoc
470 537 559 567 non
579 521 807 578 ostendas,
833 522 935 582 quia
967 537 1055 567 non
1081 530 1202 581 potes
1229 538 1240 572 ;
1277 536 1368 565 non
1399 520 1504 580 quia
1526 519 1752 578 ingenium

363 591 500 648 deest,
525 592 602 638 sed
618 593 720 653 quia
737 591 850 638 mala
872 608 999 637 causa
1017 601 1081 637 est
1105 613 1116 650 3
1141 607 1218 636 cur
1236 590 1413 639 festinas
1433 590 1752 636 exhortationi-

364 664 444 708 bus
461 663 546 708 tuis
560 662 702 709 facere
716 663 914 709 homines
929 673 973 708 et
990 662 1212 707 mendicos
1236 671 1280 707 et
1299 661 1540 721 imperitos,
1560 670 1604 706 et
1622 675 1754 721 egen·

365 743 427 779 tes
449 743 491 779 et
510 744 700 780 errantes
717 771 727 790 ,
752 744 795 780 et
817 750 1031 794 pannosos
1053 743 1097 779 et
1117 734 1412 779 contentiosos
1427 768 1438 789 ‚
1465 742 1509 778 et
1530 731 1753 778 famelicos

364 814 408 850 et
419 806 659 861 haereticos,
671 815 715 850 et
733 806 777 850 in
793 806 874 850 hoc
888 805 1048 850 saeculo
1061 806 1176 850 hona
1190 803 1445 864 temporalia
1463 802 1694 863 perdentes
1711 811 1756 846 et

363 876 409 920 in
430 877 590 922 Christi
607 876 775 937 judicio
791 878 903 921 mala
928 888 1089 922 aeterna
1107 877 1403 921 invenientes?
1425 877 1589 921 Cautus
1607 883 1754 920 autem

364 947 494 1003 filius,
514 949 590 1008 qui
615 948 807 994 timendo
827 948 1045 1007 flagellum
1063 949 1194 1007 patris
1216 948 1379 993 recedit
1394 946 1563 992 acubili
1574 961 1754 1006 serpen-

341 1019 438 1074 ‘tis‚
463 1035 543 1063 nec
565 1019 758 1078 vapulat,
793 1034 873 1064 nec
898 1019 1021 1078 perit.
1049 1020 1134 1072 Qui
1153 1028 1298 1063 autem
1322 1018 1494 1063 dolores
1514 1016 1756 1076 disciplinae

364 1104 453 1148 prae
485 1105 561 1134 sua
595 1090 834 1149 perniciosa
868 1089 1096 1135 voluntate
1118 1090 1383 1145 contemnit,
1412 1099 1451 1134 et
1481 1088 1677 1148 vapulat,
1712 1095 1756 1132 et

363 1160 489 1218 perit.
523 1163 619 1203 Jam
649 1175 738 1204 non
770 1159 990 1218 intelligis,
1023 1161 1088 1205 vir
1124 1159 1283 1204 diserte
1302 1195 1314 1216 ,
1339 1160 1549 1220 quoniam
1570 1160 1648 1220 qui
1675 1172 1756 1218 pro

363 1245 469 1289 pace
491 1229 652 1274 Christi
674 1230 880 1274 omnibus
902 1232 1080 1276 terrenis
1103 1231 1307 1286 caruerit,
1333 1233 1473 1275 Deum
1496 1230 1658 1275 habet:
1680 1227 1758 1288 qui
1772 1268 1794 1283 t,

364 1309 509 1344 autem
534 1316 613 1360 pro
640 1310 760 1359 parte
795 1302 953 1347 Donati
980 1302 1048 1347 vel
1072 1318 1234 1362 paucos
1265 1316 1468 1347 nummos
1497 1300 1753 1397 perdiderit,

363 1386 437 1416 cor
460 1387 549 1415 non
571 1371 719 1416 habet.

422 1443 985 1488 CCXXVII.P13111.1Anus
1015 1442 1158 1488 dixit·
1151 1462 1159 1489 :
1198 1447 1329 1490 «Nos
1361 1452 1508 1488 autem
1546 1456 1757 1503 pauperes

363 1513 532 1572 spiritu,
558 1529 646 1558 non
670 1514 830 1560 divitiis
853 1516 1102 1570 metuimus,
1130 1516 1205 1560 sed
1226 1515 1398 1561 divitias
1420 1514 1705 1560 formidamus
1720 1515 1752 1557 1.

363 1586 449 1630 Nos
470 1584 579 1628 nihil
615 1585 824 1630 habentes
841 1622 851 1641 ‚
879 1596 922 1631 et
942 1588 1087 1631 omnia
1111 1587 1379 1647 possidentes
1391 1590 1424 1642 2,
1459 1600 1640 1631 censum
1663 1583 1758 1646 ani-

364 1670 479 1699 mam
517 1655 762 1714 credimus,
795 1657 1042 1718 nostrisque
1073 1659 1216 1717 poenis
1256 1667 1300 1702 et
1332 1658 1543 1717 sanguine
1575 1666 1758 1701 aeternas

362 1726 534 1771 divitias
561 1727 659 1772 coeli
683 1743 942 1773 mercamur.
975 1729 1044 1775 Sic
1074 1730 1191 1774 idem
1224 1731 1434 1775 Dominus
1453 1729 1559 1774 dicit
1587 1748 1596 1774 :
1625 1747 1646 1771 «
1671 1727 1757 1781 Qui

365 1815 386 1839 »
405 1799 642 1856 perdiderit
663 1799 949 1844 substantiam
968 1815 1107 1855 suam,
1132 1800 1390 1860 centuplum
1413 1800 1593 1860 recipiet
1611 1813 1752 1844 eam.»

423 1871 709 1914 CCXXVIII.
754 1875 1028 1917 Aucusrmus
1068 1872 1292 1931 respondit
1328 1876 1420 1918 :Et
1455 1873 1539 1917 hoc
1576 1871 1634 1916 ad
1668 1884 1759 1914 rem

365 1941 549 1998 pertinet
571 1956 849 1986 commonere
879 1942 1254 2002 quemadmodum
1291 1944 1501 2003 scriptum
1534 1951 1612 1986 est.
1649 1943 1760 1986 Nam

363 2011 438 2054 ubi
461 2012 570 2056 nihil
592 2014 807 2072 impendit
835 2015 1124 2059 intentionem
1148 2031 1286 2059 meam
1303 2049 1314 2070 ,
1343 2015 1377 2059 si
1408 2013 1517 2074 quid
1538 2013 1593 2057 de
1615 2012 1761 2071 Scrip-

366 2083 471 2126 turis
492 2082 604 2127 fultis
627 2094 702 2128 aut
725 2084 884 2130 falleris
901 2121 912 2140 ,
939 2085 1048 2130 nihil
1068 2103 1189 2131 curo.
1216 2089 1313 2131 Non
1344 2101 1446 2144 ergo
1468 2086 1526 2129 ita
1548 2084 1761 2142 scriptum

365 2163 427 2197 est
441 2173 449 2198 z
462 2155 544 2207 Qui
558 2155 795 2213 perdiderit
808 2157 1092 2201 substantiam
1106 2174 1227 2202 suam
1243 2177 1251 2203 :
1271 2159 1370 2203 sed:
1387 2177 1406 2200 ι(
1423 2157 1507 2210 Qui
1523 2155 1761 2216 perdiderit

369 2241 388 2265 n
425 2225 616 2269 animam
638 2241 760 2270 suam
789 2239 965 2286 propter
988 2243 1056 2272 me
1077 2229 1108 2272 ³.
1138 2247 1157 2269 »
1193 2233 1251 2272 De
1278 2229 1522 2272 substantia
1545 2242 1649 2271 vero
1670 2241 1761 2270 non
1791 2224 1799 2278 J

366 2296 573 2354 scriptum
593 2306 654 2340 est
682 2316 690 2342 z
717 2297 800 2350 Qui
826 2298 1064 2357 perdiderit
1090 2320 1101 2356 3
1125 2299 1200 2343 sed
1226 2319 1234 2344 :
1265 2319 1285 2342 «
1311 2301 1397 2352 Qui
1419 2298 1635 2343 dimiserit
1656 2298 1673 2322 ⁴
1700 2316 1709 2342 :
1737 2314 1758 2337 »
1783 2295 1799 2356 '2

367 2382 446 2411 nec
468 2366 603 2412 solam
634 2369 917 2412 substantiam
948 2371 1172 2428 pecuniae,
1198 2371 1272 2414 sed
1307 2380 1351 2414 et
1384 2370 1523 2414 multa
1561 2368 1658 2413 alia.
1697 2370 1762 2412 Tu
1794 2372 1798 2397 ²

367 2446 511 2480 autem
545 2438 718 2481 interim
743 2454 831 2482 non
860 2438 1084 2499 perdidisti
1119 2440 1443 2485 substantiam:
1486 2448 1632 2484 utrum
1655 2451 1774 2498 vero⁴

367 2505 600 2561 dimiseris,
623 2509 743 2568 quod
765 2509 823 2554 sic
839 2509 893 2554 de
909 2520 1163 2570 paupertate
1178 2510 1387 2569 gloriaris,
1408 2510 1575 2555 nescio:
1595 2509 1630 2553 si
1648 2507 1763 2554 forte

416 2596 425 2613 ¹
447 2590 567 2623 Matth.
588 2601 622 2631 v,
646 2591 675 2624 3.
693 2609 733 2615 —
751 2599 793 2624 ²2
812 2595 884 2626 Cor.
910 2605 954 2636 vi,
979 2605 1027 2627 10.
1045 2612 1084 2618 -
1100 2593 1114 2618 3
1128 2595 1249 2628 Matth.
1270 2606 1335 2637 xvi,
1358 2593 1488 2628 15.-4
1509 2594 1556 2628 Id.
1576 2603 1643 2635 xix,
1660 2600 1716 2636 29-
