1825 3264
299 269 382 309 484
719 284 750 302 s.
789 273 1019 304 Aucus‘nm
1054 277 1233 304 Episcopi

295 354 491 390 sanctum
514 344 638 403 cujus
661 351 761 386 sunt
787 362 795 386 :
819 352 861 386 et
882 342 980 387 ideo
1004 343 1096 386 fieri
1125 349 1288 401 potest,
1321 349 1370 384 ut
1392 340 1599 386 accedens
1621 341 1676 385 ad

293 417 542 461 societatem
564 412 716 473 populi
740 414 831 468 Dei,
857 413 988 458 alium
1007 413 1198 458 inveniat
1220 427 1307 472 quo
1333 411 1461 456 facile
1489 412 1676 471 baptize-

293 495 378 539 tur,
396 485 527 529 alium
543 483 672 542 eligat
683 499 814 543 quem
829 483 1058 528 salubriter
1073 483 1280 527 imitetur.
1297 484 1452 528 Certus
1473 491 1535 526 est
1560 482 1677 526 enim

291 565 489 601 sanctum
503 569 592 599 esse
607 563 924 599 sacramentum
938 554 1113 609 Christi,
1129 554 1258 598 etiam
1274 554 1307 597 si
1320 568 1395 612 per
1405 553 1546 597 minus
1559 568 1678 597 sanc-

291 636 405 681 tum,
428 625 497 670 vel
523 640 612 669 non
635 634 832 669 sanctum
856 625 1077 669 hominem
1100 625 1389 668 ministratum
1407 633 1498 682 est,
1529 639 1573 668 se
1597 639 1678 668 au-

290 707 380 743 tem
397 695 589 758 ejusdem
606 697 737 756 ipsius
758 697 1015 741 sacramenti
1031 697 1255 741 sanctitate
1271 695 1413 755 puniri
1425 730 1436 751 ,
1452 696 1487 740 si
1504 694 1679 753 indigne

294 769 539 828 acceperit,
571 769 606 812 si
634 767 746 812 male
782 784 882 812 usus
911 768 1069 823 fuerit,
1103 768 1136 812 si
1175 783 1265 812 non
1300 768 1339 811 ei
1372 767 1679 812 convenienter

290 851 333 885 et
362 854 553 898 congrue
573 839 740 883 vixerit.

347 912 486 953 XXV.
513 912 620 954 Nam
644 923 795 968 quaero
817 909 893 953 ahs
916 918 978 962 te,
1009 910 1051 953 Si
1073 909 1185 952 forte
1208 922 1337 967 quem
1368 907 1608 951 Primianus
1634 908 1678 950 in

289 990 430 1024 vestra
442 979 751 1023 communione
774 979 1034 1037 baptizavit,
1067 979 1248 1036 pessime
1269 978 1400 1031 vivat,
1426 992 1556 1036 quem
1578 992 1679 1022 vero

290 1051 533 1094 Felicianus
565 1050 610 1092 in
654 1049 907 1093 Maximiani
941 1049 1172 1092 schismate
1211 1048 1468 1107 baptizavit,
1516 1049 1680 1107 optime

286 1121 421 1175 vivat,
442 1120 614 1164 cuinam
629 1134 780 1162 eorum
798 1128 946 1178 patere
963 1119 1177 1163 existimas
1196 1134 1379 1178 regnum
1405 1119 1504 1174 Dei,
1531 1128 1678 1164 utrum

287 1192 326 1236 ei
342 1206 472 1251 quem
500 1190 733 1250 baptizavit
760 1189 1001 1234 secundum
1026 1200 1065 1234 te
1090 1190 1232 1234 bonus
1255 1188 1436 1243 malum,
1469 1205 1523 1234 an
1546 1191 1584 1234 ei
1604 1189 1679 1250 qui

285 1262 525 1321 baptizavit
552 1259 794 1305 secundum
817 1260 1047 1318 Bagaiense
1069 1260 1302 1306 concilium
1326 1259 1558 1318 sacrilegus
1578 1259 1679 1303 reli-

289 1333 489 1391 giosum?
512 1331 586 1375 sed
615 1330 727 1375 forte
761 1330 866 1374 dicis
881 1365 891 1385 ,
917 1339 960 1374 et
980 1346 1132 1375 verum
1155 1331 1285 1375 dicis:
1309 1333 1404 1376 Non
1428 1340 1569 1389 potest
1591 1345 1679 1374 esse

288 1402 511 1462 religiosus
531 1403 572 1446 in
588 1402 818 1446 schismate
833 1402 1109 1446 constitutus.
1131 1403 1328 1446 Assentio
1349 1421 1358 1446 2
1376 1411 1678 1446 verumtamen

287 1484 429 1534 potest
451 1489 538 1519 csse
561 1474 606 1517 in
629 1482 768 1517 vestra
790 1473 1098 1517 communione
1119 1473 1352 1532 sacrilegus
1373 1471 1443 1516 vel
1461 1472 1674 1528 occultus,

290 1560 313 1588 a
336 1545 569 1598 Primiano,
603 1558 733 1602 quem
758 1541 1010 1602 religiosum
1035 1542 1233 1597 creditis,
1261 1543 1517 1602 baptizatus.
1543 1546 1677 1588 Porro

290 1616 324 1660 si
347 1615 418 1659 ille
435 1630 565 1675 quem
590 1614 834 1658 Felicianus
858 1614 903 1657 in
933 1623 1083 1658 catena
1111 1613 1320 1672 sacrilegii
1337 1613 1587 1673 baptizavit,
1609 1629 1677 1658 re-

289 1685 394 1729 licto
416 1684 654 1728 schismatis
667 1683 890 1742 sacrilegio
916 1684 1198 1728 ecclesiastica
1216 1685 1526 1729 communione
1540 1686 1676 1729 corri-

291 1763 489 1813 geretur,
519 1752 735 1812 numquid
759 1752 891 1796 audes
918 1752 1062 1797 dicere
1084 1754 1203 1812 quod
1227 1754 1380 1797 melior
1401 1754 1445 1797 in
1467 1753 1542 1798 illo
1565 1755 1676 1814 bap-

287 1825 440 1868 tismus
462 1824 599 1877 fieret,
620 1823 817 1883 quamvis
835 1838 992 1881 negare
1010 1838 1097 1867 non
1112 1823 1270 1867 audeas
1292 1824 1432 1881 ipsum
1452 1824 1676 1868 hominem

287 1894 380 1938 fieri
404 1894 592 1953 potuisse
615 1892 864 1938 meliorem?
880 1896 972 1937 Hoc
987 1893 1101 1936 enirn
1123 1903 1165 1937 et
1182 1894 1274 1952 ipso
1291 1893 1408 1938 facto
1425 1894 1671 1953 judicastis3

288 1964 645 2025 quandoquidem
662 1963 759 2008 illos
778 1979 944 2019 omnes,
957 1979 1065 2023 quos
1083 1964 1326 2008 Felicianus
1337 1974 1380 2009 et
1391 1968 1674 2010 Praetextatus

286 2038 330 2081 in
349 2037 556 2081 damnato
579 2044 620 2079 et
643 2034 858 2079 detestato
883 2051 906 2079 a
921 2035 1040 2078 vohis
1062 2033 1284 2094 sacrilegio
1304 2035 1543 2081 schismatis
1567 2035 1674 2095 bap-

287 2109 546 2161 tizaverunt,
572 2121 671 2151 cum
691 2105 772 2150 illis
790 2106 844 2150 ad
862 2121 936 2150 vos
955 2105 1240 2149 redeuntibus
1257 2106 1347 2149 sine
1370 2105 1457 2150 ulla
1475 2107 1671 2151 destruc-

288 2179 405 2222 tione
432 2178 501 2222 vel
524 2178 780 2237 repetitione
804 2177 1006 2235 baptismi
1027 2177 1283 2235 suscepistis.
1315 2177 1357 2221 Si
1383 2186 1529 2221 autem
1552 2177 1671 2237 quod

289 2250 447 2304 dixisti,
469 2268 488 2290 «
514 2250 587 2292 sed
610 2250 845 2309 quaerimus
860 2263 937 2306 per
959 2263 1088 2307 quem
1112 2247 1266 2291 melius
1288 2248 1377 2301 siat,
1403 2266 1422 2288 υ
1442 2263 1669 2306 compara-

286 2320 425 2363 tivum
457 2317 639 2377 gradum
663 2333 742 2378 pro
764 2318 948 2376 positivo
977 2317 1178 2376 posuisti,
1207 2318 1265 2361 sie
1289 2316 1436 2361 dicens
1463 2337 1471 2361 :
1498 2318 1668 2370 Quaeri-

283 2405 380 2433 mus
403 2405 479 2448 per
493 2404 623 2449 quem
645 2388 798 2432 melius
820 2388 918 2445 fiat3
941 2405 961 2428 »
987 2402 1035 2432 ac
1057 2388 1091 2431 si
1113 2386 1277 2432 diceres
1294 2422 1305 2441 ,
1330 2387 1574 2439 Quaerimus
1591 2403 1668 2446 per

284 2475 415 2518 quem
452 2460 563 2503 bene
592 2459 692 2514 fiat,
727 2458 875 2503 volens
913 2457 1097 2516 intelligi
1127 2472 1203 2516 per
1233 2456 1394 2501 malum
1421 2458 1665 2502 ministrum

284 2529 396 2571 male
428 2530 516 2572 sieri
541 2548 549 2572 ε
583 2544 671 2572 non
702 2537 744 2572 te
767 2527 902 2572 verbo
933 2542 1082 2586 urgeo,
1107 2527 1184 2571 sed
1215 2526 1429 2572 admoneo
1457 2528 1601 2586 potius
1625 2537 1665 2571 te

284 2599 427 2643 dicere
451 2599 669 2644 dclmisse:
692 2600 937 2652 Quaerinius
959 2615 1035 2657 per
1057 2614 1185 2658 quem
1212 2600 1300 2652 fiat,
1321 2614 1475 2658 quam:
1496 2599 1663 2652 Quaeri-
