1825 3264
365 249 447 287 310
801 247 836 277 s.
872 247 1101 276 auousruu
1135 247 1315 274 nrrscopr

360 323 554 366 futuram
576 313 709 358 fidem
728 311 1008 372 perfidiamve
1026 309 1253 354 hominum
1270 323 1537 367 praenoscere
1557 323 1649 354 non
1665 323 1744 355 va-

359 390 523 443 lemus3
556 399 611 428 ne
633 383 668 428 si
696 381 875 442 quando
895 379 1078 424 nimium
1102 378 1222 423 duris
1242 377 1513 439 nimiumque
1534 379 1744 438 perversis

359 458 453 502 sine
474 454 624 498 fructu
644 451 802 497 'salutis
837 464 988 495 eorum
1011 447 1146 493 locuti
1176 446 1402 502 fuerimus,
1431 446 1680 493 deficiamus
1700 456 1745 494 et

362 526 618 572 desistamus
644 523 700 567 ab
719 521 921 567 instantia
942 517 1235 581 praedicandi,
1259 532 1357 561 cum
1384 517 1571 562 inaniter
1592 517 1745 579 pigue-

358 597 415 642 rit
440 595 654 640 laborare.
692 591 805 646 Quid
837 589 957 652 quod
990 590 1118 634 etiam
1149 589 1290 647 ipsum
1317 585 1543 631 diabolum
1561 621 1573 643 ‚
1612 602 1744 648 quem

351 667 441 726 jam
473 680 563 709 non
591 662 731 708 solum
765 664 895 716 Deus,
929 659 1006 704 sed
1032 674 1088 703 ne
1117 657 1315 702 homines
1343 655 1522 717 quidem
1543 655 1745 701 dubitare

356 743 553 795 possunt,
589 731 712 777 nullo
746 731 877 776 modo
907 730 961 774 ad
982 728 1196 790 justitiam
1223 741 1479 773 conversum
1505 726 1574 782 iri,
1609 725 1745 770 Filius

355 805 432 849 Dei
470 813 618 848 tamen
639 801 854 846 insidiosae
876 807 1118 844 tentantem
1134 832 1145 853 ‚
1177 807 1220 842 et
1242 796 1296 841 de
1330 795 1561 856 Scripturis
1588 795 1746 840 sanctis

356 874 648 934 quaestionum
687 872 864 932 laqueos
900 877 1196 930 opponentem
1221 902 1232 922 ,
1275 866 1330 911 de
1357 865 1587 925 Scripturis
1624 880 1747 910 sanc-

353 945 406 990 tis
445 941 749 1002 respondendo
781 939 970 985 convicit
987 941 1018 994 ¹,
1043 954 1122 983 nee
1140 937 1354 998 judicavit
1380 935 1611 995 indignum
1644 950 1747 980 cum

357 1018 514 1060 Satana
538 1014 734 1057 Christus
767 1011 821 1055 de
853 1010 1009 1054 divinis
1034 1008 1230 1067 Eloquiis
1257 1006 1420 1051 habere
1444 1005 1713 1066 colloquium
1734 1024 1743 1050 :

353 1084 462 1144 quid
479 1084 632 1142 utique
654 1081 913 1141 praevidens,
938 1080 1021 1124 nisi
1040 1077 1161 1139 quod
1184 1078 1346 1123 Judaeis
1369 1086 1413 1122 et
1440 1075 1616 1122 diabolo
1637 1075 1747 1121 nihil

353 1156 558 1215 proderat
574 1188 585 1208 ,
604 1152 834 1197 credituris
853 1151 1057 1211 gentibus
1079 1148 1359 1209 profuturum
1377 1151 1396 1191 ‘?

410 1227 491 1267 XI.
520 1223 756 1281 Prophetas
789 1221 917 1265 etiam
951 1219 1136 1278 legimus
1167 1220 1316 1263 missos
1348 1217 1403 1262 ad
1431 1217 1629 1262 homines
1656 1224 1746 1261 tam

352 1293 680 1347 inobedientes,
711 1301 761 1336 ut
782 1294 895 1336 Deus
929 1291 1020 1349 ipse
1048 1291 1124 1349 qui
1159 1290 1395 1348 Prophetas
1428 1287 1658 1342 mittebat,
1694 1287 1749 1330 de

355 1365 420 1409 his
442 1364 497 1407 ad
527 1378 635 1422 quos
656 1361 857 1406 mittebat
882 1361 1155 1420 praediceret,
1186 1358 1307 1419 quod
1329 1358 1472 1403 verbis
1494 1371 1645 1402 eorum
1666 1357 1750 1402 ob-

356 1433 640 1492 temperaturi
663 1447 753 1476 non
781 1441 936 1476 essent.
969 1431 1136 1475 Omitto
1163 1430 1285 1490 quod
1313 1430 1567 1490 prophetico
1595 1428 1750 1488 spiritu

357 1519 446 1563 quo
468 1501 617 1546 futura
631 1502 869 1546 cernebant
884 1536 895 1556 ‚
911 1501 1039 1545 etiam
1061 1502 1143 1546 hoc
1159 1502 1312 1561 utique
1334 1515 1457 1545 nosse
1477 1498 1719 1559 potuissent
1735 1532 1748 1554 ‚

357 1572 477 1632 quod
501 1588 651 1616 eorum
674 1572 806 1616 verba
821 1572 1120 1630 contempturi
1145 1571 1334 1626 fuerant,
1361 1571 1521 1631 quibus
1540 1585 1589 1614 ea
1606 1578 1752 1613 tamen

357 1643 605 1686 vehementi
633 1643 836 1686 instantia
863 1657 953 1686 non
979 1643 1197 1686 tacebant.
1230 1642 1511 1702 Apertissime
1539 1640 1751 1685 Dominus

360 1711 416 1755 ad
430 1709 699 1755 Ezechielem
721 1712 982 1770 Prophetam
999 1711 1119 1765 dicit,
1145 1730 1165 1753 «
1186 1711 1308 1755 Vade
1321 1720 1364 1755 et
1377 1712 1491 1755 intra
1505 1711 1552 1754 in
1568 1709 1750 1754 domum

361 1800 381 1822 »
409 1781 561 1834 Israel,
581 1790 623 1824 et
639 1780 818 1840 loquere
839 1781 972 1826 verba
994 1797 1088 1826 mea
1111 1781 1167 1825 ad
1188 1783 1300 1841 ipsos
1321 1802 1332 1839 3
1356 1782 1460 1841 quia
1485 1796 1575 1825 non
1592 1779 1648 1824 ad
1670 1794 1752 1838 po-

360 1869 381 1892 »
407 1851 564 1909 pulum
583 1851 743 1908 ignotae
764 1851 927 1910 linguae
946 1861 993 1896 tu
1017 1852 1196 1896 mitteris
1218 1852 1273 1896 ad
1291 1852 1472 1896 domum
1496 1850 1645 1905 Israe'l,
1670 1864 1750 1895 nec

361 1939 382 1961 »
408 1919 463 1964 ad
485 1920 668 1979 populos
683 1920 843 1965 multos
865 1921 1044 1966 diversis
1062 1931 1137 1966 aut
1160 1921 1364 1981 gravibus
1385 1921 1544 1980 linguis
1563 1920 1753 1981 loquen-

361 2009 382 2032 »
408 2000 488 2045 tes,
520 2006 708 2050 quorum
730 1990 861 2035 verba
883 2007 972 2036 non
995 1993 1127 2050 possis
1147 1992 1322 2049 audire3
1341 2001 1386 2036 et
1406 1992 1441 2035 si
1465 1990 1521 2035 ad
1543 1990 1648 2035 tales
1668 1990 1754 2035 mi·

363 2077 383 2101 »
409 2061 554 2104 sissem
591 2069 650 2115 te,
688 2060 870 2105 forsitan
896 2060 1118 2106 audisaesent
1148 2071 1191 2106 te
1225 2081 1233 2106 :
1261 2062 1416 2106 domus
1440 2069 1584 2105 autem
1619 2058 1752 2104 Israel

361 2147 382 2170 »
408 2145 497 2172 non
528 2129 707 2174 audient
738 2140 807 2186 te,
838 2132 941 2190 quia
973 2132 1132 2175 nolunt
1165 2132 1314 2175 audire
1344 2145 1430 2174 me.
1456 2130 1608 2174 Omnis
1637 2129 1754 2173 enim

363 2216 384 2240 »
410 2197 567 2242 domus
610 2199 742 2243 Israel
769 2201 966 2259 inquieto
1007 2210 1050 2244 et
1072 2200 1184 2244 duro
1211 2199 1342 2245 corde
1373 2209 1450 2244 est.
1487 2202 1582 2258 Ego
1606 2207 1754 2242 autem

364 2286 385 2309 »
410 2267 511 2311 dedi
529 2267 683 2312 faeiem
709 2279 829 2314 tuam
849 2269 1008 2314 fortem
1023 2270 1227 2314 adversus
1244 2270 1400 2315 faciem
1415 2284 1582 2324 eorum,
1602 2278 1646 2314 et
1663 2284 1754 2314 cer-

365 2356 385 2379 »
411 2348 558 2382 tamen
586 2349 712 2384 tuum
741 2339 998 2386 confortabo
1018 2340 1221 2386 adversus
1252 2349 1474 2386 certamen
1501 2355 1652 2386 eorum
1669 2341 1701 2384 ².
1730 2357 1751 2385 >o

364 2411 477 2452 Ecce
508 2410 697 2454 mittitur
724 2411 800 2455 Dei
832 2427 995 2466 servus,
1020 2421 1063 2456 et
1091 2413 1150 2457 eis
1179 2412 1300 2472 loqui
1321 2411 1519 2472 jubetur,
1545 2411 1622 2472 qui
1651 2425 1754 2455 eum

365 2493 454 2521 non
477 2489 599 2524 erant
616 2480 831 2536 audituri,
856 2497 907 2526 eo
927 2481 1020 2541 ipso
1042 2483 1228 2528 Domino
1248 2482 1325 2542 qui
1346 2482 1548 2529 mittebat
1567 2492 1612 2528 et
1630 2480 1753 2542 loqui

414 2567 424 2581 ¹
445 2562 629 2603 Matth.1v‚
645 2564 676 2597 3.
691 2581 733 2589 -·
748 2571 761 2587 ²
780 2565 896 2599 Ezech.
923 2566 1024 2607 n1,4.
