1825 3264
341 265 423 306 458
784 274 818 303 s.
854 251 1088 305 aucus-rim
1118 276 1303 304 unacort

338 344 431 401 ipso
452 340 590 394 vobis,
612 340 741 384 etiam
766 340 801 384 si
823 354 963 386 meam
985 341 1356 386 conversationem
1372 342 1553 386 nossetis
1568 376 1581 398 ,
1607 351 1724 387 recte

339 412 590 457 crederetur
603 409 786 455 inimicis
803 411 925 456 mihi.
944 411 1013 456 Ad
1028 411 1388 456 existimationem
1399 412 1628 457 hominum
1640 427 1726 457 ma-

339 498 423 542 gna
444 482 618 525 testium
637 481 713 540 qui
737 496 805 524 me
823 490 1055 536 noverunt,
1075 482 1267 540 suppetit
1285 481 1409 540 copia
1422 501 1438 538 ς
1454 481 1510 526 ad
1532 482 1609 526 Dei
1624 496 1727 527 vero

338 560 619 611 conspectum
645 551 735 595 sola
758 552 1038 606 conscientia,
1064 567 1197 610 quam
1218 559 1370 596 contra
1395 559 1558 595 vestras
1584 552 1729 596 crimi-

339 622 534 666 nationes
551 635 652 664 cum
669 621 932 680 intrepidam
953 636 1116 679 geram,
1142 636 1233 666 non
1248 635 1319 665 me
1334 633 1480 665 tamen
1496 621 1579 665 sub
1593 621 1729 666 oculis

339 688 662 750 Omnipotentis
675 691 911 751 justificare
934 690 1092 746 audeo,
1117 691 1345 750 magisque
1370 690 1426 734 ab
1446 689 1522 735 illo
1543 691 1729 735 affluen-

342 770 429 805 tem
454 761 759 806 misericordiae
781 762 1040 821 largitatem,
1063 776 1195 821 quam
1209 761 1365 822 judicii
1391 776 1610 806 summum
1635 775 1730 806 exa·

341 847 442 875 men
462 841 659 890 expecto,
683 833 878 889 cogitans
892 831 1013 892 quod
1030 831 1238 890 scriptum
1256 839 1321 874 est
1345 850 1353 874 :
1383 849 1404 872 «
1428 832 1541 876 Cum
1557 845 1629 874 rex
1638 831 1728 890 jus·

344 920 363 942 n
394 910 461 944 tus
486 902 646 945 sederit
664 902 709 945 in
732 902 907 954 throno,
929 902 1025 961 quis
1049 901 1306 960 gloriabitur
1323 909 1489 945 castum
1506 915 1550 944 se
1569 901 1731 944 habere

343 989 362 1011 η
388 974 487 1015 cor?
508 981 582 1015 aut
603 973 699 1031 quis
722 971 980 1028 gloriabitur
1004 971 1220 1015 mundum
1238 986 1282 1014 se
1296 986 1386 1014 esse
1408 986 1431 1014 a
1453 971 1688 1030 peccato¹i³
1706 987 1727 1011 »

398 1043 560 1085 XCIII.
599 1041 685 1085 &ed
703 1042 810 1101 quid
828 1043 882 1085 ad
900 1057 989 1085 rem
1009 1043 1131 1100 cujus
1152 1042 1264 1085 inter
1287 1057 1366 1086 nos
1379 1041 1564 1086 vertitur
1586 1055 1731 1101 quaes-

340 1113 416 1165 tio,
441 1111 581 1171 qualis
601 1113 690 1171 ipse
712 1113 818 1156 sim?
842 1128 942 1157 cum
965 1113 1011 1156 iu
1034 1128 1131 1156 area
1156 1113 1376 1156 Dominica
1395 1113 1475 1156 sim
1498 1111 1673 1171 stipula,
1696 1113 1731 1156 si

339 1181 502 1239 malus,
530 1197 730 1240 granum,
755 1184 790 1227 si
813 1184 972 1228 bonus.
999 1186 1086 1228 Vos
1104 1192 1248 1227 tamen
1265 1184 1296 1226 si
1312 1198 1445 1242 grana
1462 1183 1625 1238 essetis,
1650 1197 1730 1242 pa-

340 1253 451 1297 leam
481 1254 783 1307 commixtam,
809 1256 918 1299 sicut
945 1253 1151 1298 admonet
1183 1255 1313 1298 etiam
1336 1255 1428 1313 ipse
1454 1254 1728 1313 Cyprianus,

341 1333 442 1367 ante
466 1333 634 1382 tempus
655 1324 950 1369 ventilationis
968 1340 1059 1369 non
1082 1323 1352 1383 refugeretis.
1378 1323 1566 1368 Proinde
1583 1339 1677 1378 nos,
1696 1324 1732 1368 si

343 1409 472 1453 quem
503 1395 740 1452 reperimus
765 1395 811 1437 in
834 1395 958 1439 vobis
980 1404 1134 1438 notum
1158 1394 1378 1438 hominem
1399 1393 1588 1446 malum,
1613 1402 1731 1438 recte

343 1464 464 1507 vobis
493 1464 732 1523 objicimus,
771 1464 837 1507 lbi
866 1465 981 1507 enim
1008 1473 1094 1507 tota
1119 1464 1314 1507 defensio
1343 1472 1481 1507 vestra
1512 1463 1726 1518 consistit,

344 1535 445 1593 quia
469 1545 694 1594 propterea
725 1551 800 1579 vos
822 1535 1071 1594 separastis,
1101 1550 1156 1578 ne
1182 1534 1422 1578 alienorum
1453 1543 1730 1593 peccatorum

342 1607 598 1663 contagione
635 1606 828 1664 periretis
855 1625 863 1651 :
890 1606 1007 1649 unde
1041 1621 1204 1650 novum
1244 1621 1380 1663 genus
1421 1619 1536 1649 areae
1566 1620 1642 1649 vos
1662 1603 1730 1648 fe-

343 1676 447 1718 cisse
489 1675 755 1731 gloriamini,
782 1685 856 1719 aut
891 1691 990 1734 quae
1027 1675 1169 1719 solum
1212 1675 1403 1720 triticum
1443 1675 1626 1728 habeat,
1657 1683 1732 1718 aut

344 1747 387 1788 in
405 1761 490 1804 qua
519 1744 659 1789 solum
684 1745 873 1788 triticum
904 1754 1124 1803 appareat,
1161 1746 1231 1788 cui
1265 1760 1352 1788 non
1386 1746 1440 1789 sit
1469 1744 1731 1789 necessarius

342 1814 591 1867 ventilator,
620 1814 694 1858 sed
722 1824 1028 1873 perscrutator.
1059 1817 1168 1858 Nam
1188 1823 1231 1858 et
1254 1815 1564 1858 Parmenianus
1593 1823 1732 1858 vester

342 1885 595 1944 praeclaram
616 1894 802 1929 vestram
833 1884 1094 1929 munditiam
1117 1885 1238 1929 velut
1259 1883 1549 1929 immunditiae
1570 1893 1728 1929 nostrae

343 1971 366 1998 a
388 1956 604 1999 contrario
626 1970 881 2014 comparans
896 1957 929 2010 ²,
954 1970 1081 1999 ausus
1099 1964 1163 1998 est
1177 1955 1453 2013 interponere
1474 1954 1733 1998 sententiam

343 2026 568 2084 prophetae
588 2026 802 2079 Jeremiae,
829 2026 906 2069 ubi
928 2027 987 2069 ait
1007 2044 1016 2069 ε
1043 2043 1062 2066 ι(
1082 2025 1197 2077 Quid
1215 2023 1350 2083 paleae
1371 2038 1472 2068 cum
1488 2024 1634 2068 tritico
1648 2025 1692 2068 ³?
1710 2043 1728 2065 n

343 2097 473 2149 Quod
495 2096 570 2140 ille
592 2097 727 2150 dixit,
757 2106 806 2140 ut
833 2096 924 2155 ipsa
946 2095 1109 2140 indicat
1132 2094 1286 2145 lectio,
1324 2095 1528 2140 adversus
1557 2110 1629 2140 eos
1655 2097 1732 2155 qui

347 2165 503 2210 divinis
518 2165 702 2209 oraculis
719 2168 794 2210 su'a
811 2167 976 2210 somnia
991 2165 1293 2226 coaequabant.
1315 2164 1570 2223 Arrogantia
1585 2174 1730 2210 tamen

345 2245 484 2280 vestra
501 2245 546 2280 et
562 2236 777 2281 horrenda
794 2237 998 2296 superbia
1013 2236 1284 2280 Parmeniani
1300 2234 1454 2280 litteris
1468 2235 1728 2290 declaratur,

345 2306 424 2350 ubi
445 2321 521 2351 vos
543 2317 694 2352 contra
719 2308 961 2367 Scripturas
986 2306 1178 2361 divinas,
1208 2315 1250 2350 et
1278 2315 1429 2351 contra
1457 2306 1621 2351 monita
1641 2307 1732 2364 Cy-

343 2376 500 2435 priani,
525 2386 625 2421 ante
644 2378 842 2423 ultimam
865 2377 1192 2422 ventilationem
1208 2392 1340 2438 quam
1362 2377 1554 2422 mundus
1576 2391 1732 2437 expec-

344 2456 422 2501 tat,
448 2457 656 2508 tanquam
679 2458 914 2509 purgatum
938 2465 962 2493 a
984 2448 1108 2508 palea
1128 2449 1321 2493 triticum
1342 2447 1609 2507 praedicavit.

395 2554 402 2568 ¹
431 2549 523 2579 Prov.
544 2560 596 2590 xx,
615 2551 646 2582 8.
663 2567 702 2574 -—
715 2557 726 2573 ²
746 2550 826 2583 Vide
844 2550 900 2584 lib.
923 2560 957 2582 ιιι
974 2554 1087 2583 contra
1105 2549 1362 2592 parmenianum,
1380 2560 1453 2592 cap.
1474 2549 1503 2583 3.
1520 2566 1560 2574 -
1574 2547 1591 2579 6
1608 2551 1726 2581 Jerem.

347 2609 433 2642 utu,
453 2606 504 2633 ¹18.
