1825 3264
330 231 413 272 304
763 244 795 269 s.
831 239 1062 269 Atocs'nm
1096 241 1277 270 zmscom

328 311 402 364 tia,
428 315 526 369 quae
548 308 714 351 utinam
741 306 848 351 mihi
877 307 932 352 ad
964 306 1219 367 explicanda
1251 324 1300 353 ea
1334 324 1433 368 quae
1457 309 1597 354 sentio
1634 323 1714 368 pro

328 377 540 424 desiderio
563 377 828 437 provenisset
852 396 862 423 ε
887 378 962 423 sed
985 380 1187 438 quaedam
1209 379 1442 439 sophistica
1461 388 1504 424 et
1526 378 1715 437 maligna

326 447 557 508 professio,
583 464 682 508 quae
707 448 790 493 sibi
822 449 1040 509 proponit,
1068 464 1158 494 non
1178 464 1229 493 ex
1246 451 1390 494 animo
1404 484 1416 505 ,
1439 448 1514 494 sed
1533 465 1585 493 ex
1605 466 1714 495 con-

327 519 522 565 tentione
544 519 613 564 vel
635 519 867 566 commodo
881 556 893 577 ,
918 536 997 581 pro
1020 521 1221 566 omnibus
1247 530 1291 566 et
1311 531 1461 566 contra
1481 521 1626 566 omnia
1648 519 1715 564 di-

329 605 439 636 cere.
463 594 524 635 De
546 591 626 636 hac
641 591 701 636 ait
723 600 870 637 sancta
895 593 1116 651 Scriptura
1138 611 1146 636 :
1167 611 1187 634 «
1205 592 1290 645 Qui
1311 592 1542 651 sophistice
1565 590 1714 651 loqui-

333 682 351 702 »
378 672 465 716 tur,
487 661 660 707 odibilis
677 672 739 707 est
756 665 786 706 ¹.
818 681 838 703 »
863 663 930 707 Ab
949 663 1028 707 hac
1046 663 1151 706 mihi
1169 662 1340 707 videtur
1361 662 1521 707 Paulus
1542 671 1715 722 aposto-

326 732 394 777 lus
406 734 682 794 juventutem
703 734 919 778 Timothei
938 734 1190 793 prohibere,
1214 734 1288 778 ubi
1306 735 1391 778 ait:
1421 733 1555 779 «Noli
1574 734 1716 778 verbis

330 822 350 844 »
376 804 665 862 contendere3
688 803 742 848 ad
758 804 871 848 nihil
885 804 998 848 enim
1019 804 1125 848 utile
1143 814 1204 849 est
1219 805 1299 849 nisi
1318 805 1371 849 ad
1389 805 1716 848 subversionem

330 891 351 916 »
377 874 692 919 audientium.
718 894 737 917 »
760 877 816 919 Et
831 891 885 919 ne
908 892 931 919 a
954 873 1159 919 facultate
1175 884 1289 919 recte
1305 875 1478 919 dicendi
1501 890 1601 919 eum
1620 890 1716 934 pro·
1782 930 1786 932 Π

326 944 518 988 hibuisse
540 955 784 1004 putaretur,
801 946 1217 1005 continuosubjecit,
1242 968 1253 985 a
1279 946 1387 990 Satis
1409 961 1488 1004 age
1511 954 1553 989 te
1572 945 1715 1004 ipsum

330 1031 351 1056 »
371 1015 644 1074 probabilem
667 1016 912 1074 operarium
936 1015 1204 1071 exhibendo,
1231 1031 1321 1060 non
1356 1017 1683 1059 erubescentem
1701 1049 1712 1070 ,

329 1086 549 1129 »verbum
568 1087 759 1130 veritatis
777 1095 893 1130 recte
907 1095 1179 1131 tractantem.
1202 1104 1221 1127 »
1241 1086 1455 1131 Nimirum
1474 1086 1621 1146 itaque
1636 1085 1717 1130 tibi

324 1157 427 1216 haec
441 1159 573 1202 animi
590 1158 808 1217 subrepsit
835 1158 1027 1212 affectio,
1052 1159 1174 1218 quod
1191 1158 1521 1203 contradicendi
1538 1157 1713 1212 studio,

325 1228 439 1285 (non
456 1245 545 1290 quo
562 1229 621 1273 ita
643 1229 839 1284 sentires,
865 1228 941 1273 sed
959 1244 1047 1289 quo
1065 1245 1088 1272 a
1104 1229 1230 1273 nobis
1248 1229 1534 1273 intentionem
1553 1227 1716 1272 discere

325 1298 511 1344 volentis
534 1309 761 1355 averteres,
782 1302 798 1357 )
817 1300 1074 1359 perhibuisti
1095 1316 1174 1345 nos
1194 1299 1462 1361 eloquentes,
1487 1308 1530 1343 et
1552 1299 1716 1358 vitupe-

326 1371 428 1414 rasti
451 1371 761 1431 eloquentiam.
783 1374 890 1416 Nam
912 1371 1137 1431 quomodo
1155 1382 1197 1416 te
1220 1372 1302 1416 hoc
1324 1388 1374 1415 ex
1399 1371 1544 1415 animo
1565 1369 1716 1414 fecisse

325 1440 516 1497 credam,
537 1457 636 1487 eum
651 1442 781 1486 sciam
801 1442 1174 1502 quemadmodum
1191 1442 1428 1502 praedicare
1445 1440 1614 1486 soleatis
1631 1439 1718 1484 elo-

325 1514 549 1573 quentiam
586 1514 765 1569 Donati,
806 1514 1105 1566 Parmeuiani,
1131 1513 1405 1573 aliorumque
1434 1522 1677 1558 vestrorum
1704 1530 1714 1556 ;

325 1600 412 1643 qua
445 1585 552 1645 quid
590 1595 701 1629 esset
727 1585 904 1641 utilius,
941 1587 975 1630 si
1011 1595 1099 1630 tam
1133 1586 1255 1645 largo
1286 1586 1467 1630 flumine
1505 1601 1582 1645 pro
1610 1599 1716 1644 pace

325 1655 507 1710 Christi,
539 1672 617 1716 pro
655 1657 845 1711 unitate,
871 1658 1075 1711 veritate,
1098 1658 1309 1702 charitate
1335 1656 1597 1717 proflueret?
1632 1655 1715 1701 Sed

324 1725 432 1784 quid
460 1725 514 1770 de
541 1727 632 1771 aliis
666 1727 847 1787 loquar?
887 1731 937 1771 In
968 1737 1008 1771 te
1041 1728 1132 1787 ipso
1155 1743 1301 1772 nonne
1324 1727 1544 1787 aperuisti,
1583 1740 1716 1786 quam

325 1811 413 1841 non
437 1812 489 1840 ex
513 1799 674 1852 animo,
701 1798 775 1842 sed
796 1814 846 1842 ex
867 1800 1148 1843 contentione
1170 1799 1436 1858 vituperator
1467 1798 1600 1842 fueris
1622 1796 1715 1840 elo·

324 1868 540 1926 quentiae3
566 1885 666 1912 cum
690 1878 733 1913 et
755 1879 910 1913 eaetera
933 1886 1032 1930 quae
1070 1870 1273 1928 scripsisti
1313 1884 1387 1927 per
1420 1868 1715 1928 eloquentiam

326 1938 522 1995 suadere,
549 1950 591 1984 et
608 1940 805 1985 eamdem
827 1942 963 2000 ipsam
986 1940 1281 2000 eloquentiam
1309 1940 1565 2000 eloquenter
1587 1954 1716 1982 accu-

326 2025 418 2055 sare
435 2022 618 2056 conatus
640 2015 710 2057 es?

385 2085 461 2127 IV.
502 2086 611 2128 Nam
643 2084 764 2144 quod
801 2094 844 2128 te
877 2084 983 2129 dicis
1016 2104 1023 2128 :
1059 2104 1076 2125 «
1109 2094 1152 2127 et
1182 2093 1273 2128 arte
1303 2083 1477 2127 dicendi
1504 2083 1712 2142 imparem

326 2152 468 2207 nobis,
506 2163 549 2197 et
570 2154 777 2214 exemplis
800 2154 905 2213 legis
933 2154 1178 2199 christianae
1208 2153 1382 2213 penitus
1412 2169 1501 2197 non
1528 2153 1713 2197 instrue-

325 2231 441 2278 tum,
471 2242 489 2264 »
517 2240 605 2284 quo
638 2226 826 2284 pertinet
857 2226 1065 2269 obsecro?
1093 2223 1420 2283 Numquidnam
1452 2235 1493 2267 te
1521 2221 1713 2282 compuli

325 2302 476 2338 contra
499 2309 594 2338 mea
628 2295 785 2354 scripta
820 2295 1075 2352 rescribere3
1107 2303 1149 2338 et
1176 2293 1275 2337 ideo
1306 2294 1541 2337 recusantis
1570 2302 1612 2336 et
1635 2307 1711 2336 ex-

325 2364 513 2408 cusantis
556 2365 648 2409 haec
683 2381 765 2409 vox
800 2368 888 2409 est?
913 2366 955 2410 Si
998 2380 1100 2424 ergo
1140 2364 1311 2423 penitus
1348 2380 1437 2408 non
1479 2364 1712 2408 instructus

327 2449 392 2486 es,
417 2450 495 2478 cur
518 2451 606 2479 non
636 2436 778 2495 potius
813 2445 947 2491 taces,
989 2445 1063 2479 aut
1086 2436 1140 2479 ita
1180 2434 1371 2494 loqueris
1407 2445 1456 2479 ut
1479 2434 1633 2478 instrui
1669 2443 1711 2477 te

325 2502 577 2549 desideres?
615 2525 635 2548 «
673 2509 838 2551 Instare
872 2521 942 2551 me
975 2505 1109 2561 dicis,
1150 2513 1194 2549 et
1235 2519 1472 2564 provocare
1514 2519 1707 2564 semper,

376 2593 383 2609 ¹
414 2587 511 2621 Eccli.
537 2591 731 2631 xxxv11‚23.
750 2598 816 2614 —²
837 2600 856 2623 2
874 2591 953 2623 Tim.
974 2601 1007 2632 n,
1032 2589 1082 2631 ¹4·
