1825 3264
341 287 425 327 466
773 293 806 322 s.
844 293 1073 323 Aneusnm
1107 294 1287 322 muscom

340 361 663 408 damnationem
672 395 682 415 ‚
703 360 748 403 in
760 360 920 419 quibus
934 360 1138 418 leguntur
1150 362 1432 403 Praetextatus
1446 358 1722 402 Assuritanus

337 442 381 477 ct
402 431 644 476 Felicianus
666 431 949 485 Mustitanus‚
973 445 1072 474 cum
1103 430 1286 490 quibus,
1311 437 1362 472 ut
1379 437 1478 472 ante
1498 428 1603 481 dixi,
1626 442 1721 487 pro-

336 501 524 546 consulis
546 499 750 545 adversus
771 515 844 545 eos
864 501 1091 560 impetrata
1104 500 1296 559 jussione
1310 498 1686 544 concordaverunt
1707 518 1720 556 3

334 573 498 617 caeteris
530 572 576 615 in
613 570 766 615 eodem
789 572 1041 616 Maximiani
1065 571 1294 615 schismate
1328 569 1574 614 constitutis
1593 602 1605 623 ‚
1632 567 1724 613 Pri-

335 643 468 686 miani
488 642 617 686 etiam
634 640 979 694 damnatoribus,
1002 649 1175 686 tantum
1195 641 1299 700 quia
1324 655 1415 684 non
1435 637 1724 684 interfuerant

333 711 582 757 Maximiani
614 711 909 766 ordinationi,
946 711 1199 756 dilationem
1233 710 1451 754 dederunt
1481 710 1528 753 in
1569 708 1724 754 eodem

334 782 558 840 Bagaiensi
577 781 760 826 concilio
784 790 903 826 certo
924 781 1011 825 diei
1033 781 1220 825 termino
1240 780 1482 834 definitam,
1507 794 1607 838 quae
1624 793 1724 823 con·

335 853 502 896 tinetur
524 852 588 896 his
608 852 750 896 verbis
776 871 784 895 ς
816 870 835 892 «
859 854 941 895 Eos
964 859 1126 905 autem,
1149 850 1371 909 inquiunt,
1400 864 1509 909 quos
1530 847 1726 906 sacrilegi

339 921 504 965 surculi
527 937 615 965 non
638 921 831 980 polluere
852 921 1061 979 plantaria
1081 955 1092 974 ,
1116 921 1200 964 hoc
1221 929 1306 974 est,
1327 920 1405 979 qui
1427 935 1450 962 a
1472 916 1726 964 Maximiani

336 993 477 1049 capite
492 992 684 1049 proprias
698 1006 850 1034 manus
867 989 1119 1034 verecundo
1131 989 1235 1032 fidei
1251 990 1419 1048 pudore
1434 996 1723 1041 retraxerunt,

338 1059 392 1103 ad
413 1069 594 1103 matrem
625 1059 861 1104 Ecclesiam
888 1060 1026 1103 redire
1048 1060 1334 1118 permisimus.
1363 1063 1581 1112 Quantum
1610 1059 1727 1102 enim

338 1131 393 1173 de
413 1145 583 1174 reorum
608 1139 746 1174 morte
768 1145 1021 1189 purgamur,
1047 1139 1169 1174 tanto
1190 1130 1245 1173 de
1266 1130 1565 1174 innocentium
1582 1129 1727 1173 reditu

338 1198 622 1256 gratulamur.
659 1203 720 1244 Ac
751 1215 806 1244 ne
829 1210 1062 1258 angustum
1091 1199 1377 1244 redeuntibus
1399 1208 1570 1258 tempus
1605 1212 1727 1258 spem

337 1267 484 1312 salutis
507 1278 680 1313 arctatae
703 1268 787 1312 diei
809 1284 1004 1327 pressura
1024 1269 1254 1323 subducat,
1276 1269 1611 1328 agnoscentibus
1625 1269 1727 1327 qui-

339 1338 422 1381 bus
446 1337 575 1393 licet,
606 1339 885 1383 manentibus
918 1339 1266 1398 praecedentibus
1293 1340 1462 1383 statutis
1482 1374 1493 1393 ‚
1518 1338 1728 1382 universis

338 1423 477 1467 usque
509 1408 564 1452 ad
599 1409 715 1452 diem
750 1419 955 1453 octavum
985 1409 1280 1453 Kalendarum
1311 1410 1504 1453 Januarii
1533 1409 1728 1468 proxime

340 1476 588 1521 futurarum
613 1479 843 1535 agnitionis
860 1479 1090 1538 pandimus
1108 1481 1287 1539 januam
1304 1514 1316 1533 ,
1340 1488 1391 1523 ut
1413 1479 1569 1538 integri
1589 1479 1730 1523 hono-

340 1548 397 1589 ris
411 1563 459 1591 ac
476 1546 576 1590 fidei
592 1549 766 1605 regressi
781 1548 971 1592 habeant
983 1549 1291 1593 fundamenta:
1309 1564 1438 1608 quam
1452 1549 1484 1592 si
1498 1549 1729 1608 quisquam

341 1615 510 1673 ingredi
532 1618 775 1675 nequiverit
809 1619 929 1676 pigra
952 1619 1134 1676 segnitia
1152 1653 1166 1673 ,
1187 1619 1291 1663 sciat
1310 1618 1391 1662 sibi
1411 1617 1466 1662 ad
1483 1633 1633 1662 omnes
1651 1632 1728 1662 ve-

341 1685 474 1727 niales
488 1685 630 1728 aditus
648 1701 724 1729 sua
744 1686 970 1731 voluntate
989 1689 1100 1731 viam
1123 1703 1214 1732 esse
1234 1687 1512 1732 subductam.
1533 1687 1730 1732 Manebit

342 1754 459 1796 enim
482 1755 595 1798 circa
618 1769 689 1799 eos
711 1755 826 1799 dicta
848 1757 1061 1801 sententia
1081 1792 1091 1811 ‚
1116 1767 1159 1801 et
1181 1768 1277 1816 post
1297 1759 1588 1817 praestitutum
1610 1758 1726 1802 diem

339 1821 623 1866 redeuntibus
638 1825 720 1868 fixa
738 1826 1044 1883 poenitentia.»

406 1893 481 1934 VI.
509 1895 572 1935 Ex
602 1893 666 1936 his
689 1894 821 1952 igitur
842 1895 1046 1939 omnibus
1069 1897 1276 1955 quoniam
1299 1896 1473 1941 rediisse
1492 1897 1660 1957 aliquos
1674 1895 1730 1941 ad

345 1962 698 2006 communionem
722 1974 907 2008 vestram
929 1981 1008 2010 nec
1025 1981 1100 2010 vos
1118 1968 1284 2025 negatis
1301 2002 1312 2021 ‚
1333 1976 1376 2011 et
1396 1967 1441 2012 in
1457 1977 1547 2012 tam
1567 1967 1731 2011 recenti

345 2032 575 2087 memoria,
601 2033 743 2078 adhuc
762 2035 888 2079 etiam
917 2037 1162 2081 viventibus
1185 2038 1436 2082 hominibus
1457 2072 1468 2092 ‚
1493 2038 1550 2082 de
1570 2038 1729 2097 quibus

344 2102 502 2158 agitur,
517 2102 796 2148 celeberrima
813 2115 856 2150 et
873 2107 986 2150 clara
1009 2108 1163 2152 notitia
1194 2117 1278 2163 est,
1303 2124 1402 2152 cum
1427 2118 1470 2152 et
1487 2107 1550 2152 illi
1572 2108 1731 2168 quibus

344 2170 495 2215 dilatio
516 2173 616 2216 data
638 2183 716 2228 est,
739 2176 1115 2236 (quandoquidem
1138 2177 1248 2222 sicut
1270 2178 1400 2221 verba
1422 2177 1594 2222 concilii
1616 2179 1730 2237 ejus-

346 2240 444 2284 dem
462 2243 556 2286 satis
579 2243 773 2288 indicant
790 2279 800 2298 ‚
826 2260 898 2288 eos
927 2246 979 2289 ad
1003 2257 1181 2290 matrem
1204 2246 1438 2292 Ecclesiam
1462 2248 1600 2291 redire
1622 2249 1727 2292 invi-

347 2319 441 2354 tant
456 2346 467 2365 ‚
488 2321 530 2355 ct
548 2327 697 2356 eorum
720 2323 927 2373 tanquam
946 2315 1001 2359 de
1018 2317 1314 2361 innocentium
1338 2319 1479 2362 reditu
1503 2307 1746 2377 gratulanss

345 2389 432 2435 tur,
456 2384 472 2438 )
494 2392 536 2426 et
560 2383 621 2427 illi
642 2399 750 2443 quos
772 2400 873 2429 curn
906 2387 1168 2431 Maximiano
1202 2387 1322 2432 nulla
1351 2389 1603 2447 interposita
1619 2388 1726 2434 dila-

343 2451 462 2494 tione
499 2452 842 2508 damnaverunt,
877 2465 994 2500 extra
1026 2466 1209 2501 vestram
1246 2457 1481 2502 Ecclesiam
1519 2468 1610 2503 toto
1648 2459 1724 2505 illo

346 2527 539 2577 tempore
573 2522 886 2581 baptizaverint
924 2545 935 2581 ς
971 2525 1058 2569 sive
1089 2542 1226 2585 usque
1260 2527 1315 2570 ad
1350 2527 1467 2571 diem
1510 2527 1726 2573 dilationis

344 2589 519 2644 quando
537 2606 635 2634 cum
653 2594 914 2638 Maximiano
937 2596 1320 2642 communicabant
1340 2631 1351 2651 ‚
1372 2597 1472 2642 etin
1494 2598 1586 2658 ejus
1603 2605 1729 2643 erant
