1825 3264
284 261 447 290 com-na
478 261 743 290 CRESCONU'M
775 262 1062 304 Domus-nu,-
1097 263 1180 291 ΗΒ.
1216 264 1282 291 111.
1392 252 1471 291 391

96 345 118 369 «
144 327 310 371 Gratias
330 341 410 385 ago
433 329 549 381 Deo,
576 326 679 385 quia
698 327 915 370 neminem
937 337 1129 371 vestrum
1159 327 1400 386 baptizavi,
1421 343 1477 372 ne

94 415 115 439 »
142 397 239 457 quis
261 396 376 441 dicat
393 396 513 457 quod
534 397 580 440 in
601 396 778 440 nomine
797 411 895 441 meo
909 397 1145 456 baptizavi¹
1161 413 1169 438 ε
1186 416 1206 438 »
1231 397 1338 457 quid
1359 397 1478 442 aliud

91 467 330 522 insinuans,
345 467 425 512 nisi
447 466 661 526 baptisma
673 466 833 512 Christi
856 467 937 511 nisi
958 469 1047 527 ejus
1069 483 1159 512 non
1181 483 1269 512 esse
1291 468 1336 511 in
1356 469 1479 527 cujus

90 538 266 582 nomine
285 538 442 593 datur,
463 547 507 582 et
527 536 626 582 ideo
646 552 737 582 non
757 537 850 580 fieri
875 537 1028 582 melius
1045 553 1145 582 cum
1157 553 1235 598 per
1253 538 1477 583 meliorem

87 607 235 663 datur,
255 624 336 653 nec
357 606 546 652 deterius
567 621 645 667 per
664 606 938 652 deteriorem.

145 681 249 724 XII.
271 679 469 723 Frustra
459 689 608 738 itaque
623 679 825 738 deinceps
842 678 1025 733 exultaS,
1036 688 1080 722 et
1097 679 1232 723 dicis:
1222 679 1479 737 ·«Sequitur

87 757 137 792 ut
158 749 304 794 omnia
322 749 394 794 illa
414 765 514 809 quae
528 765 552 793 a
574 758 724 794 sancto
741 749 952 794 Petiliano
971 753 1073 807 (seu
1089 749 1321 809 cujuslibet
1339 764 1480 794 sermo

85 821 168 877 est)
182 820 341 879 scripta
356 828 474 874 sunt,
502 829 615 863 recte
637 819 754 863 dicta
775 819 1084 864 concludam.»
1103 823 1201 878 Ipsa
1215 820 1330 863 enim
1350 820 1481 864 verba

83 905 183 949 quae
202 890 323 935 velut
345 898 461 936 recte
486 889 601 934 dicta
623 888 847 934 concludis
869 924 879 942 ,
907 905 995 933 non
1024 905 1069 934 se
1097 898 1213 933 recte
1233 889 1348 933 dicta
1370 904 1480 934 con-

84 960 266 1005 vincunt
285 981 297 1018 3
319 961 422 1021 quia
443 974 524 1004 nec
551 977 571 1001 «
595 960 858 1004 conscientia
885 969 1032 1004 sancte
1050 958 1192 1003 dantis
1214 959 1478 1014 attenditur,

83 1047 183 1092 quae
212 1031 361 1076 abluat
391 1031 640 1090 accipientis
661 1064 672 1084 ,
707 1049 726 1071 »
753 1045 854 1075 cum
891 1030 1111 1075 maculosa
1132 1030 1275 1074 dantis
1308 1029 1481 1075 occulta

83 1112 161 1148 est.
184 1103 253 1147 Ibi
271 1103 434 1157 victus,
454 1117 555 1146 cum
577 1102 747 1146 veritati
770 1103 1043 1162 acquiescere
1061 1100 1300 1156 debuisses,
1324 1101 1377 1144 ad
1398 1101 1481 1145 fal-

82 1188 174 1218 sam
205 1174 296 1233 ejus
328 1173 515 1225 famam,
544 1181 752 1232 tanquam
785 1171 839 1216 ad
862 1171 1095 1230 deceptum
1114 1171 1342 1215 mendacio
1362 1171 1479 1215 infe-

82 1244 206 1289 licem
232 1243 426 1304 judicem
458 1243 730 1302 provocasti:
772 1243 874 1301 quia
903 1258 1046 1302 neque
1072 1242 1313 1286 attenditur
1343 1256 1474 1286 cons-

82 1315 261 1369 cientia,
293 1314 472 1374 quando
497 1312 614 1357 fama
641 1314 732 1372 ejus
761 1312 1019 1367 attenditur,
1045 1322 1089 1356 et
1110 1321 1200 1356 tam
1224 1327 1311 1356 non
1336 1321 1478 1371 potest

84 1385 189 1430 salsa
208 1385 466 1444 cujusquam
486 1383 602 1427 fama
632 1398 763 1443 quam
788 1398 868 1426 nec
895 1382 1007 1426 mala
1029 1383 1116 1427 vita
1137 1383 1324 1442 quisque
1346 1397 1479 1425 mun-

82 1456 174 1501 dari
200 1477 212 1513 3
236 1465 280 1500 et
302 1469 430 1499 nemo
452 1454 585 1498 fidem
615 1454 893 1498 christianam
923 1454 1056 1497 sumit
1085 1454 1140 1497 ab
1165 1453 1341 1497 homine
1361 1487 1372 1506 ,
1398 1467 1478 1496 nec

81 1526 250 1586 perfido
273 1542 354 1571 nec
375 1524 511 1580 fideli,
532 1524 605 1568 sed
631 1523 774 1568 abillo
797 1524 851 1568 de
871 1540 960 1584 quo
982 1525 1193 1583 scriptum
1216 1533 1279 1567 est
1299 1542 1307 1568 :
1327 1542 1346 1564 «
1370 1522 1479 1566 Fide

83 1597 334 1642 »mundans
350 1595 482 1641 corda
497 1610 648 1640 eorum
661 1597 689 1639 ¹.
700 1596 811 1649 »Qui
826 1596 859 1640 si
877 1611 953 1654 per
967 1596 1097 1639 fidem
1113 1594 1236 1639 audit
1253 1593 1362 1654 quid
1381 1609 1478 1638 cre-

81 1668 274 1712 dendum
293 1669 375 1722 sit,
401 1682 501 1711 eum
519 1665 697 1727 quidem
718 1666 930 1721 imitatur,
956 1681 1045 1710 non
1073 1674 1220 1709 tamen
1243 1664 1298 1708 ab
1321 1679 1372 1708 eo
1381 1665 1478 1724 jus-

80 1739 284 1784 tificatur.
310 1741 419 1784 Nam
443 1739 476 1782 si
507 1737 704 1781 minister
724 1736 936 1796 justificat
963 1737 1146 1795 impium
1166 1770 1177 1788 ,
1209 1749 1478 1794 consequens

79 1819 143 1855 est
179 1819 230 1854 ut
260 1810 391 1854 etiam
428 1809 474 1853 in
504 1809 753 1852 ministrum
793 1817 909 1852 recte
943 1807 1147 1851 credatur
1177 1825 1186 1851 :
1223 1805 1475 1864 Apostoliea

79 1881 243 1941 quippe
263 1879 378 1924 clara
395 1888 438 1923 et
460 1888 576 1923 certa
598 1879 811 1923 sententia
825 1886 890 1921 est
911 1896 920 1922 ι
946 1896 965 1918 «
991 1876 1198 1922 Credenti
1219 1876 1266 1920 in
1283 1891 1382 1920 eum
1399 1875 1476 1934 qui

81 1951 328 2011 »justificat
350 1950 533 2009 impium
549 1984 560 2003 ,
592 1949 830 2008 deputatur
847 1947 954 1991 fides
972 1949 1064 2007 ejus
1087 1946 1362 2007 adjustitiam
1387 1948 1419 1989 ³.
1451 1964 1471 1986 »

80 2022 268 2066 Proinde
289 2021 323 2065 si
341 2020 536 2064 minister
558 2033 648 2063 non
676 2018 809 2062 audet
830 2018 973 2062 dicere
999 2037 1007 2062 ;
1027 2017 1168 2062 Crede
1186 2018 1231 2060 in
1253 2031 1322 2060 me
1350 2035 1357 2060 :
1384 2030 1474 2059 non

79 2091 240 2137 audeat
259 2090 421 2136 dicere:
444 2093 465 2134 J
474 2089 698 2134 ustificaris
720 2104 743 2132 a
763 2103 847 2132 me.

136 2165 264 2207 XIII.
282 2164 379 2206 Jam
398 2176 501 2205 vero
524 2158 646 2220 quod
668 2159 865 2218 sequitur
883 2158 923 2202 ⁴:
945 2158 1130 2201 «Omnis
1155 2171 1220 2200 res
1242 2155 1407 2213 origine
1430 2163 1474 2198 et

78 2232 223 2278 radice
241 2232 459 2287 consistit,
479 2240 523 2275 et
542 2231 578 2275 si
597 2239 728 2290 caput
746 2245 835 2273 non
852 2229 1012 2273 habeat
1035 2226 1216 2287 aliquid,
1230 2225 1340 2269 nihil
1354 2234 1417 2268 est
1430 2243 1467 2269 ε»

79 2305 113 2350 si
130 2305 252 2363 origo
274 2312 318 2348 et
340 2303 462 2347 radix
481 2311 524 2346 et
536 2310 669 2361 caput
684 2300 913 2359 baptizati,
938 2299 1158 2358 baptizans
1180 2298 1374 2341 minister
1391 2304 1470 2348 est,

77 2376 275 2421 Christus
296 2389 387 2418 non
412 2382 475 2417 est
500 2393 512 2431 3
547 2374 582 2417 si
604 2372 802 2418 Christus
824 2380 912 2424 est,
945 2370 1018 2414 ille
1044 2385 1133 2414 uon
1162 2378 1241 2412 est.
1275 2367 1472 2425 Denique

78 2461 180 2492 cum
202 2445 399 2490 minister
421 2443 618 2490 occultus
642 2452 706 2488 est
730 2443 868 2487 malus
883 2476 894 2495 ,
919 2458 1018 2501 quae
1043 2441 1181 2499 origo,
1205 2454 1305 2499 quae
1322 2438 1441 2482 radix
1457 2472 1467 2491 ‚

127 2555 136 2570 ¹
163 2559 173 2580 1
195 2550 272 2581 Cor.
295 2559 319 2585 1,
351 2547 460 2589 14—
474 2554 486 2570 2
518 2549 590 2579 Act.
612 2557 662 2587 xv,
682 2557 714 2588 9.
732 2561 772 2568 -
792 2544 804 2567 3
824 2547 918 2578 Rom.
947 2555 989 2582 iv,
1008 2543 1039 2575 5.
1056 2559 1094 2566 --
1110 2542 1125 2572 s·
1152 2543 1228 2575 Vide
1246 2541 1301 2572 lib.
1329 2552 1336 2573 ι
1358 2543 1468 2572 contra

80 2604 225 2637 petilian.
251 2615 323 2646 cap.
345 2603 376 2645 4.
