1825 3264
296 262 458 294 con-riu.
490 262 690 293 nunus
723 264 959 304 mannum,
994 266 1073 293 Lm.
1111 265 1177 291 111.
1365 254 1447 293 159

60 334 177 378 enim
196 332 329 378 verba
343 347 488 376 rursus
505 332 741 390 interrogo,
754 340 798 376 et
814 340 963 375 utrum
982 330 1254 390 responderit
1271 346 1445 391 quaero:

65 422 87 446 «
111 404 154 448 Si
173 402 437 448 conscientia
458 411 606 446 sancte
627 402 770 446 dantis
792 401 1052 456 attenditur,
1077 417 1176 460 quae
1199 401 1349 446 abluat
1374 417 1448 446 ac-

60 472 258 532 cipientis
281 507 292 530 ,
319 491 340 514 »
360 473 454 517 und
475 472 670 516 abluitur
686 471 936 531 accipientis
957 471 1243 525 conscientia,
1269 470 1450 531 quando

60 541 203 588 dantis
217 542 433 588 maculosa
446 543 708 588 conscientia
724 551 804 597 est,
817 551 860 586 et
873 542 958 586 hoc
976 549 1232 600 accepturus
1251 542 1449 599 ignorat?

61 613 131 658 Ad
149 614 234 658 hoc
250 613 501 673 responderi
518 613 724 672 flagitate,
742 612 962 657 neminem
984 611 1133 656 relicta
1154 626 1282 656 causa
1300 612 1449 656 convi-

59 682 173 727 ciose
195 682 371 728 alienari
394 683 631 743 permittite
657 703 666 728 2
707 702 728 725 «
762 684 804 728 Si
829 682 1094 728 conscientia
1127 689 1273 726 sancte
1307 680 1450 725 dantis

58 753 314 809 attenditur,
342 772 363 796 n
386 754 531 799 videte
566 754 671 814 quia
687 769 776 798 non
796 754 912 798 dixi:
939 751 1203 798 conscientia
1221 752 1363 796 dantis
1388 773 1398 809 3
1429 771 1446 792 »

56 821 133 867 sed
145 822 294 868 addidi
316 842 324 868 :
354 843 375 866 «
400 833 547 869 sancte
568 824 739 869 dantis:
768 843 787 865 η
819 843 839 866 «
867 824 910 869 Si
925 823 1187 868 conscientia
1206 855 1217 876 ,
1235 823 1417 882 inquam
1434 856 1446 876 ‚

55 901 203 937 sancte
224 893 367 938 dantis
391 893 654 948 attenditur,
675 909 775 954 quae
797 894 947 938 abluat
964 893 1215 952 accipientis
1242 912 1253 948 3
1285 911 1304 933 »
1330 892 1449 935 unde

54 963 188 1022 igitur
204 963 448 1010 abluendus
469 975 559 1021 est,
585 966 661 1026 qui
682 966 838 1024 accipit
861 965 1126 1025 baptismum
1146 999 1157 1018 ,
1177 978 1278 1008 cum
1303 963 1450 1007 dantis

55 1033 224 1092 polluta
258 1037 519 1081 conscientia
552 1046 643 1093 est,
681 1045 724 1080 et
757 1037 841 1081 hoc
874 1035 948 1080 ille
988 1036 1064 1095 qui
1095 1044 1158 1080 est
1193 1043 1451 1094 accepturus

54 1103 226 1162 ignorat
248 1106 267 1149 i>

114 1176 279 1219 XVIII.
305 1177 387 1220 Eat
410 1190 545 1231 nunc,
586 1185 630 1220 et
662 1176 828 1223 anhelis
852 1174 1138 1235 pulmonibus
1176 1189 1225 1219 ac
1259 1174 1447 1232 turgidis

53 1242 257 1289 faucibus
280 1260 349 1289 me
376 1254 582 1305 tanquam
606 1246 883 1290 dialecticum
911 1245 1167 1290 criminetur
1192 1263 1200 1289 :
1242 1245 1330 1288 imo
1359 1260 1449 1289 non

53 1328 124 1357 me
142 1348 153 1368 ‚
183 1314 259 1358 sed
293 1315 432 1373 ipsam
463 1314 734 1359 dialecticam
756 1315 878 1360 velut
902 1314 1145 1358 mentiendi
1172 1314 1380 1358 artificem
1404 1314 1449 1356 in

51 1384 263 1444 populare
271 1385 486 1446 judicium
511 1400 629 1430 ream
645 1386 845 1440 devocet,
863 1394 905 1429 et
927 1385 974 1428 in
990 1399 1083 1428 eam
1103 1384 1345 1443 quamlibet
1364 1383 1452 1428 fra-

53 1455 274 1514 gosissimo
304 1457 490 1515 strepitu
519 1456 722 1502 advocati
745 1455 925 1502 forensis
952 1471 1027 1500 ora
1061 1455 1296 1500 distendat.
1329 1455 1452 1499 Dicat

50 1526 269 1587 quidquid
286 1528 382 1572 vult
398 1527 517 1587 apud
533 1528 759 1587 imperitos
775 1562 786 1582 ,
816 1527 933 1571 unde
961 1527 1290 1572 stomachentur
1311 1525 1446 1580 docti,

51 1596 295 1642 illudantur
312 1597 494 1643 indocti.
513 1601 586 1643 Me
600 1607 778 1658 propter
796 1598 1075 1651 rhetoricam,
1103 1595 1287 1641 Tertulli
1309 1606 1450 1641 orato-

51 1668 135 1722 riS‚
162 1683 186 1711 a
209 1683 299 1728 quo
322 1677 548 1713 accusatus
574 1678 638 1713 est
669 1668 831 1713 Paulus
856 1671 869 1694 ¹
890 1669 1107 1713 vocabulo
1128 1667 1309 1712 denotet
1333 1686 1343 1712 ε
1369 1667 1449 1711 sibi

50 1746 230 1798 propter
253 1737 582 1784 advocationem
601 1774 611 1793 ,
637 1739 683 1783 in
704 1755 791 1799 qua
814 1739 1054 1798 potentiam
1075 1737 1301 1798 quondam
1323 1743 1447 1782 suam

48 1809 185 1870 jactat
205 1843 216 1865 ,
243 1808 453 1854 Paracleti
475 1825 636 1854 nomen
654 1811 868 1869 imponat,
894 1819 1026 1870 atque
1047 1810 1104 1854 ob
1125 1810 1209 1854 hoc
1225 1824 1269 1854 se
1285 1823 1450 1867 cogno-

51 1880 258 1924 minalem
281 1881 465 1940 Spiritus
481 1881 634 1934 sancti,
658 1896 748 1925 non
770 1896 876 1935 esse,
896 1879 971 1924 sed
995 1879 1127 1924 fuisse
1150 1877 1322 1923 deliret.
1348 1882 1446 1923 Ma-

54 1950 324 1996 nichaeorum
354 1952 653 1995 immunditias
681 1951 966 1996 libentissime
996 1961 1252 2009 exaggeret,
1289 1965 1449 2008 easque

52 2020 100 2064 in
136 2035 205 2064 me
243 2019 444 2066 latrando
475 2022 736 2080 detorquere
758 2030 956 2065 conetur.
993 2024 1249 2078 Ignotorum
1273 2020 1379 2062 mihi
1406 2027 1451 2062 et

53 2104 258 2136 notorum
294 2102 410 2150 gesta
441 2094 591 2136 recitet
623 2092 956 2147 damnatorum,
983 2100 1027 2135 et
1063 2091 1185 2151 quod
1208 2092 1266 2135 ibi
1285 2091 1449 2135 amicus

53 2161 279 2221 quondam
296 2177 419 2206 meus
435 2163 568 2220 magis
586 2162 640 2206 ad
659 2161 958 2206 defensionem
978 2176 1098 2206 suam
1119 2176 1188 2204 me
1209 2160 1452 2205 nominavit

52 2233 294 2287 absentem,
318 2233 364 2277 in
387 2231 649 2278 calumniam
673 2233 944 2292 praejudicati
962 2231 1171 2285 criminis,
1189 2231 1334 2276 nescio
1353 2246 1444 2290 quo

54 2318 170 2349 novo
190 2313 233 2348 et
254 2319 334 2348 suo
348 2305 464 2364 jure,
486 2313 727 2349 convertat.
756 2303 925 2348 Titulos
946 2302 1227 2362 epistolarum
1252 2315 1446 2346 mearum

54 2389 79 2419 a
98 2389 143 2419 se
158 2374 228 2419 vel
253 2389 278 2418 a
299 2375 411 2429 suis,
434 2375 545 2420 sicut
573 2375 634 2419 eis
655 2375 842 2434 placuit,
863 2374 1091 2433 inscriptos
1115 2373 1252 2430 legat,
1286 2382 1329 2416 et
1351 2382 1448 2416 tan-

54 2459 188 2504 quam
223 2459 293 2488 me
323 2444 370 2487 in
397 2445 456 2488 eis
479 2445 859 2502 comprehendisse
886 2460 930 2487 se
954 2444 1108 2502 gestiat
1129 2462 1138 2487 2
1164 2442 1447 2486 confitentem

55 2514 248 2576 eulogias
269 2515 393 2575 panis
419 2514 670 2575 simpliciter
691 2524 736 2560 et
756 2514 948 2560 hilariter
979 2513 1118 2569 datas,
1152 2512 1340 2559 ridiculo
1362 2528 1445 2558 no-

106 2606 118 2624 ¹
135 2602 215 2634 Act,
232 2609 322 2642 xxiv,
344 2609 373 2633 ι.
