1825 3264
0 2253 4 2262 -
0 2202 5 2244 --
0 1992 8 2193 <v—-v
0 1769 19 1983 “t—'‘⁷*'
0 1419 11 1759 της-..ΨΜ
0 1396 4 1409 -

0 2964 12 3264 ——rv--ww—ae-
0 2933 5 2950 <-

304 304 467 334 comm
499 306 762 336 cnnscomou
796 306 1084 347 DONATISTAM‚
1120 309 1202 337 mn.
1238 310 1298 337 ιν.
1424 300 1508 337 519

123 384 192 414 eas
202 369 430 414 invenisse.
456 370 538 415 Cui
553 371 699 416 Victor
714 371 874 416 Aufidii
893 371 1026 417 dixit:
1047 376 1245 417 Mortuus
1273 373 1418 418 fueras
1439 409 1448 429 ,
1472 376 1507 418 si

121 454 212 485 non
221 455 291 484 eas
305 440 551 485 invenisses.
567 440 690 486 Felix
707 451 851 486 autem
865 452 1038 488 curator
1055 458 1154 487 cum
1168 444 1207 487 ei
1219 442 1414 489 dixisset:
1435 448 1509 488 1n-
1567 467 1570 470 ⁴

120 510 246 570 quire
261 509 526 570 diligentius,
553 527 608 556 ne
622 512 729 571 quid
752 513 822 557 hic
846 514 1115 568 remanserit,
1138 513 1351 571 Sylvanus
1370 514 1503 561 dixit:

120 581 238 628 Nihil
264 581 336 626 hic
356 582 580 638 remansit,
605 592 746 628 totum
767 583 850 628 hoc
869 584 1088 643 ejecimus.
1109 603 1130 627 »
1149 585 1260 636 Quae
1272 593 1385 644 gesta
1406 601 1509 630 cum

119 651 237 713 apud
250 661 343 697 acta
363 653 589 713 Zenophili
607 654 842 699 consularis
857 655 1158 710 recitarentur,
1177 652 1325 715 eisque
1343 657 1505 702 insere-

118 733 286 779 rentur,
305 724 419 768 inter
441 723 523 769 alia
540 726 713 770 testium
731 725 868 771 multa
890 725 1169 782 documenta,
1182 728 1381 788 (ltiaesivit
1394 730 1509 773 Con-

116 794 268 839 sularis
294 814 303 840 :
333 814 353 837 «
373 796 487 849 Quid
516 796 847 842 administrabat
862 807 968 842 tunc
986 798 1198 855 Sylvanus
1213 799 1256 843 in
1276 799 1508 845 clericatu?

117 865 267 910 Victor
283 865 528 925 respondit,
554 867 645 911 Sub
670 868 806 912 Paulo
821 869 1024 927 episcopo
1045 878 1139 913 orta
1159 870 1401 927 persecutio
1425 880 1508 926 est,

118 937 331 994 Sylvanus
348 936 641 982 subdiaconus
653 936 750 982 fuit.
770 940 917 983 »Huic
933 948 981 983 tu
997 938 1272 999 publicorum
1289 950 1508 998 gestorum

115 1006 438 1052 evidentissimo
476 1007 764 1063 documento,
791 1000 1029 1069 quominus
1055 1011 1274 1065 credatur,
1299 1025 1509 1069 magnum

115 1076 281 1137 aliquid
310 1078 390 1122 tibi
413 1077 570 1123 videris
592 1093 838 1138 opponere,
864 1080 966 1139 quia
989 1094 1302 1124 commemoras
1329 1095 1506 1126 senten-

115 1149 220 1193 tiam
239 1164 371 1209 quam
395 1148 502 1194 dixit
526 1149 570 1193 in
595 1149 880 1195 Caecilianum
903 1150 1023 1196 velut
1050 1152 1236 1210 puniens
1255 1152 1505 1211 traditores3

113 1234 163 1264 ac
186 1221 501 1279 argumentaris
533 1221 626 1264 fieri
658 1236 746 1266 non
774 1222 988 1281 potuisse,
1009 1231 1058 1266 ut
1087 1222 1411 1278 taditorsuerit,
1429 1225 1506 1283 qui

104 1289 357 1353 *traditionis
384 1299 473 1335 tam
495 1306 669 1336 severus
686 1292 805 1337 ultor
823 1292 1013 1336 extiterit
1032 1312 1040 1337 :
1061 1293 1183 1352 quasi
1200 1293 1364 1353 aliquid
1388 1309 1506 1338 seve-

113 1361 202 1406 rius
223 1361 422 1406 videatur
443 1361 527 1406 illis
551 1363 822 1422 nequissimis
847 1363 1106 1418 senioribus,
1128 1364 1307 1423 quando
1328 1366 1372 1408 in
1388 1364 1504 1409 occi·-

113 1432 302 1477 dendam
329 1434 570 1478 Susannam
598 1442 719 1478 tanta
747 1434 951 1478 instantia
982 1435 1264 1489 saeviebant1,
1297 1450 1397 1479 cum
1426 1451 1503 1480 eo-

111 1517 208 1546 rum
245 1503 507 1547 conscientia
535 1504 627 1563 ipso
661 1503 822 1562 flagitio
853 1502 1100 1560 foderetur,
1133 1504 1253 1564 quod
1278 1520 1321 1548 se
1353 1506 1397 1548 in
1431 1504 1503 1550 illa

111 1573 267 1632 punire
278 1573 389 1618 velle
403 1574 644 1633 fingebant.
673 1574 755 1619 Sed
773 1575 1023 1619 omittamus
1047 1574 1173 1620 talia:
1193 1575 1301 1635 quid
1325 1575 1504 1620 Felicia-

110 1659 207 1699 nuS,
236 1645 453 1704 numquid
489 1661 579 1690 non
614 1661 715 1690 cum
750 1646 969 1691 Primiano
1002 1662 1121 1691 nunc
1150 1646 1356 1702 damnat,
1382 1646 1502 1707 quod

109 1730 210 1760 cum
233 1716 495 1761 Maximiano
517 1717 606 1776 ipse
623 1716 854 1771 commisit,
879 1716 953 1760 sed
976 1717 1105 1776 plane
1127 1716 1305 1761 meliore
1323 1726 1500 1761 senten-

108 1787 167 1830 tia
190 1785 440 1839 correctior,
457 1801 548 1830 non
571 1786 883 1845 impudentior.
911 1787 1040 1840 Quod
1064 1785 1279 1844 Sylvanus
1301 1787 1335 1830 si
1358 1787 1500 1831 facere

107 1854 329 1910 voluisset,
352 1871 440 1900 non
471 1857 517 1900 in
539 1855 774 1901 Caeciliano
799 1855 974 1909 falsam,
1000 1856 1076 1900 sed
1099 1857 1143 1899 in
1174 1871 1218 1900 se
1239 1857 1332 1915 ipso
1351 1871 1500 1901 veram

110 1913 387 1969 traditionem
409 1925 569 1969 salubri
598 1925 903 1970 emendatione
931 1925 1199 1980 damnasset,
1220 1935 1263 1970 et
1284 1925 1339 1971 ad
1361 1928 1498 1972 Caeci-

106 1995 211 2039 liani
229 1995 539 2051 innocentiam,
563 1997 727 2040 etiamsi
751 2012 840 2041 non
863 1997 1090 2057 episcopus
1108 2032 1119 2051 ‚
1144 2007 1290 2041 tamen
1305 2007 1499 2043 correcta

106 2068 318 2127 pravitate
335 2068 552 2112 transisset
572 2085 583 2112 .·
600 2069 711 2113 sicut
726 2068 968 2113 Felicianus
984 2068 1037 2113 ad
1062 2069 1347 2123 Primianum,
1365 2084 1498 2129 quem

107 2138 302 2183 similiter
322 2148 370 2183 ut
389 2138 463 2183 ille
484 2139 767 2184 Caecitianum
790 2139 1071 2184 damnaverat
1094 2141 1387 2195 innocentem,
1414 2156 1496 2200 po-

106 2211 191 2254 tuit
215 2218 360 2254 tamen
383 2211 474 2254 sine
504 2210 674 2256 macula
714 2210 918 2255 Primiani
937 2211 1006 2256 vel
1029 2227 1103 2256 sua
1137 2227 1237 2256 cum
1266 2212 1498 2272 episcopali

109 2280 237 2324 etiam
255 2280 422 2325 honore
442 2281 638 2325 transire.

167 2353 346 2396 LXVII.
374 2354 463 2397 Nec
482 2351 592 2396 illud
607 2353 727 2412 quod
743 2352 832 2396 dixi
859 2371 866 2396 :
900 2371 918 2393 «
946 2353 1098 2397 Nescio
1118 2368 1227 2411 quos
1250 2352 1494 2409 traditores,

107 2436 218 2481 quos
245 2422 374 2466 vestri
406 2423 584 2482 majores
624 2423 886 2481 arguebant,
918 2424 951 2467 si
981 2423 1188 2467 veraciter
1223 2425 1492 2482 arguebant,

109 2492 310 2538 debuisse
330 2494 589 2538 convincere
613 2514 621 2538 :
646 2513 664 2535 »
694 2494 753 2538 sie
779 2494 1014 2553 acceperiS,
1042 2503 1248 2554 tanquam
1275 2496 1355 2539 hoc
1378 2495 1496 2554 apud

109 2578 152 2608 se
179 2563 293 2622 ipsos
319 2563 460 2609 facere
488 2564 735 2609 debuerint.
771 2564 839 2609 Sic
869 2564 985 2607 enim
1016 2565 1248 2623 respondes
1278 2585 1285 2609 :
1318 2584 1334 2605 «
1366 2563 1494 2618 Quod

157 2655 163 2670 ¹
187 2650 250 2680 Dan
282 2659 349 2688 xlii,
368 2648 422 2681 28.
