1825 3264
360 285 441 325 428
791 298 824 323 s.
860 293 1090 323 Acer-snm
1123 296 1303 324 Emscori

358 363 468 407 verit
488 360 648 406 audivi.
670 361 799 414 Quod
816 360 1011 421 profecto
1034 371 1098 406 est
1115 361 1378 417 credibilius,
1400 378 1532 422 quam
1554 363 1638 408 hoc
1657 362 1739 407 ali-

358 447 488 493 quam
527 441 785 492 potestatem
821 435 1061 477 Romanam
1092 433 1247 493 jubere
1282 433 1470 492 potuisse
1487 468 1497 488 ,
1534 435 1741 479 Romanis

356 503 525 562 legibus
553 503 680 546 nimis
702 502 927 548 insolitum
954 522 962 548 2
988 519 1090 548 cum
1113 504 1196 548 hoc
1224 502 1386 547 malum
1403 539 1413 559 ,
1439 506 1551 548 inter
1569 505 1743 550 tothae-

357 588 469 617 reses
490 573 571 617 sub
601 573 833 617 christiano
855 573 1070 617 vocabulo
1097 582 1287 617 errantes
1301 608 1311 628 ,
1335 574 1559 633 proprium
1581 575 1635 618 sit
1650 575 1741 618 hae-

357 644 458 688 resis
480 654 648 688 vestrae.
681 643 805 688 Unde
823 642 930 704 quid
954 644 1151 703 prodest,
1181 643 1299 704 quod
1326 644 1518 688 conciliis
1540 643 1626 688 suis
1657 644 1741 688 hoc

355 716 484 759 vestri
497 715 684 774 episcopi
703 715 974 773 prohibuisse
992 724 1034 759 et
1053 716 1277 759 damnasse
1292 730 1335 759 se
1343 716 1508 775 jactant
1521 715 1631 759 sicut
1651 716 1743 774 ipse

356 786 701 831 commemorasti
718 807 730 843 3
748 800 847 830 cuin
868 795 932 831 tot
950 801 1076 846 rupes
1089 796 1132 831 et
1149 786 1333 845 abrupta
1351 801 1550 831 saxorum
1568 801 1620 830 ex
1630 787 1743 831 Mar-

355 856 528 901 culiano
543 856 616 900 illo
631 856 874 915 magisterio
889 857 1083 916 quotidie
1100 856 1403 901 funestentur?
1415 856 1508 900 Dixi
1520 871 1623 915 ergo
1635 855 1744 916 quid

354 927 409 970 de
438 926 634 971 Marculo
657 925 895 969 audiverim
911 961 921 980 ,
943 936 986 970 et
1008 926 1124 970 unde
1142 927 1224 970 hoc
1251 925 1498 970 credibilius
1524 927 1655 984 possit
1675 926 1743 969 vi-

354 996 442 1041 deri
457 1016 464 1041 :
478 996 584 1056 quid
596 1005 741 1040 autem
751 1012 900 1041 verum
914 997 982 1051 sit,
996 1000 1107 1041 Deus
1123 997 1376 1040 noverit.'De
1394 995 1484 1040 aliis
1502 1005 1648 1040 autem
1667 997 1743 1040 tri-
1792 1034 1795 1041 .
1820 1048 1825 1062 ο

354 1068 456 1121 bus,
481 1083 669 1127 quorum
699 1076 857 1111 mortes
884 1068 1043 1125 pariter
1071 1067 1283 1127 objecisti,
1309 1066 1415 1126 quid
1437 1067 1506 1111 vel
1520 1067 1744 1127 quomodo

355 1138 519 1181 factum
541 1138 610 1190 sit,
633 1138 687 1180 ab
710 1138 767 1181 eis
785 1152 893 1196 quos
912 1152 1035 1181 nosse
1050 1137 1261 1190 existimo,
1283 1138 1420 1181 fateor
1443 1153 1532 1181 non
1545 1137 1740 1197 quaesivi.

413 1210 502 1251 LV.
538 1207 675 1252 Nullis
699 1217 843 1251 tamen
859 1208 984 1252 bonis
1006 1209 1051 1251 in
1074 1207 1296 1253 Catholica
1320 1209 1402 1252 hoc
1425 1207 1582 1267 placet,
1608 1210 1642 1252 si
1667 1223 1743 1252 us-

353 1293 440 1338 que
460 1279 514 1321 ad
538 1287 719 1321 mortem
737 1279 782 1321 in
808 1294 1090 1338 quemquam,
1108 1278 1209 1322 licet
1232 1279 1501 1332 haereticum,
1526 1278 1740 1322 saeviatur.

352 1351 505 1409 Neque
533 1364 651 1403 vero,
677 1349 710 1392 si
731 1348 861 1406 longe
891 1364 913 1391 a
942 1358 1082 1393 morte
1112 1348 1346 1408 cujuslibet
1373 1347 1578 1393 molestiis
1605 1347 1745 1392 libido

353 1417 589 1462 ulciscendi
604 1418 766 1462 malum
783 1433 860 1477 pro
877 1417 992 1462 malo
1010 1419 1238 1473 retribuat,
1257 1418 1550 1477 approbamus
1573 1437 1581 1462 :
1604 1417 1744 1462 multo

354 1489 538 1547 amplius
555 1487 832 1543 detestantes,
860 1489 892 1532 si
911 1503 960 1531 ex
978 1488 1217 1543 occasione,
1245 1487 1363 1532 velut
1387 1504 1464 1548 pro
1486 1489 1651 1532 unitate
1671 1503 1745 1533 co-

353 1557 502 1613 nandi,
523 1559 755 1617 concupita
775 1559 961 1618 quisque
980 1559 1149 1603 auferat
1167 1558 1321 1613 aliena,
1342 1575 1431 1603 non
1456 1558 1528 1602 illa
1550 1574 1649 1618 qum
1664 1558 1745 1602 sub

354 1628 530 1672 nomine
552 1628 755 1672 Ecclesiae
789 1644 878 1672 non
901 1628 1065 1672 debent
1095 1630 1149 1673 ab
1176 1629 1388 1673 haereticis
1414 1627 1638 1688 possideri,
1670 1629 1742 1672 sed
1799 1663 1801 1666 .

354 1714 630 1759 quorumque
653 1700 833 1758 privata.
851 1702 954 1743 Haec
969 1700 1113 1744 omnia
1127 1699 1357 1759 displicent
1373 1699 1513 1755 bonis,
1526 1709 1568 1744 et
1579 1714 1626 1743 ea
1641 1714 1744 1758 pro-

354 1770 505 1812 hibent
523 1778 564 1812 et
582 1769 788 1813 cohibent
806 1778 1019 1828 quantum
1039 1778 1236 1827 possunt,
1257 1778 1471 1828 quantum
1492 1778 1635 1813 autem
1655 1784 1745 1813 non
1795 1806 1798 1810 .

354 1849 535 1899 possunt
556 1841 730 1896 ferunt,
755 1849 798 1884 et
821 1841 932 1884 sieut
955 1839 1066 1895 dixi,
1091 1855 1170 1899 pro
1198 1855 1303 1898 pace
1331 1839 1608 1884 laudabiliter
1631 1840 1741 1884 tole-
1795 1866 1797 1869 -

355 1920 450 1955 rant
470 1946 480 1964 ,
513 1926 602 1954 non
637 1926 685 1954 ea
717 1909 967 1965 laudabilia,
993 1911 1064 1954 sed
1085 1909 1605 1970 damnabiliajudieantes
1629 1929 1637 1955 :
1657 1925 1736 1954 nec
1794 1912 1797 1914 ’

354 1990 530 2040 propter
549 1981 707 2024 zizania
727 1989 915 2039 segetem
937 1981 1112 2035 Christi,
1139 1995 1219 2024 nec
1234 1989 1409 2040 propter
1431 1980 1573 2040 paleas
1603 1995 1744 2025 aream

354 2053 535 2107 Christi,
572 2067 652 2096 nec
686 2061 863 2111 propter
895 2066 993 2095 vasa
1030 2052 1290 2095 inhonorata
1327 2052 1508 2096 domum
1544 2065 1746 2110 magnam

355 2124 530 2178 Christi,
545 2138 624 2167 nec
638 2123 958 2182 propterpisces
969 2121 1105 2166 malos
1123 2123 1228 2166 retia
1240 2122 1399 2167 Christi
1416 2121 1741 2181 derelinquunt.
1789 2127 1825 2165 .-'

415 2195 527 2236 LVI.
563 2196 700 2252 Reges
725 2208 824 2236 cum
847 2193 891 2235 in
918 2207 1062 2236 errore
1079 2201 1205 2247 sunt,
1231 2208 1310 2251 pro
1341 2193 1436 2251 ipso
1459 2207 1602 2237 errore
1632 2191 1746 2249 leges
1790 2251 1791 2255 Ἰ

355 2272 505 2308 contra
527 2264 752 2307 veritatem
766 2261 913 2306 ferunt
930 2283 939 2318 3
957 2277 1054 2306 cum
1065 2261 1297 2305 inveritate
1310 2271 1426 2317 sunt,
1438 2261 1632 2306 similiter
1645 2277 1746 2306 con-

356 2343 420 2378 tra
434 2349 621 2378 errorem
638 2349 716 2392 pro
733 2334 823 2392 ipsa
842 2334 1022 2377 veritate
1040 2333 1283 2377 decernunt
1309 2353 1316 2377 ;
1342 2334 1400 2377 ita
1416 2342 1459 2377 et
1475 2333 1644 2392 legibus
1660 2348 1747 2377 ma-

356 2405 406 2448 lis
429 2405 669 2464 probantur
686 2405 807 2460 boni,
829 2413 872 2448 et
888 2403 1054 2462 legibus
1075 2404 1200 2448 bonis
1222 2403 1511 2448 emendantur
1523 2403 1638 2448 mali.
1656 2407 1747 2447 Rex

357 2475 761 2520 Nabuchodonosor
783 2490 1009 2534 perversus
1032 2473 1171 2534 legem
1191 2490 1346 2519 saevam
1370 2474 1515 2530 dedit,
1540 2484 1590 2519 ut
1610 2475 1746 2518 simu-

359 2543 521 2588 lacrum
548 2544 799 2590 adoraretur
822 2565 830 2589 :
853 2545 968 2590 idem
992 2555 1210 2590 correctus
1233 2560 1439 2600 severam,
1465 2560 1519 2588 ne
1536 2548 1649 2588 Deus
1669 2558 1745 2588 ve-

363 2628 435 2657 rus
458 2613 850 2672 blasphemaretur.
880 2619 930 2660 In
952 2617 1036 2661 hoc
1065 2617 1179 2660 cuim
1205 2631 1353 2673 reges,
1380 2617 1487 2660 sicut
1511 2615 1570 2659 eis
1591 2613 1748 2659 divini·
1784 2659 1789 2678 Ξ
