<?xml version="1.0" encoding="UTF-8"?>
<!DOCTYPE html PUBLIC "-//W3C//DTD XHTML 1.0 Transitional//EN"
    "http://www.w3.org/TR/xhtml1/DTD/xhtml1-transitional.dtd">
<html xmlns="http://www.w3.org/1999/xhtml" xml:lang="en" lang="en">
 <head>
  <title>
</title>
<meta http-equiv="Content-Type" content="text/html;charset=utf-8" />
  <meta name='ocr-system' content='tesseract 3.04.00' />
  <meta name='ocr-capabilities' content='ocr_page ocr_carea ocr_par ocr_line ocrx_word'/>
</head>
<body>
  <div class='ocr_page' id='page_1' title='image "./operaomniaaccura32auguuoft_0030.png"; bbox 0 0 1825 3264; ppageno 0'>
   <div class='ocr_carea' id='block_1_1' title="bbox 331 223 1280 259">
    <p class='ocr_par' dir='ltr' id='par_1_1' title="bbox 331 223 1280 259">
     <span class='ocr_line' id='line_1_1' title="bbox 331 223 1280 259; baseline -0.005 -7"><span class='ocrx_word' id='word_1_1' title='bbox 331 224 384 259; x_wconf 77' lang='lat'>20</span> <span class='ocrx_word' id='word_1_2' title='bbox 767 226 799 250; x_wconf 84' lang='lat' dir='ltr'>s.</span> <span class='ocrx_word' id='word_1_3' title='bbox 836 224 1066 251; x_wconf 54' lang='lat' dir='ltr'>aueusnm</span> <span class='ocrx_word' id='word_1_4' title='bbox 1100 223 1280 250; x_wconf 68' lang='lat' dir='ltr'>ssmscopi</span> 
     </span>
    </p>
   </div>
   <div class='ocr_carea' id='block_1_2' title="bbox 296 283 1709 2450">
    <p class='ocr_par' dir='ltr' id='par_1_2' title="bbox 296 283 1709 2450">
     <span class='ocr_line' id='line_1_2' title="bbox 329 283 1708 354; baseline -0.008 -16"><span class='ocrx_word' id='word_1_5' title='bbox 329 303 479 354; x_wconf 84' lang='lat' dir='ltr'>guttur</span> <span class='ocrx_word' id='word_1_6' title='bbox 498 304 662 342; x_wconf 84' lang='lat' dir='ltr'>eorum,</span> <span class='ocrx_word' id='word_1_7' title='bbox 686 288 804 331; x_wconf 88' lang='lat' dir='ltr'>unde</span> <span class='ocrx_word' id='word_1_8' title='bbox 833 285 1159 330; x_wconf 85' lang='lat' dir='ltr'>mendaciorum</span> <span class='ocrx_word' id='word_1_9' title='bbox 1181 293 1340 328; x_wconf 88' lang='lat' dir='ltr'>mortes</span> <span class='ocrx_word' id='word_1_10' title='bbox 1362 283 1578 326; x_wconf 88' lang='lat' dir='ltr'>exhalant.</span> <span class='ocrx_word' id='word_1_11' title='bbox 1611 301 1631 324; x_wconf 85' lang='lat'>«</span> <span class='ocrx_word' id='word_1_12' title='bbox 1649 284 1708 327; x_wconf 88' lang='lat' dir='ltr'>Os</span> 
     </span>
     <span class='ocr_line' id='line_1_3' title="bbox 331 351 1708 420; baseline -0.007 -16"><span class='ocrx_word' id='word_1_13' title='bbox 331 382 351 405; x_wconf 87' lang='lat'>»</span> <span class='ocrx_word' id='word_1_14' title='bbox 377 363 492 406; x_wconf 89' lang='lat' dir='ltr'>enim</span> <span class='ocrx_word' id='word_1_15' title='bbox 509 360 627 420; x_wconf 90' lang='lat' dir='ltr'>quod</span> <span class='ocrx_word' id='word_1_16' title='bbox 646 357 872 411; x_wconf 80' lang='lat' dir='ltr'><strong>mentitur,</strong></span> <span class='ocrx_word' id='word_1_17' title='bbox 893 354 1048 400; x_wconf 89' lang='lat' dir='ltr'>occidit</span> <span class='ocrx_word' id='word_1_18' title='bbox 1064 356 1252 398; x_wconf 90' lang='lat' dir='ltr'>animam</span> <span class='ocrx_word' id='word_1_19' title='bbox 1274 356 1304 396; x_wconf 88' lang='lat'>¹.</span> <span class='ocrx_word' id='word_1_20' title='bbox 1332 371 1350 393; x_wconf 89' lang='lat'>»</span> <span class='ocrx_word' id='word_1_21' title='bbox 1375 354 1417 396; x_wconf 91' lang='lat' dir='ltr'>Si</span> <span class='ocrx_word' id='word_1_22' title='bbox 1436 361 1582 396; x_wconf 88' lang='lat' dir='ltr'>autem</span> <span class='ocrx_word' id='word_1_23' title='bbox 1598 351 1708 396; x_wconf 90' lang='lat' dir='ltr'>nihil</span> 
     </span>
     <span class='ocr_line' id='line_1_4' title="bbox 327 422 1706 488; baseline -0.009 -10"><span class='ocrx_word' id='word_1_24' title='bbox 327 442 391 477; x_wconf 88' lang='lat' dir='ltr'>est</span> <span class='ocrx_word' id='word_1_25' title='bbox 412 432 551 477; x_wconf 89' lang='lat' dir='ltr'>verius</span> <span class='ocrx_word' id='word_1_26' title='bbox 573 442 706 488; x_wconf 89' lang='lat' dir='ltr'>quam</span> <span class='ocrx_word' id='word_1_27' title='bbox 732 427 778 471; x_wconf 92' lang='lat' dir='ltr'>id</span> <span class='ocrx_word' id='word_1_28' title='bbox 806 425 926 486; x_wconf 90' lang='lat' dir='ltr'>quod</span> <span class='ocrx_word' id='word_1_29' title='bbox 947 425 1056 469; x_wconf 79' lang='lat' dir='ltr'>dixit</span> <span class='ocrx_word' id='word_1_30' title='bbox 1078 425 1273 470; x_wconf 90' lang='lat' dir='ltr'>Christus</span> <span class='ocrx_word' id='word_1_31' title='bbox 1288 458 1299 477; x_wconf 92' lang='lat'>,</span> <span class='ocrx_word' id='word_1_32' title='bbox 1326 422 1563 466; x_wconf 85' lang='lat' dir='ltr'>Ecclesiam</span> <span class='ocrx_word' id='word_1_33' title='bbox 1585 437 1706 466; x_wconf 91' lang='lat' dir='ltr'>suam</span> 
     </span>
     <span class='ocr_line' id='line_1_5' title="bbox 326 491 1709 561; baseline -0.007 -16"><span class='ocrx_word' id='word_1_34' title='bbox 326 518 402 561; x_wconf 88' lang='lat' dir='ltr'>per</span> <span class='ocrx_word' id='word_1_35' title='bbox 444 514 592 545; x_wconf 92' lang='lat' dir='ltr'>omnes</span> <span class='ocrx_word' id='word_1_36' title='bbox 632 507 780 557; x_wconf 84' lang='lat' dir='ltr'><strong>gentes</strong></span> <span class='ocrx_word' id='word_1_37' title='bbox 815 496 1089 555; x_wconf 80' lang='lat' dir='ltr'>incipientem</span> <span class='ocrx_word' id='word_1_38' title='bbox 1121 495 1175 538; x_wconf 89' lang='lat' dir='ltr'>ab</span> <span class='ocrx_word' id='word_1_39' title='bbox 1211 492 1450 537; x_wconf 85' lang='lat' dir='ltr'><strong>Jerusalem</strong></span> <span class='ocrx_word' id='word_1_40' title='bbox 1477 512 1484 536; x_wconf 91' lang='lat'>:</span> <span class='ocrx_word' id='word_1_41' title='bbox 1510 491 1618 535; x_wconf 90' lang='lat' dir='ltr'>nihil</span> <span class='ocrx_word' id='word_1_42' title='bbox 1646 501 1709 536; x_wconf 91' lang='lat' dir='ltr'>est</span> 
     </span>
     <span class='ocr_line' id='line_1_6' title="bbox 326 562 1707 626; baseline -0.007 -11"><span class='ocrx_word' id='word_1_43' title='bbox 326 570 575 615; x_wconf 85' lang='lat' dir='ltr'>mendacius</span> <span class='ocrx_word' id='word_1_44' title='bbox 593 582 726 626; x_wconf 80' lang='lat' dir='ltr'>quam</span> <span class='ocrx_word' id='word_1_45' title='bbox 747 567 793 610; x_wconf 88' lang='lat' dir='ltr'>id</span> <span class='ocrx_word' id='word_1_46' title='bbox 810 565 930 625; x_wconf 89' lang='lat' dir='ltr'>quod</span> <span class='ocrx_word' id='word_1_47' title='bbox 953 563 1112 617; x_wconf 84' lang='lat' dir='ltr'>dicitis,</span> <span class='ocrx_word' id='word_1_48' title='bbox 1132 564 1175 606; x_wconf 87' lang='lat' dir='ltr'>in</span> <span class='ocrx_word' id='word_1_49' title='bbox 1194 572 1315 621; x_wconf 85' lang='lat' dir='ltr'>parte</span> <span class='ocrx_word' id='word_1_50' title='bbox 1333 562 1505 606; x_wconf 86' lang='lat' dir='ltr'>Donati.</span> <span class='ocrx_word' id='word_1_51' title='bbox 1524 562 1707 620; x_wconf 86' lang='lat' dir='ltr'>Linguae</span> 
     </span>
     <span class='ocr_line' id='line_1_7' title="bbox 323 633 1702 693; baseline -0.007 -8"><span class='ocrx_word' id='word_1_52' title='bbox 323 650 468 685; x_wconf 91' lang='lat' dir='ltr'>autem</span> <span class='ocrx_word' id='word_1_53' title='bbox 493 639 653 683; x_wconf 80' lang='lat' dir='ltr'>dolosae</span> <span class='ocrx_word' id='word_1_54' title='bbox 683 646 784 680; x_wconf 86' lang='lat' dir='ltr'>sunt</span> <span class='ocrx_word' id='word_1_55' title='bbox 816 651 988 689; x_wconf 88' lang='lat' dir='ltr'>eorum,</span> <span class='ocrx_word' id='word_1_56' title='bbox 1024 634 1099 693; x_wconf 87' lang='lat' dir='ltr'>qui</span> <span class='ocrx_word' id='word_1_57' title='bbox 1125 648 1224 678; x_wconf 90' lang='lat' dir='ltr'>cum</span> <span class='ocrx_word' id='word_1_58' title='bbox 1254 633 1368 676; x_wconf 74' lang='lat' dir='ltr'>facta</span> <span class='ocrx_word' id='word_1_59' title='bbox 1392 647 1468 676; x_wconf 86' lang='lat' dir='ltr'>sua</span> <span class='ocrx_word' id='word_1_60' title='bbox 1486 633 1702 687; x_wconf 72' lang='lat' dir='ltr'>noverint,</span> 
     </span>
     <span class='ocr_line' id='line_1_8' title="bbox 321 701 1706 766; baseline -0.007 -11"><span class='ocrx_word' id='word_1_61' title='bbox 321 727 409 755; x_wconf 92' lang='lat' dir='ltr'>non</span> <span class='ocrx_word' id='word_1_62' title='bbox 431 709 572 753; x_wconf 89' lang='lat' dir='ltr'>solum</span> <span class='ocrx_word' id='word_1_63' title='bbox 594 723 637 751; x_wconf 89' lang='lat' dir='ltr'>se</span> <span class='ocrx_word' id='word_1_64' title='bbox 659 707 811 751; x_wconf 89' lang='lat' dir='ltr'>dicunt</span> <span class='ocrx_word' id='word_1_65' title='bbox 829 708 967 766; x_wconf 87' lang='lat' dir='ltr'>justos</span> <span class='ocrx_word' id='word_1_66' title='bbox 982 719 1070 748; x_wconf 89' lang='lat' dir='ltr'>esse</span> <span class='ocrx_word' id='word_1_67' title='bbox 1095 705 1289 747; x_wconf 86' lang='lat' dir='ltr'>homines</span> <span class='ocrx_word' id='word_1_68' title='bbox 1303 738 1314 757; x_wconf 93' lang='lat'>,</span> <span class='ocrx_word' id='word_1_69' title='bbox 1339 701 1414 746; x_wconf 90' lang='lat' dir='ltr'>sed</span> <span class='ocrx_word' id='word_1_70' title='bbox 1429 703 1557 746; x_wconf 85' lang='lat' dir='ltr'>etiam</span> <span class='ocrx_word' id='word_1_71' title='bbox 1576 703 1706 762; x_wconf 84' lang='lat' dir='ltr'>justi-</span> 
     </span>
     <span class='ocr_line' id='line_1_9' title="bbox 319 774 1705 835; baseline -0.006 -11"><span class='ocrx_word' id='word_1_72' title='bbox 319 782 516 824; x_wconf 83' lang='lat' dir='ltr'>ficatores</span> <span class='ocrx_word' id='word_1_73' title='bbox 533 778 761 822; x_wconf 87' lang='lat' dir='ltr'>hominum</span> <span class='ocrx_word' id='word_1_74' title='bbox 784 796 792 820; x_wconf 88' lang='lat'>·.</span> <span class='ocrx_word' id='word_1_75' title='bbox 809 776 928 835; x_wconf 90' lang='lat' dir='ltr'>quod</span> <span class='ocrx_word' id='word_1_76' title='bbox 943 775 996 818; x_wconf 92' lang='lat' dir='ltr'>de</span> <span class='ocrx_word' id='word_1_77' title='bbox 1009 790 1096 818; x_wconf 91' lang='lat' dir='ltr'>uno</span> <span class='ocrx_word' id='word_1_78' title='bbox 1114 774 1280 818; x_wconf 87' lang='lat' dir='ltr'>dictum</span> <span class='ocrx_word' id='word_1_79' title='bbox 1293 782 1356 817; x_wconf 83' lang='lat' dir='ltr'>est</span> <span class='ocrx_word' id='word_1_80' title='bbox 1375 792 1383 817; x_wconf 92' lang='lat'>:</span> <span class='ocrx_word' id='word_1_81' title='bbox 1407 792 1427 814; x_wconf 92' lang='lat'>«</span> <span class='ocrx_word' id='word_1_82' title='bbox 1447 774 1531 826; x_wconf 79' lang='lat' dir='ltr'>Qui</span> <span class='ocrx_word' id='word_1_83' title='bbox 1549 774 1705 834; x_wconf 86' lang='lat' dir='ltr'>justifi-</span> 
     </span>
     <span class='ocr_line' id='line_1_10' title="bbox 325 845 1703 907; baseline -0.003 -15"><span class='ocrx_word' id='word_1_84' title='bbox 325 872 342 892; x_wconf 85' lang='lat'>»</span> <span class='ocrx_word' id='word_1_85' title='bbox 379 860 447 894; x_wconf 86' lang='lat' dir='ltr'>cat</span> <span class='ocrx_word' id='word_1_86' title='bbox 470 850 651 907; x_wconf 91' lang='lat' dir='ltr'>impium</span> <span class='ocrx_word' id='word_1_87' title='bbox 666 852 682 873; x_wconf 76' lang='lat'>‘²</span> <span class='ocrx_word' id='word_1_88' title='bbox 705 867 712 891; x_wconf 90' lang='lat'>:</span> <span class='ocrx_word' id='word_1_89' title='bbox 739 866 758 887; x_wconf 93' lang='lat'>»</span> <span class='ocrx_word' id='word_1_90' title='bbox 783 857 825 891; x_wconf 93' lang='lat' dir='ltr'>et</span> <span class='ocrx_word' id='word_1_91' title='bbox 846 848 966 905; x_wconf 87' lang='lat' dir='ltr'>quod</span> <span class='ocrx_word' id='word_1_92' title='bbox 985 847 1190 904; x_wconf 84' lang='lat' dir='ltr'>sitjustus</span> <span class='ocrx_word' id='word_1_93' title='bbox 1209 853 1251 888; x_wconf 88' lang='lat' dir='ltr'>et</span> <span class='ocrx_word' id='word_1_94' title='bbox 1267 845 1507 904; x_wconf 86' lang='lat' dir='ltr'>justificans</span> <span class='ocrx_word' id='word_1_95' title='bbox 1532 846 1563 887; x_wconf 76' lang='lat'>3.</span> <span class='ocrx_word' id='word_1_96' title='bbox 1595 847 1703 889; x_wconf 90' lang='lat' dir='ltr'>Nam</span> 
     </span>
     <span class='ocr_line' id='line_1_11' title="bbox 319 914 1704 977; baseline -0.005 -13"><span class='ocrx_word' id='word_1_97' title='bbox 319 921 373 964; x_wconf 88' lang='lat' dir='ltr'>de</span> <span class='ocrx_word' id='word_1_98' title='bbox 401 935 568 964; x_wconf 85' lang='lat' dir='ltr'>veneno</span> <span class='ocrx_word' id='word_1_99' title='bbox 600 918 821 977; x_wconf 86' lang='lat' dir='ltr'>aspidum,</span> <span class='ocrx_word' id='word_1_100' title='bbox 863 927 904 960; x_wconf 82' lang='lat' dir='ltr'>et</span> <span class='ocrx_word' id='word_1_101' title='bbox 933 931 1005 960; x_wconf 84' lang='lat' dir='ltr'>ore</span> <span class='ocrx_word' id='word_1_102' title='bbox 1027 916 1332 959; x_wconf 84' lang='lat' dir='ltr'>maledictione</span> <span class='ocrx_word' id='word_1_103' title='bbox 1350 924 1394 958; x_wconf 87' lang='lat' dir='ltr'>et</span> <span class='ocrx_word' id='word_1_104' title='bbox 1415 914 1704 958; x_wconf 81' lang='lat' dir='ltr'>amaritudine</span> 
     </span>
     <span class='ocr_line' id='line_1_12' title="bbox 317 984 1702 1049; baseline -0.004 -16"><span class='ocrx_word' id='word_1_105' title='bbox 317 990 464 1049; x_wconf 86' lang='lat' dir='ltr'>pleno,</span> <span class='ocrx_word' id='word_1_106' title='bbox 483 991 581 1032; x_wconf 87' lang='lat' dir='ltr'>satis</span> <span class='ocrx_word' id='word_1_107' title='bbox 595 989 794 1032; x_wconf 79' lang='lat' dir='ltr'>diximus.</span> <span class='ocrx_word' id='word_1_108' title='bbox 817 986 993 1030; x_wconf 84' lang='lat' dir='ltr'>Vcloces</span> <span class='ocrx_word' id='word_1_109' title='bbox 1013 986 1142 1045; x_wconf 89' lang='lat' dir='ltr'>pedes</span> <span class='ocrx_word' id='word_1_110' title='bbox 1159 995 1303 1029; x_wconf 89' lang='lat' dir='ltr'>autem</span> <span class='ocrx_word' id='word_1_111' title='bbox 1313 985 1368 1028; x_wconf 87' lang='lat' dir='ltr'>ad</span> <span class='ocrx_word' id='word_1_112' title='bbox 1382 984 1702 1029; x_wconf 83' lang='lat' dir='ltr'>effundendum</span> 
     </span>
     <span class='ocr_line' id='line_1_13' title="bbox 316 1056 1702 1118; baseline -0.004 -14"><span class='ocrx_word' id='word_1_113' title='bbox 316 1061 587 1118; x_wconf 83' lang='lat' dir='ltr'>sanguinem,</span> <span class='ocrx_word' id='word_1_114' title='bbox 607 1060 735 1102; x_wconf 86' lang='lat' dir='ltr'>etiam</span> <span class='ocrx_word' id='word_1_115' title='bbox 758 1058 1090 1102; x_wconf 80' lang='lat' dir='ltr'>Maximianistas</span> <span class='ocrx_word' id='word_1_116' title='bbox 1113 1057 1273 1101; x_wconf 82' lang='lat' dir='ltr'>habere</span> <span class='ocrx_word' id='word_1_117' title='bbox 1296 1056 1458 1100; x_wconf 82' lang='lat' dir='ltr'>dixistis</span> <span class='ocrx_word' id='word_1_118' title='bbox 1477 1056 1620 1100; x_wconf 91' lang='lat' dir='ltr'>:testis</span> <span class='ocrx_word' id='word_1_119' title='bbox 1638 1063 1702 1098; x_wconf 87' lang='lat' dir='ltr'>est</span> 
     </span>
     <span class='ocr_line' id='line_1_14' title="bbox 316 1126 1696 1188; baseline -0.003 -15"><span class='ocrx_word' id='word_1_120' title='bbox 316 1130 495 1188; x_wconf 85' lang='lat' dir='ltr'>plenarii</span> <span class='ocrx_word' id='word_1_121' title='bbox 519 1128 643 1172; x_wconf 85' lang='lat' dir='ltr'>vestri</span> <span class='ocrx_word' id='word_1_122' title='bbox 671 1127 839 1171; x_wconf 85' lang='lat' dir='ltr'>concilii</span> <span class='ocrx_word' id='word_1_123' title='bbox 869 1127 1082 1170; x_wconf 87' lang='lat' dir='ltr'>sententia</span> <span class='ocrx_word' id='word_1_124' title='bbox 1107 1161 1116 1181; x_wconf 89' lang='lat'>,</span> <span class='ocrx_word' id='word_1_125' title='bbox 1145 1126 1270 1170; x_wconf 84' lang='lat' dir='ltr'>toties</span> <span class='ocrx_word' id='word_1_126' title='bbox 1293 1127 1428 1170; x_wconf 88' lang='lat' dir='ltr'>Gestis</span> <span class='ocrx_word' id='word_1_127' title='bbox 1461 1140 1696 1185; x_wconf 87' lang='lat' dir='ltr'>proconsu-</span> 
     </span>
     <span class='ocr_line' id='line_1_15' title="bbox 311 1196 1696 1256; baseline -0.002 -14"><span class='ocrx_word' id='word_1_128' title='bbox 311 1198 472 1242; x_wconf 83' lang='lat' dir='ltr'>laribus</span> <span class='ocrx_word' id='word_1_129' title='bbox 498 1209 541 1242; x_wconf 88' lang='lat' dir='ltr'>et</span> <span class='ocrx_word' id='word_1_130' title='bbox 565 1197 902 1256; x_wconf 84' lang='lat' dir='ltr'>municipalibus</span> <span class='ocrx_word' id='word_1_131' title='bbox 940 1196 1137 1254; x_wconf 82' lang='lat' dir='ltr'>allegata.</span> <span class='ocrx_word' id='word_1_132' title='bbox 1172 1196 1240 1240; x_wconf 90' lang='lat' dir='ltr'>Illi</span> <span class='ocrx_word' id='word_1_133' title='bbox 1271 1206 1415 1240; x_wconf 84' lang='lat' dir='ltr'>autem</span> <span class='ocrx_word' id='word_1_134' title='bbox 1450 1197 1696 1251; x_wconf 77' lang='lat' dir='ltr'>neminem,</span> 
     </span>
     <span class='ocr_line' id='line_1_16' title="bbox 310 1266 1700 1329; baseline -0.001 -17"><span class='ocrx_word' id='word_1_135' title='bbox 310 1279 525 1329; x_wconf 89' lang='lat' dir='ltr'>quantum</span> <span class='ocrx_word' id='word_1_136' title='bbox 553 1268 775 1321; x_wconf 83' lang='lat' dir='ltr'>audimus,</span> <span class='ocrx_word' id='word_1_137' title='bbox 806 1267 1086 1325; x_wconf 81' lang='lat' dir='ltr'>corporaliter</span> <span class='ocrx_word' id='word_1_138' title='bbox 1117 1267 1386 1310; x_wconf 83' lang='lat' dir='ltr'>occiderunt.</span> <span class='ocrx_word' id='word_1_139' title='bbox 1426 1266 1700 1310; x_wconf 83' lang='lat' dir='ltr'>Intellexistis</span> 
     </span>
     <span class='ocr_line' id='line_1_17' title="bbox 312 1335 1697 1397; baseline -0.001 -15"><span class='ocrx_word' id='word_1_140' title='bbox 312 1354 415 1397; x_wconf 84' lang='lat' dir='ltr'>ergo</span> <span class='ocrx_word' id='word_1_141' title='bbox 433 1339 561 1380; x_wconf 91' lang='lat' dir='ltr'>etiam</span> <span class='ocrx_word' id='word_1_142' title='bbox 575 1336 756 1396; x_wconf 86' lang='lat' dir='ltr'>spiritali</span> <span class='ocrx_word' id='word_1_143' title='bbox 777 1335 896 1379; x_wconf 88' lang='lat' dir='ltr'>caede</span> <span class='ocrx_word' id='word_1_144' title='bbox 914 1336 1155 1379; x_wconf 88' lang='lat' dir='ltr'>animarum</span> <span class='ocrx_word' id='word_1_145' title='bbox 1179 1338 1435 1394; x_wconf 85' lang='lat' dir='ltr'>sanguinem</span> <span class='ocrx_word' id='word_1_146' title='bbox 1454 1336 1580 1380; x_wconf 77' lang='lat' dir='ltr'>fundi</span> <span class='ocrx_word' id='word_1_147' title='bbox 1603 1337 1697 1395; x_wconf 81' lang='lat' dir='ltr'>gla-</span> 
     </span>
     <span class='ocr_line' id='line_1_18' title="bbox 312 1407 1697 1466; baseline 0 -14"><span class='ocrx_word' id='word_1_148' title='bbox 312 1409 384 1453; x_wconf 89' lang='lat' dir='ltr'>dio</span> <span class='ocrx_word' id='word_1_149' title='bbox 399 1409 653 1462; x_wconf 79' lang='lat' dir='ltr'>schismatis,</span> <span class='ocrx_word' id='word_1_150' title='bbox 672 1407 792 1466; x_wconf 83' lang='lat' dir='ltr'>quod</span> <span class='ocrx_word' id='word_1_151' title='bbox 805 1408 850 1450; x_wconf 91' lang='lat' dir='ltr'>in</span> <span class='ocrx_word' id='word_1_152' title='bbox 865 1408 1124 1451; x_wconf 81' lang='lat' dir='ltr'>Maximiano</span> <span class='ocrx_word' id='word_1_153' title='bbox 1146 1407 1393 1451; x_wconf 87' lang='lat' dir='ltr'>damnastis.</span> <span class='ocrx_word' id='word_1_154' title='bbox 1421 1407 1575 1451; x_wconf 89' lang='lat' dir='ltr'>Videte</span> <span class='ocrx_word' id='word_1_155' title='bbox 1594 1424 1697 1466; x_wconf 84' lang='lat' dir='ltr'>ergo</span> 
     </span>
     <span class='ocr_line' id='line_1_19' title="bbox 309 1475 1695 1537; baseline -0.001 -14"><span class='ocrx_word' id='word_1_156' title='bbox 309 1481 342 1524; x_wconf 89' lang='lat' dir='ltr'>si</span> <span class='ocrx_word' id='word_1_157' title='bbox 367 1495 455 1523; x_wconf 91' lang='lat' dir='ltr'>non</span> <span class='ocrx_word' id='word_1_158' title='bbox 477 1480 560 1522; x_wconf 91' lang='lat' dir='ltr'>sint</span> <span class='ocrx_word' id='word_1_159' title='bbox 584 1477 716 1537; x_wconf 90' lang='lat' dir='ltr'>pedes</span> <span class='ocrx_word' id='word_1_160' title='bbox 739 1478 867 1521; x_wconf 87' lang='lat' dir='ltr'>vestri</span> <span class='ocrx_word' id='word_1_161' title='bbox 895 1475 1063 1520; x_wconf 88' lang='lat' dir='ltr'>veloces</span> <span class='ocrx_word' id='word_1_162' title='bbox 1085 1477 1140 1520; x_wconf 88' lang='lat' dir='ltr'>ad</span> <span class='ocrx_word' id='word_1_163' title='bbox 1172 1478 1491 1522; x_wconf 80' lang='lat' dir='ltr'>effundendum</span> <span class='ocrx_word' id='word_1_164' title='bbox 1519 1481 1695 1536; x_wconf 83' lang='lat' dir='ltr'>sangui·</span> 
     </span>
     <span class='ocr_line' id='line_1_20' title="bbox 308 1547 1689 1607; baseline 0.001 -15"><span class='ocrx_word' id='word_1_165' title='bbox 308 1565 406 1593; x_wconf 87' lang='lat' dir='ltr'>nem</span> <span class='ocrx_word' id='word_1_166' title='bbox 421 1584 431 1603; x_wconf 87' lang='lat'>,</span> <span class='ocrx_word' id='word_1_167' title='bbox 464 1564 564 1593; x_wconf 89' lang='lat' dir='ltr'>cum</span> <span class='ocrx_word' id='word_1_168' title='bbox 588 1547 818 1607; x_wconf 78' lang='lat' dir='ltr'>praeciditis</span> <span class='ocrx_word' id='word_1_169' title='bbox 844 1548 1040 1591; x_wconf 87' lang='lat' dir='ltr'>homines</span> <span class='ocrx_word' id='word_1_170' title='bbox 1059 1548 1112 1591; x_wconf 88' lang='lat' dir='ltr'>ab</span> <span class='ocrx_word' id='word_1_171' title='bbox 1136 1549 1302 1592; x_wconf 88' lang='lat' dir='ltr'>unitate</span> <span class='ocrx_word' id='word_1_172' title='bbox 1325 1549 1440 1593; x_wconf 88' lang='lat' dir='ltr'>orbis</span> <span class='ocrx_word' id='word_1_173' title='bbox 1462 1559 1689 1604; x_wconf 86' lang='lat' dir='ltr'>terrarum,</span> 
     </span>
     <span class='ocr_line' id='line_1_21' title="bbox 308 1618 1694 1678; baseline 0.001 -15"><span class='ocrx_word' id='word_1_174' title='bbox 308 1621 341 1663; x_wconf 91' lang='lat' dir='ltr'>si</span> <span class='ocrx_word' id='word_1_175' title='bbox 370 1620 450 1662; x_wconf 90' lang='lat' dir='ltr'>hoc</span> <span class='ocrx_word' id='word_1_176' title='bbox 480 1620 524 1661; x_wconf 88' lang='lat' dir='ltr'>in</span> <span class='ocrx_word' id='word_1_177' title='bbox 553 1618 902 1662; x_wconf 79' lang='lat' dir='ltr'>Maxiamianistis</span> <span class='ocrx_word' id='word_1_178' title='bbox 933 1627 1046 1661; x_wconf 87' lang='lat' dir='ltr'>recte</span> <span class='ocrx_word' id='word_1_179' title='bbox 1067 1619 1249 1672; x_wconf 78' lang='lat' dir='ltr'>dixistis,</span> <span class='ocrx_word' id='word_1_180' title='bbox 1276 1619 1376 1678; x_wconf 85' lang='lat' dir='ltr'>quia</span> <span class='ocrx_word' id='word_1_181' title='bbox 1401 1619 1694 1677; x_wconf 73' lang='lat' dir='ltr'>praeciderunt</span> 
     </span>
     <span class='ocr_line' id='line_1_22' title="bbox 308 1689 1693 1749; baseline 0.001 -16"><span class='ocrx_word' id='word_1_182' title='bbox 308 1690 475 1749; x_wconf 79' lang='lat' dir='ltr'>aliquos</span> <span class='ocrx_word' id='word_1_183' title='bbox 494 1705 514 1732; x_wconf 87' lang='lat' dir='ltr'>a</span> <span class='ocrx_word' id='word_1_184' title='bbox 533 1698 653 1747; x_wconf 83' lang='lat' dir='ltr'>parte</span> <span class='ocrx_word' id='word_1_185' title='bbox 672 1689 841 1732; x_wconf 88' lang='lat' dir='ltr'>Donati.</span> <span class='ocrx_word' id='word_1_186' title='bbox 870 1691 1013 1731; x_wconf 83' lang='lat' dir='ltr'>lta-ne</span> <span class='ocrx_word' id='word_1_187' title='bbox 1032 1704 1108 1732; x_wconf 91' lang='lat' dir='ltr'>nos</span> <span class='ocrx_word' id='word_1_188' title='bbox 1125 1689 1236 1732; x_wconf 85' lang='lat' dir='ltr'>viam</span> <span class='ocrx_word' id='word_1_189' title='bbox 1255 1690 1370 1747; x_wconf 84' lang='lat' dir='ltr'>pacis</span> <span class='ocrx_word' id='word_1_190' title='bbox 1382 1705 1471 1734; x_wconf 89' lang='lat' dir='ltr'>non</span> <span class='ocrx_word' id='word_1_191' title='bbox 1486 1692 1693 1748; x_wconf 83' lang='lat' dir='ltr'>cognovi-</span> 
     </span>
     <span class='ocr_line' id='line_1_23' title="bbox 306 1760 1691 1819; baseline 0.001 -15"><span class='ocrx_word' id='word_1_192' title='bbox 306 1777 402 1804; x_wconf 90' lang='lat' dir='ltr'>mus</span> <span class='ocrx_word' id='word_1_193' title='bbox 418 1797 428 1815; x_wconf 88' lang='lat'>,</span> <span class='ocrx_word' id='word_1_194' title='bbox 462 1762 536 1819; x_wconf 80' lang='lat' dir='ltr'>qui</span> <span class='ocrx_word' id='word_1_195' title='bbox 557 1760 780 1804; x_wconf 86' lang='lat' dir='ltr'>studemus</span> <span class='ocrx_word' id='word_1_196' title='bbox 808 1775 977 1803; x_wconf 82' lang='lat' dir='ltr'>servare</span> <span class='ocrx_word' id='word_1_197' title='bbox 1007 1761 1218 1804; x_wconf 85' lang='lat' dir='ltr'>unitatem</span> <span class='ocrx_word' id='word_1_198' title='bbox 1252 1761 1423 1819; x_wconf 89' lang='lat' dir='ltr'>spiritus</span> <span class='ocrx_word' id='word_1_199' title='bbox 1447 1763 1492 1805; x_wconf 91' lang='lat' dir='ltr'>in</span> <span class='ocrx_word' id='word_1_200' title='bbox 1514 1762 1691 1807; x_wconf 89' lang='lat' dir='ltr'>vinculo</span> 
     </span>
     <span class='ocr_line' id='line_1_24' title="bbox 304 1831 1688 1892; baseline 0.002 -17"><span class='ocrx_word' id='word_1_201' title='bbox 304 1833 442 1890; x_wconf 77' lang='lat' dir='ltr'>pacis3</span> <span class='ocrx_word' id='word_1_202' title='bbox 461 1841 503 1874; x_wconf 87' lang='lat' dir='ltr'>et</span> <span class='ocrx_word' id='word_1_203' title='bbox 521 1847 595 1874; x_wconf 88' lang='lat' dir='ltr'>vos</span> <span class='ocrx_word' id='word_1_204' title='bbox 615 1846 707 1874; x_wconf 82' lang='lat' dir='ltr'>eam</span> <span class='ocrx_word' id='word_1_205' title='bbox 724 1831 872 1884; x_wconf 87' lang='lat' dir='ltr'>nostis,</span> <span class='ocrx_word' id='word_1_206' title='bbox 899 1832 972 1887; x_wconf 74' lang='lat' dir='ltr'>qui</span> <span class='ocrx_word' id='word_1_207' title='bbox 991 1832 1178 1874; x_wconf 90' lang='lat' dir='ltr'>sermoni</span> <span class='ocrx_word' id='word_1_208' title='bbox 1201 1832 1361 1876; x_wconf 90' lang='lat' dir='ltr'>Christi</span> <span class='ocrx_word' id='word_1_209' title='bbox 1384 1848 1516 1892; x_wconf 90' lang='lat' dir='ltr'>quem</span> <span class='ocrx_word' id='word_1_210' title='bbox 1536 1834 1688 1878; x_wconf 82' lang='lat' dir='ltr'>habuit</span> 
     </span>
     <span class='ocr_line' id='line_1_25' title="bbox 305 1901 1688 1962; baseline 0.002 -17"><span class='ocrx_word' id='word_1_211' title='bbox 305 1912 400 1960; x_wconf 91' lang='lat' dir='ltr'>post</span> <span class='ocrx_word' id='word_1_212' title='bbox 422 1903 778 1945; x_wconf 87' lang='lat' dir='ltr'>resurrectionem</span> <span class='ocrx_word' id='word_1_213' title='bbox 801 1917 901 1945; x_wconf 88' lang='lat' dir='ltr'>cum</span> <span class='ocrx_word' id='word_1_214' title='bbox 927 1901 1151 1960; x_wconf 81' lang='lat' dir='ltr'>Discipulis</span> <span class='ocrx_word' id='word_1_215' title='bbox 1170 1903 1272 1956; x_wconf 86' lang='lat' dir='ltr'>suis,</span> <span class='ocrx_word' id='word_1_216' title='bbox 1304 1912 1390 1946; x_wconf 87' lang='lat' dir='ltr'>tam</span> <span class='ocrx_word' id='word_1_217' title='bbox 1414 1903 1610 1962; x_wconf 83' lang='lat' dir='ltr'>pacifico,</span> <span class='ocrx_word' id='word_1_218' title='bbox 1639 1915 1688 1948; x_wconf 91' lang='lat' dir='ltr'>ut</span> 
     </span>
     <span class='ocr_line' id='line_1_26' title="bbox 301 1971 1682 2029; baseline 0.003 -15"><span class='ocrx_word' id='word_1_219' title='bbox 301 1972 404 2015; x_wconf 86' lang='lat' dir='ltr'>inde</span> <span class='ocrx_word' id='word_1_220' title='bbox 432 1972 641 2029; x_wconf 87' lang='lat' dir='ltr'>inciperet</span> <span class='ocrx_word' id='word_1_221' title='bbox 673 1971 821 2014; x_wconf 89' lang='lat' dir='ltr'>dicens</span> <span class='ocrx_word' id='word_1_222' title='bbox 851 1991 858 2014; x_wconf 92' lang='lat'>:</span> <span class='ocrx_word' id='word_1_223' title='bbox 893 1991 910 2011; x_wconf 92' lang='lat'>«</span> <span class='ocrx_word' id='word_1_224' title='bbox 935 1975 1020 2014; x_wconf 74' lang='lat' dir='ltr'>Pax</span> <span class='ocrx_word' id='word_1_225' title='bbox 1044 1972 1266 2016; x_wconf 88' lang='lat' dir='ltr'>vobiscum</span> <span class='ocrx_word' id='word_1_226' title='bbox 1287 1974 1318 2027; x_wconf 67' lang='lat'>4,</span> <span class='ocrx_word' id='word_1_227' title='bbox 1351 1992 1370 2014; x_wconf 89' lang='lat'>»</span> <span class='ocrx_word' id='word_1_228' title='bbox 1397 1974 1453 2017; x_wconf 86' lang='lat' dir='ltr'>ita</span> <span class='ocrx_word' id='word_1_229' title='bbox 1475 1974 1682 2023; x_wconf 77' lang='lat' dir='ltr'>resistitis,</span> 
     </span>
     <span class='ocr_line' id='line_1_27' title="bbox 301 2040 1686 2104; baseline 0.004 -20"><span class='ocrx_word' id='word_1_230' title='bbox 301 2052 351 2085; x_wconf 92' lang='lat' dir='ltr'>ut</span> <span class='ocrx_word' id='word_1_231' title='bbox 371 2041 477 2084; x_wconf 88' lang='lat' dir='ltr'>nihil</span> <span class='ocrx_word' id='word_1_232' title='bbox 495 2040 611 2085; x_wconf 82' lang='lat' dir='ltr'>aliud</span> <span class='ocrx_word' id='word_1_233' title='bbox 631 2056 763 2100; x_wconf 85' lang='lat' dir='ltr'>quam</span> <span class='ocrx_word' id='word_1_234' title='bbox 782 2042 864 2085; x_wconf 92' lang='lat' dir='ltr'>hoc</span> <span class='ocrx_word' id='word_1_235' title='bbox 882 2042 921 2084; x_wconf 88' lang='lat' dir='ltr'>ei</span> <span class='ocrx_word' id='word_1_236' title='bbox 941 2042 1085 2085; x_wconf 89' lang='lat' dir='ltr'>dicere</span> <span class='ocrx_word' id='word_1_237' title='bbox 1108 2044 1427 2087; x_wconf 88' lang='lat' dir='ltr'>convincamini</span> <span class='ocrx_word' id='word_1_238' title='bbox 1444 2063 1453 2088; x_wconf 72' lang='grc' dir='ltr'><strong><em>ι</em></strong></span> <span class='ocrx_word' id='word_1_239' title='bbox 1481 2047 1546 2089; x_wconf 88' lang='lat' dir='ltr'>Tu</span> <span class='ocrx_word' id='word_1_240' title='bbox 1565 2045 1686 2104; x_wconf 90' lang='lat' dir='ltr'>quod</span> 
     </span>
     <span class='ocr_line' id='line_1_28' title="bbox 301 2110 1689 2174; baseline 0.004 -21"><span class='ocrx_word' id='word_1_241' title='bbox 301 2110 443 2154; x_wconf 77' lang='lat' dir='ltr'>dixisti</span> <span class='ocrx_word' id='word_1_242' title='bbox 461 2110 514 2153; x_wconf 91' lang='lat' dir='ltr'>de</span> <span class='ocrx_word' id='word_1_243' title='bbox 532 2110 699 2153; x_wconf 86' lang='lat' dir='ltr'>unitate</span> <span class='ocrx_word' id='word_1_244' title='bbox 719 2111 912 2153; x_wconf 90' lang='lat' dir='ltr'>omnium</span> <span class='ocrx_word' id='word_1_245' title='bbox 937 2111 1149 2167; x_wconf 82' lang='lat' dir='ltr'>gentium,</span> <span class='ocrx_word' id='word_1_246' title='bbox 1170 2112 1329 2155; x_wconf 85' lang='lat' dir='ltr'>falsum</span> <span class='ocrx_word' id='word_1_247' title='bbox 1352 2122 1441 2163; x_wconf 82' lang='lat' dir='ltr'>est3</span> <span class='ocrx_word' id='word_1_248' title='bbox 1467 2129 1545 2158; x_wconf 90' lang='lat' dir='ltr'>nos</span> <span class='ocrx_word' id='word_1_249' title='bbox 1565 2110 1689 2174; x_wconf 39' lang='lat' dir='ltr'>quod*</span> 
     </span>
     <span class='ocr_line' id='line_1_29' title="bbox 300 2180 1684 2238; baseline 0.003 -14"><span class='ocrx_word' id='word_1_250' title='bbox 300 2180 483 2224; x_wconf 89' lang='lat' dir='ltr'>dicimus</span> <span class='ocrx_word' id='word_1_251' title='bbox 496 2180 550 2223; x_wconf 93' lang='lat' dir='ltr'>de</span> <span class='ocrx_word' id='word_1_252' title='bbox 566 2180 744 2223; x_wconf 88' lang='lat' dir='ltr'>erimine</span> <span class='ocrx_word' id='word_1_253' title='bbox 763 2180 957 2223; x_wconf 91' lang='lat' dir='ltr'>omnium</span> <span class='ocrx_word' id='word_1_254' title='bbox 973 2181 1185 2238; x_wconf 79' lang='lat' dir='ltr'>gentium,</span> <span class='ocrx_word' id='word_1_255' title='bbox 1205 2197 1354 2226; x_wconf 89' lang='lat' dir='ltr'>verum</span> <span class='ocrx_word' id='word_1_256' title='bbox 1369 2185 1459 2226; x_wconf 82' lang='lat' dir='ltr'>est?</span> <span class='ocrx_word' id='word_1_257' title='bbox 1474 2184 1557 2236; x_wconf 89' lang='lat' dir='ltr'>Qui</span> <span class='ocrx_word' id='word_1_258' title='bbox 1571 2185 1684 2228; x_wconf 89' lang='lat' dir='ltr'>dice-</span> 
     </span>
     <span class='ocr_line' id='line_1_30' title="bbox 298 2249 1683 2303; baseline 0.004 -10"><span class='ocrx_word' id='word_1_259' title='bbox 298 2259 396 2293; x_wconf 89' lang='lat' dir='ltr'>rent</span> <span class='ocrx_word' id='word_1_260' title='bbox 432 2251 532 2303; x_wconf 89' lang='lat' dir='ltr'>ista‚</span> <span class='ocrx_word' id='word_1_261' title='bbox 568 2250 600 2292; x_wconf 91' lang='lat' dir='ltr'>si</span> <span class='ocrx_word' id='word_1_262' title='bbox 634 2258 742 2292; x_wconf 88' lang='lat' dir='ltr'>esset</span> <span class='ocrx_word' id='word_1_263' title='bbox 781 2249 911 2293; x_wconf 87' lang='lat' dir='ltr'>timor</span> <span class='ocrx_word' id='word_1_264' title='bbox 942 2251 1017 2293; x_wconf 93' lang='lat' dir='ltr'>Dei</span> <span class='ocrx_word' id='word_1_265' title='bbox 1046 2259 1146 2294; x_wconf 89' lang='lat' dir='ltr'>ante</span> <span class='ocrx_word' id='word_1_266' title='bbox 1169 2252 1320 2296; x_wconf 92' lang='lat' dir='ltr'>oculos</span> <span class='ocrx_word' id='word_1_267' title='bbox 1335 2254 1683 2298; x_wconf 82' lang='lat' dir='ltr'>eorum?Videte</span> 
     </span>
     <span class='ocr_line' id='line_1_31' title="bbox 296 2318 1682 2379; baseline 0.004 -16"><span class='ocrx_word' id='word_1_268' title='bbox 296 2321 442 2379; x_wconf 84' lang='lat' dir='ltr'>itaque</span> <span class='ocrx_word' id='word_1_269' title='bbox 466 2321 499 2363; x_wconf 89' lang='lat' dir='ltr'>si</span> <span class='ocrx_word' id='word_1_270' title='bbox 531 2335 619 2363; x_wconf 90' lang='lat' dir='ltr'>non</span> <span class='ocrx_word' id='word_1_271' title='bbox 647 2319 724 2362; x_wconf 88' lang='lat' dir='ltr'>ista</span> <span class='ocrx_word' id='word_1_272' title='bbox 747 2319 942 2377; x_wconf 81' lang='lat' dir='ltr'>quotidie</span> <span class='ocrx_word' id='word_1_273' title='bbox 963 2318 1150 2364; x_wconf 88' lang='lat' dir='ltr'>dicendo</span> <span class='ocrx_word' id='word_1_274' title='bbox 1175 2321 1347 2379; x_wconf 86' lang='lat' dir='ltr'>plebem</span> <span class='ocrx_word' id='word_1_275' title='bbox 1380 2323 1455 2366; x_wconf 93' lang='lat' dir='ltr'>Dei</span> <span class='ocrx_word' id='word_1_276' title='bbox 1478 2323 1682 2368; x_wconf 80' lang='lat' dir='ltr'>diffusam</span> 
     </span>
     <span class='ocr_line' id='line_1_32' title="bbox 301 2390 1681 2450; baseline 0.004 -18"><span class='ocrx_word' id='word_1_277' title='bbox 301 2399 392 2434; x_wconf 90' lang='lat' dir='ltr'>toto</span> <span class='ocrx_word' id='word_1_278' title='bbox 417 2391 522 2433; x_wconf 83' lang='lat' dir='ltr'>orbe</span> <span class='ocrx_word' id='word_1_279' title='bbox 545 2399 757 2433; x_wconf 84' lang='lat' dir='ltr'>terrarum</span> <span class='ocrx_word' id='word_1_280' title='bbox 774 2423 785 2443; x_wconf 87' lang='lat'>‚</span> <span class='ocrx_word' id='word_1_281' title='bbox 805 2398 1009 2448; x_wconf 81' lang='lat' dir='ltr'>tanquam</span> <span class='ocrx_word' id='word_1_282' title='bbox 1033 2390 1181 2434; x_wconf 89' lang='lat' dir='ltr'>cibum</span> <span class='ocrx_word' id='word_1_283' title='bbox 1199 2392 1321 2450; x_wconf 88' lang='lat' dir='ltr'>panis</span> <span class='ocrx_word' id='word_1_284' title='bbox 1337 2393 1542 2438; x_wconf 80' lang='lat' dir='ltr'>dentibus</span> <span class='ocrx_word' id='word_1_285' title='bbox 1558 2395 1681 2438; x_wconf 86' lang='lat' dir='ltr'>finire</span> 
     </span>
    </p>
   </div>
   <div class='ocr_carea' id='block_1_3' title="bbox 300 2461 1535 2591">
    <p class='ocr_par' dir='ltr' id='par_1_3' title="bbox 300 2461 1535 2591">
     <span class='ocr_line' id='line_1_33' title="bbox 300 2461 529 2503; baseline -0.009 0"><span class='ocrx_word' id='word_1_286' title='bbox 300 2461 529 2503; x_wconf 79' lang='lat' dir='ltr'>conamini.</span> 
     </span>
     <span class='ocr_line' id='line_1_34' title="bbox 350 2543 1535 2591; baseline 0.006 -18"><span class='ocrx_word' id='word_1_287' title='bbox 350 2551 355 2565; x_wconf 91' lang='lat'>¹</span> <span class='ocrx_word' id='word_1_288' title='bbox 381 2546 451 2584; x_wconf 72' lang='lat' dir='ltr'>Sap.</span> <span class='ocrx_word' id='word_1_289' title='bbox 474 2554 495 2581; x_wconf 83' lang='grc' dir='ltr'>ι,</span> <span class='ocrx_word' id='word_1_290' title='bbox 522 2554 568 2573; x_wconf 85' lang='grc' dir='ltr'>ιι.</span> <span class='ocrx_word' id='word_1_291' title='bbox 590 2560 627 2565; x_wconf 87' lang='grc'>-</span> <span class='ocrx_word' id='word_1_292' title='bbox 648 2549 658 2563; x_wconf 84' lang='lat'>²</span> <span class='ocrx_word' id='word_1_293' title='bbox 681 2545 769 2574; x_wconf 83' lang='lat' dir='ltr'>Rom.</span> <span class='ocrx_word' id='word_1_294' title='bbox 792 2554 834 2582; x_wconf 71' lang='lat' dir='ltr'>iv,</span> <span class='ocrx_word' id='word_1_295' title='bbox 853 2543 871 2573; x_wconf 71' lang='grc' dir='ltr'>ὁ</span> <span class='ocrx_word' id='word_1_296' title='bbox 904 2559 940 2565; x_wconf 78' lang='lat'><em>—</em></span> <span class='ocrx_word' id='word_1_297' title='bbox 962 2543 1035 2575; x_wconf 78' lang='lat' dir='ltr'>³1d.</span> <span class='ocrx_word' id='word_1_298' title='bbox 1057 2555 1101 2585; x_wconf 83' lang='lat' dir='ltr'>in,</span> <span class='ocrx_word' id='word_1_299' title='bbox 1121 2545 1497 2591; x_wconf 59' lang='lat' dir='ltr'>26.-2J0an.x,19.</span> <span class='ocrx_word' id='word_1_300' title='bbox 1530 2552 1535 2555; x_wconf 69' lang='grc'><strong>“</strong></span> 
     </span>
    </p>
   </div>
   <div class='ocr_carea' id='block_1_4' title="bbox 1766 0 1825 3264">
    <p class='ocr_par' dir='ltr' id='par_1_4' title="bbox 1766 0 1825 3264">
     <span class='ocr_line' id='line_1_35' title="bbox 1766 0 1825 3264; baseline 0 0"><span class='ocrx_word' id='word_1_301' title='bbox 1766 0 1825 3264; x_wconf 95' lang='lat' dir='ltr'> </span> 
     </span>
    </p>
   </div>
  </div>
 </body>
</html>
