1825 3264
308 265 391 306 478
742 276 777 303 s.
812 272 1043 303 AL'GL'STINI
1075 274 1256 302 Emscom

305 352 349 387 et
371 341 476 385 falsa
493 339 662 400 jactetis
681 359 694 397 ς
713 347 757 383 et
775 339 997 398 quomodo
1014 354 1058 382 se
1073 337 1184 382 illud
1201 336 1361 381 habeat
1376 370 1389 390 ,
1412 344 1528 381 certe
1552 335 1689 381 Maxi-

306 410 593 455 mianensium
625 408 835 467 sacrilegii
862 409 1042 453 crimine
1064 407 1269 451 damnata
1291 406 1554 450 conscientia
1586 406 1690 450 dare

307 481 450 540 potuit
478 480 767 539 baptismum,
801 494 933 539 quem
965 477 1207 522 rescindere
1237 477 1457 531 timuistis,
1483 486 1527 520 et
1559 490 1691 534 quem

309 550 402 595 dari
434 550 564 594 etiam
595 565 618 594 a
648 549 996 608 persecutoribus
1029 562 1151 606 posse
1173 561 1250 607 per
1275 561 1350 591 vos
1379 560 1555 606 quoque
1579 545 1692 604 ipsos

309 620 517 672 docetur,
541 619 618 679 qui
635 618 810 663 eosdem
830 618 1188 663 Maximianenses
1212 617 1418 660 acerrime
1449 614 1690 674 persecuti,

309 706 398 735 non
415 689 555 734 solum
578 689 820 748 baptizatis,
841 689 916 733 sed
938 703 1013 733 vos
1035 687 1147 732 solos
1165 687 1384 746 baptizare
1408 686 1567 730 debere
1588 700 1695 730 con-

311 759 502 804 tenditis.

368 831 533 873 XVIII.
572 827 682 872 Dicis
705 828 750 871 in
786 831 900 886 Lege
931 827 1142 885 scriptum
1172 845 1180 870 2
1221 845 1240 867 «
1277 825 1435 869 Oleum
1459 824 1696 883 peccatoris

317 917 338 940 »
357 899 459 943 nolo
475 908 642 956 unguat
659 891 791 957 caput
813 913 960 940 meum
981 900 1011 941 ¹.
1041 916 1060 938 »
1083 896 1210 949 Quod
1234 912 1376 955 neque
1397 897 1458 940 ita
1489 895 1698 953 scriptum

314 979 378 1014 est
392 1004 404 1024 ,
429 985 509 1014 nec
531 969 640 1013 sicut
657 978 783 1027 putas
804 967 1153 1026 intelligendum.
1180 968 1264 1012 Sed
1287 965 1504 1026 numquid
1524 981 1613 1010 non
1635 971 1700 1008 est

312 1038 457 1083 oleum
478 1038 710 1096 peccatoris
732 1036 878 1081 oleum
899 1037 1204 1095 sacrilegorum
1239 1037 1487 1081 Praetextati
1513 1044 1558 1080 et
1582 1033 1699 1079 Feli-

314 1109 459 1153 ciani?
489 1108 599 1152 Dicis
621 1107 725 1151 item
742 1107 952 1165 scriptum
969 1122 1057 1150 esse
1084 1126 1093 1152 ι
1122 1126 1143 1149 «
1169 1107 1252 1160 Qui
1280 1107 1525 1166 baptizatur
1547 1121 1570 1149 a
1588 1119 1701 1150 mor-

318 1196 339 1219 »
365 1187 458 1232 tuo,
482 1177 591 1237 quid
608 1178 646 1222 ei
666 1178 842 1237 prodest
855 1177 1014 1222 lavatio
1029 1179 1119 1237 ejus
1138 1181 1155 1204 ²
1173 1180 1192 1221 Ρ
1217 1196 1236 1218 »
1267 1177 1395 1230 Quod
1417 1192 1496 1221 nec
1518 1174 1703 1234 diligen·
1761 1168 1764 1171 ’

316 1258 381 1293 ter
410 1249 598 1293 attendis
613 1283 624 1301 ,
657 1263 737 1293 nec
761 1264 813 1292 ex
835 1249 925 1307 ipsa
948 1249 1272 1292 circumstantia
1294 1248 1491 1293 lectionis
1512 1245 1620 1306 quid
1652 1246 1706 1290 sit

316 1317 854 1376 intelligis.Verumtamen
872 1318 1051 1362 intende
1068 1318 1174 1377 quid
1194 1327 1319 1363 sonet
1335 1317 1611 1362 disertissima
1632 1314 1707 1359 illa

317 1390 553 1446 Bagai'tana
571 1389 784 1431 sententia
811 1407 819 1432 :
852 1407 871 1429 «
905 1390 1061 1446 Optata
1082 1388 1261 1447 quidem
1279 1423 1289 1441 ,
1319 1389 1490 1447 inquit,
1521 1384 1639 1446 pacis
1660 1393 1707 1429 et

318 1457 563 1502 concordiae
591 1466 654 1502 est
682 1458 834 1516 juncta
867 1458 1126 1516 germanitas
1159 1477 1168 1501 ε
1205 1458 1316 1502 sicut
1350 1458 1560 1516 scriptum
1595 1464 1659 1499 est
1694 1473 1703 1498 z

323 1547 343 1569 «
379 1530 402 1572 J
409 1528 552 1572 ustitia
569 1537 610 1572 et
634 1543 716 1587 pax
740 1528 944 1572 osculatae
968 1538 1069 1572 sunt
1093 1528 1279 1572 invicem
1300 1530 1314 1553 ²³²
1341 1548 1350 1573 2
1370 1547 1388 1569 »
1414 1527 1489 1572 sed
1517 1524 1708 1571 veridica

322 1597 439 1642 unda
461 1598 505 1642 in
533 1614 704 1657 asperos
728 1597 929 1657 scopulos
954 1598 1270 1643 nonnullorum
1293 1598 1502 1656 naufraga
1519 1598 1709 1657 projecta

323 1676 423 1711 sunt
446 1668 656 1721 membra,
682 1669 989 1727 AEgyptiorum
1022 1670 1076 1712 ad
1099 1670 1277 1714 modum
1299 1667 1497 1727 exemplo
1517 1682 1709 1727 pereun-

323 1737 432 1780 tium
452 1735 680 1780 funeribus
703 1737 829 1795 plena
852 1748 954 1781 sunt
975 1737 1121 1782 littora
1144 1773 1153 1792 ‚
1187 1739 1348 1797 quibus
1370 1739 1415 1781 in
1448 1738 1539 1796 ipsa
1567 1745 1708 1781 morte

324 1807 459 1865 major
481 1815 544 1850 est
561 1822 709 1865 poena,
735 1807 855 1866 quod
874 1817 971 1866 post
993 1818 1203 1852 extortam
1225 1809 1347 1868 aquis
1366 1808 1593 1852 ultricibus
1615 1807 1710 1851 ani-

324 1891 439 1920 mam
461 1911 471 1930 ,
503 1891 584 1920 nec
604 1876 741 1935 ipsam
769 1877 998 1922 inveniunt
1030 1878 1314 1937 sepulturam.
1344 1897 1363 1919 »
1399 1879 1473 1922 lsti
1497 1893 1600 1936 ergo
1622 1893 1712 1922 non

326 1945 463 1990 solum
488 1948 675 2001 mortui,
709 1949 1010 2003 verumetiam,
1036 1949 1157 2009 quod
1183 1958 1245 1992 est
1267 1950 1453 2006 gravius,
1478 1947 1707 2007 insepulti,

326 2016 549 2075 quomodo
574 2016 794 2075 baptizare
827 2021 1094 2074 potuerunt?
1111 2019 1342 2071 Quomodo
1367 2018 1532 2077 profuit
1553 2017 1711 2062 lavatio

327 2086 401 2139 eis,
428 2085 503 2144 qui
524 2086 579 2129 ab
600 2087 666 2130 his
685 2088 865 2131 mortuis
888 2088 1092 2146 baptizati
1115 2098 1216 2132 sunt
1235 2125 1244 2143 ,
1270 2104 1380 2148 quos
1401 2089 1447 2132 in
1477 2088 1632 2132 eodem
1651 2087 1713 2131 la-

327 2170 456 2199 vacro
477 2165 698 2214 susceptos
715 2157 860 2200 denuo
879 2173 967 2201 non
987 2157 1149 2202 lavistis
1162 2193 1172 2212 ,
1189 2159 1223 2202 si
1241 2168 1289 2202 ut
1306 2168 1432 2217 putas
1449 2157 1559 2202 illud
1581 2156 1712 2201 intel-

328 2223 552 2281 ligendum
568 2228 660 2269 est?
681 2228 777 2270 Nou
791 2229 909 2285 quod
930 2229 973 2272 in
997 2228 1188 2286 Epistola
1210 2243 1305 2271 mea
1319 2228 1351 2282 ⁴,
1367 2229 1437 2272 cui
1456 2226 1713 2286 respondere

331 2293 409 2336 tibi
431 2293 587 2338 videris
601 2329 611 2348 ,
633 2304 757 2353 putas
780 2315 799 2336 «
820 2297 938 2355 quod
961 2297 1067 2341 idoli
1089 2297 1300 2342 cultorem
1319 2307 1528 2357 tanquam
1551 2297 1714 2356 gravis-

329 2362 603 2422 simipeccati
622 2379 741 2410 reum
768 2366 1072 2411 tantummodo
1095 2368 1334 2427 exceperim
1351 2388 1362 2424 3
1382 2385 1402 2409 »
1424 2377 1466 2412 et
1484 2368 1614 2413 instas
1636 2382 1714 2413 ve·-

331 2431 582 2488 hemeuter‚
613 2455 634 2477 «
663 2445 711 2479 ut
744 2437 898 2495 probes
931 2436 1104 2482 nullum
1126 2439 1261 2496 excipi
1290 2447 1561 2497 peccatorem
1584 2438 1630 2482 in
1662 2453 1714 2483 eo

384 2538 391 2553 ¹
416 2533 493 2563 Psal.
514 2544 584 2574 ext,
603 2535 635 2565 5.
653 2551 693 2558 —
708 2542 719 2558 ²
739 2537 836 2569 Eccli.
855 2548 962 2578 xxxiv,
985 2538 1034 2569 30.
1048 2555 1087 2561 —
1105 2537 1117 2560 3
1133 2539 1212 2570 Psal.
1229 2549 1357 2581 txxxiv,
1381 2550 1392 2570 ι
1405 2551 1430 2571 1.
1446 2556 1486 2562 —
1501 2537 1516 2568 4
1534 2539 1617 2571 Vide
1631 2538 1714 2571 lib-1

333 2588 445 2617 contra
459 2586 604 2621 Petilian.
624 2599 696 2631 cap.
713 2602 744 2632 9.
