1825 3264
248 269 411 299 con-rna
442 269 706 298 cal-:scomrM
740 266 1028 305 DONATISTAM‚
1064 269 1145 295 Lm.
1184 269 1232 294 11.
1359 254 1442 294 345

59 346 108 381 ut
141 335 350 380 Dominus
389 334 592 394 dignatus
626 343 689 378 est
715 333 887 392 jubere,
922 333 1130 377 sanavit¹.
1157 330 1296 377 Crede
1318 332 1444 376 certis

58 406 204 459 rebus,
221 421 308 450 non
323 406 465 450 verbis
482 404 699 449 inanibus.
721 405 878 447 Mutati
895 403 948 447 ad
965 419 1042 448 nos
1059 403 1187 447 vestri
1199 412 1440 456 transeunt,

59 476 171 521 absit
195 488 244 521 ut
276 477 357 535 ipsi
381 477 466 520 sint
493 476 568 536 qui
598 474 793 519 fuerunt.
820 473 950 527 Quod
974 474 1139 518 utinam
1159 483 1201 518 et
1225 482 1271 518 tu
1294 472 1440 528 facias,

57 557 100 592 et
117 562 249 606 quam
270 562 421 591 verum
439 547 494 591 sit
517 548 561 590 in
582 555 623 590 te
642 545 720 589 tibi
743 543 906 589 credas.

113 619 218 661 XII.
245 620 456 676 Magnum
475 615 640 676 aliquid
663 616 737 660 tibi
759 615 903 660 dicere
935 615 1049 658 visus
1079 630 1148 669 es,
1174 614 1443 659 nominando

59 706 80 730 «
111 687 361 733 Candidum
387 686 738 746 Villaregiensem
757 721 768 741 ,
802 695 845 730 et
868 689 1086 730 Donatum
1120 684 1442 729 Macomadien-

53 772 159 812 sem,
179 758 256 818 qui
279 773 330 802 ex
349 758 501 802 vestris
517 757 728 816 episeopis
751 757 880 800 etiam
905 755 1023 815 apud
1041 770 1119 799 nos
1140 755 1331 814 episcopi
1353 753 1442 798 fue-

53 838 180 884 runt,
204 847 224 870 »
246 838 290 873 et
311 828 491 888 probata
514 829 603 872 vita
627 828 681 872 ad
702 827 1003 872 honorabilius
1025 825 1169 870 senilis
1190 827 1326 870 aetatis
1349 841 1441 869 me-

57 899 188 943 ritum
207 908 527 958 pervenerunt:
553 900 675 959 quasi
697 908 964 944 sacramenta
994 908 1037 942 et
1056 899 1274 942 invocatio
1297 903 1440 942 nomi-

51 969 116 1013 nis
144 971 220 1013 Dei
241 985 340 1030 quae
366 970 414 1014 fit
436 970 555 1029 apud
577 985 669 1020 vos,
694 971 784 1029 ipsa
805 970 980 1013 inimica
1003 970 1056 1013 sit
1085 969 1238 1026 nobis;
1269 984 1369 1013 cum
1392 972 1441 1014 xet

49 1039 95 1083 in
115 1040 172 1084 eis
190 1039 267 1100 qui
290 1049 409 1084 extra
442 1040 676 1084 Ecclesiam
701 1049 829 1095 sunt,
860 1055 949 1083 non
971 1040 1025 1083 sit
1051 1040 1228 1084 omnino
1249 1039 1331 1083 nisi
1354 1041 1439 1083 Ec-

48 1108 203 1154 clesiae.
237 1113 286 1153 ln
317 1127 402 1170 qua
425 1111 666 1171 quaestione
695 1111 730 1154 si
762 1111 867 1154 meis
894 1110 1036 1154 verbis
1069 1109 1328 1164 laborarem,
1356 1111 1440 1154 tuis

49 1180 290 1240 adjuvarer.
331 1184 439 1226 Nam
474 1183 506 1226 si
546 1191 663 1226 extra
695 1181 932 1226 Ecclesiam
963 1181 1071 1226 nihil
1103 1181 1438 1226 ecclesiasticum

48 1266 171 1310 posse
201 1267 291 1296 esse
318 1252 522 1305 sentires,
566 1267 656 1295 non
702 1253 793 1310 ipse
828 1251 1029 1307 dixisses,
1071 1271 1089 1293 «
1122 1252 1246 1296 nobis
1279 1261 1322 1295 et
1360 1267 1439 1296 vo-

49 1322 115 1365 bis
145 1338 278 1366 unam
309 1338 399 1367 esse
442 1322 714 1382 religionem,
756 1322 904 1366 eadem
935 1331 1220 1377 sacramenta,
1262 1322 1372 1366 nihil
1394 1323 1439 1366 in

44 1391 277 1436 christiana
312 1393 614 1436 observatione
652 1393 885 1436 diversum.
914 1411 933 1432 »
963 1393 1131 1445 Quibus
1170 1392 1312 1435 verbis
1354 1392 1438 1436 tuis

43 1463 199 1506 nonin
222 1471 364 1507 totum
394 1465 632 1507 consentio.
671 1463 915 1507 Christiana
955 1463 1119 1522 quippe
1146 1462 1336 1506 Ecclesia
1364 1478 1437 1507 ea-

45 1532 171 1586 retis,
220 1533 499 1577 christianam
541 1533 794 1576 charitatem
844 1547 931 1576 non
971 1533 1167 1586 habetis,
1203 1532 1436 1576 christiana

42 1617 145 1646 sane
171 1603 217 1646 in
251 1603 374 1647 vobis
405 1613 670 1647 sacramenta
704 1618 917 1661 cgnosco‚
957 1612 999 1646 et
1028 1603 1072 1645 in
1102 1603 1167 1646 his
1198 1602 1305 1646 illud
1329 1618 1434 1663 quo-

44 1688 131 1732 que
173 1672 391 1717 diversum
430 1674 630 1732 improbo
672 1689 722 1718 ac
763 1689 942 1732 respuo,
986 1673 1106 1732 quod
1139 1688 1237 1717 cum
1281 1673 1434 1716 eadem

42 1743 172 1787 etiam
191 1743 236 1787 in
259 1744 488 1788 schismate
510 1744 722 1798 habeatis,
737 1742 899 1799 ⁸eadem
918 1744 963 1787 in
985 1742 1208 1788 catholicis
1233 1743 1433 1786 exsuffla-

42 1814 109 1858 tis.
144 1816 323 1859 Prorsus
355 1815 550 1873 agnoscit
578 1815 622 1858 in
644 1814 766 1858 vobis
805 1813 993 1858 Ecclesia
1027 1823 1186 1858 cuncta
1221 1830 1320 1872 quae
1353 1829 1430 1857 sua

42 1893 144 1928 sunt
170 1901 278 1929 :nec
300 1884 400 1929 ideo
418 1901 506 1929 non
529 1895 630 1928 sunt
652 1886 760 1944 ejus,
781 1886 882 1945 quia
906 1894 948 1928 et
964 1884 1082 1943 apud
1104 1899 1178 1928 vos
1200 1883 1431 1928 inveniun-

42 1962 128 1998 tur.
156 1955 287 2013 Apud
316 1970 390 1999 vos
412 1956 575 2014 quippe
592 1953 729 1998 aliena
754 1963 854 1998 sunt
875 1974 882 1998 :
908 1955 982 1998 sed
1005 1970 1103 1998 cum
1121 1970 1198 1998 vos
1215 1964 1430 1998 correctos

41 2024 193 2082 recipit
210 2026 334 2083 cujus
351 2033 470 2077 sunt,
491 2025 602 2067 fiunt
626 2025 756 2068 etiam
780 2024 1010 2068 salubriter
1032 2034 1188 2078 vestra,
1215 2040 1313 2083 quae
1337 2039 1430 2083 per-

39 2094 201 2138 niciose
225 2094 451 2138 habebatis
464 2094 617 2138 aliena.
637 2094 854 2138 Discordia
878 2110 952 2138 vos
980 2095 1168 2154 possidet
1196 2095 1276 2138 sub
1302 2094 1429 2139 titulo

39 2165 170 2222 pacis.
209 2167 323 2222 Ergo
359 2163 573 2208 discordia
605 2164 818 2223 pellatur,
847 2180 929 2223 pax
956 2165 1273 2209 introducatur.
1312 2164 1428 2218 Quid

37 2249 179 2278 causae
200 2245 263 2279 est
284 2244 332 2279 ut
365 2235 518 2279 titulus
545 2235 816 2294 deponatur?
840 2255 859 2277 α
884 2236 1124 2295 Episcopus
1155 2246 1233 2290 est,
1263 2236 1421 2295 inquis,

0 2305 1 2351 i
39 2305 293 2364 episcopum
332 2306 512 2365 recipis,
562 2307 816 2365 presbyter,
852 2309 1172 2366 presbyterum.
1219 2325 1237 2346 »
1282 2310 1427 2350 Posses

40 2374 145 2418 mihi
173 2384 216 2418 et
247 2375 330 2418 hoc
360 2375 504 2419 dicere
530 2395 538 2419 ;
568 2378 708 2420 Homo
737 2385 826 2430 est,
868 2377 1087 2420 hominem
1125 2377 1291 2435 recipis.
1321 2379 1426 2420 Tam

35 2446 198 2504 quippe
230 2446 270 2488 in
295 2445 370 2489 illo
401 2456 667 2490 sacramenta
698 2446 951 2500 christiana,
973 2462 1101 2505 quam
1128 2446 1321 2489 membra
1339 2447 1425 2490 hu-

36 2529 165 2560 mana
198 2531 413 2575 cognosco
440 2536 448 2562 z
475 2532 554 2561 nee
587 2532 692 2562 curo
734 2532 808 2575 per
847 2532 976 2577 quem
1012 2517 1176 2562 fuerint
1196 2518 1421 2573 seminata,

85 2618 93 2634 ¹
114 2613 207 2646 Joan.
229 2623 260 2653 v,
279 2613 311 2645 5.
