1825 3264
307 237 470 265 com-na
503 235 708 266 urruns
740 237 976 275 emmam,
1012 240 1094 266 nn.
1127 241 1192 266 ιη.
1370 232 1444 268 151

24 322 27 338 ι
64 311 87 346 “»
110 316 243 364 quam
259 300 381 361 quod
397 302 442 346 in
459 301 686 360 Scripturis
699 300 913 359 legalibus
929 312 973 346 et
989 304 1247 361 evangelicis
1264 306 1451 364 accepis-

65 391 87 417 »
113 374 187 426 tis,
209 372 439 416 anathema
458 371 513 416 sit
529 373 562 414 1.
591 389 611 413 »
653 373 758 416 Haec
777 371 1004 416 vobiscum
1021 407 1032 426 ,
1064 382 1106 417 et
1127 389 1229 418 cum
1251 375 1453 421 omnibus

22 479 23 486 ,
62 456 173 503 quos
192 441 367 487 Christo
387 441 545 486 lucrari
563 441 789 500 cupimus,
815 441 1062 496 actitantes,
1088 452 1218 502 atque
1239 444 1351 489 inter
1367 461 1451 490 cae-

20 539 25 554 =.=
62 521 154 559 tera
180 519 373 557 sanctam
391 511 628 556 Ecclesiam
643 527 776 572 quam
798 512 843 556 in
861 513 936 556 Dei
957 511 1109 556 litteris
1128 515 1379 571 promissam
1394 515 1455 559 le-

20 599 21 606 *
61 581 201 641 gimus
218 615 230 636 ,
268 591 312 627 et
335 581 447 626 sicut
469 583 674 640 promissa
699 590 762 626 est
790 582 836 625 in
863 582 1066 626 omnibus
1102 583 1304 640 gentibus
1329 585 1453 629 reddi

18 667 21 682 ³
59 652 301 706 cernimus,
319 650 625 710 praedicantes,
647 651 702 696 ab
722 651 773 696 iis
794 667 904 712 quos
926 651 980 696 ad
1001 654 1094 712 ejus
1111 653 1339 712 pacificum
1358 670 1454 713 gre-

16 778 20 785 ἡ
58 721 196 767 mium
219 722 376 766 attrahi
407 723 607 781 cupimus
626 756 638 777 ‚
670 737 751 781 pro
784 722 955 767 actione
992 723 1228 781 gratiarum
1259 724 1454 770 flammas

17 807 19 811 ⁴
62 791 302 838 meruimus
338 791 540 837 odiorum
564 811 573 838 2
597 793 719 851 quasi
749 808 828 837 nos
863 807 936 837 eos
967 792 1012 836 in
1034 807 1083 837 ea
1103 802 1226 853 parte
1251 793 1455 853 ligaveri-

56 877 184 917 mus,
213 877 294 922 pro
323 878 411 922 qua
443 878 533 908 non
570 863 799 908 inveniunt
836 863 946 923 quid
977 863 1241 923 loquantur,
1267 875 1342 909 aut
1375 881 1454 911 nos

59 932 410 978 mandaverimus
431 942 554 978 tanto
575 942 675 978 ante
698 934 925 993 Prophetis
939 943 983 978 et
1005 935 1239 994 Apostolis,
1265 944 1315 980 ut
1340 936 1386 980 in
1403 936 1454 980 li-

11 1036 16 1043 .
57 1001 147 1047 bris
169 1003 255 1047 suis
277 1001 399 1047 nulla
424 1003 669 1048 testimonia
696 1014 936 1063 ponerent,
970 1005 1132 1065 quibus
1167 1021 1263 1064 pars
1297 1007 1454 1050 Donati

55 1071 249 1117 Ecclesia
270 1073 431 1117 Christi
459 1088 549 1117 esse
571 1074 794 1118 doceatur.
834 1077 890 1120 Et
927 1090 1006 1120 nos
1037 1076 1215 1135 quidem
1239 1111 1249 1130 ‚
1291 1077 1453 1121 charis-

11 1171 15 1182 .
55 1143 177 1197 simi,
201 1157 302 1186 cum
325 1142 432 1187 falsa
454 1143 636 1188 crimina
657 1144 862 1189 audimus
888 1146 944 1189 ab
966 1146 1024 1190 eis
1057 1162 1168 1205 quos
1191 1146 1453 1191 offendimus

55 1214 337 1273 praedicando
354 1214 528 1274 eloquia
545 1216 751 1270 veritatis,
771 1225 816 1260 et
832 1217 988 1261 erroris
1006 1216 1257 1277 vaniloquia
1277 1218 1455 1262 convin-

8 1299 14 1327 1
54 1284 212 1338 cendo,
238 1284 474 1339 habemus,
499 1285 611 1330 sicut
627 1286 786 1340 nostis,
812 1287 1230 1331 abundantissimam
1253 1287 1452 1333 consola-

53 1355 236 1400 tionem.
255 1356 363 1400 Nam
380 1355 415 1399 si
429 1355 475 1399 in
492 1355 552 1399 eis
568 1355 728 1415 quibus
742 1370 812 1399 me
829 1355 1133 1411 criminantur,
1150 1357 1451 1401 testimonium

7 1440 9 1444 ·
52 1424 329 1484 conscientiae
363 1439 473 1470 meae
505 1440 597 1470 non
624 1434 709 1470 stat
736 1434 887 1470 contra
910 1440 979 1470 me
1006 1427 1050 1470 in
1078 1434 1315 1485 conspectu
1343 1427 1448 1481 Dei,

0 1489 4 1554 f
52 1510 141 1556 quo
177 1494 326 1540 nullus
359 1495 514 1540 oculus
545 1495 739 1541 mortalis
761 1495 1027 1553 intenditur3
1052 1511 1143 1540 non
1176 1496 1319 1541 solum
1339 1511 1449 1541 con-

0 1563 2 1571 *
51 1566 215 1611 tristari
235 1556 326 1611 non
347 1566 489 1611 debeo
507 1600 519 1622 ,
557 1566 839 1611 verumetiam
873 1566 1014 1611 debeo
1041 1566 1229 1624 gaudere
1260 1576 1304 1611 et
1325 1566 1450 1611 exul-

1 1658 10 1678 :
51 1644 144 1681 tare
164 1670 175 1691 ‚
211 1636 314 1696 quia
342 1650 506 1681 merces
539 1651 635 1680 mea
668 1636 806 1681 multa
834 1638 966 1681 estin
988 1636 1123 1681 coelis.
1149 1639 1300 1697 Neque
1332 1638 1448 1681 enim

51 1704 317 1750 intuendum
338 1715 403 1751 est
423 1721 556 1766 quam
574 1706 629 1750 sit
655 1721 850 1750 amarum
866 1741 878 1762 ,
905 1705 980 1751 sed
1002 1722 1132 1767 quam
1150 1706 1308 1751 falsum
1327 1707 1448 1767 quod

52 1775 200 1831 audio,
225 1785 269 1820 et
289 1791 422 1837 quam
444 1791 574 1822 verax
595 1792 674 1836 pro
696 1778 820 1837 cujus
841 1777 1019 1822 nomine
1041 1778 1124 1822 hoc
1146 1776 1294 1832 audie,
1319 1786 1362 1822 et
1378 1778 1447 1822 cui

0 1842 3 1905 f
51 1844 211 1891 dicitur
236 1864 246 1891 :
274 1864 294 1888 «
321 1848 606 1905 Unguentum
637 1846 828 1891 effusum
858 1857 922 1892 est
949 1862 1110 1892 nomen
1134 1856 1258 1892 tuum
1276 1850 1307 1890 ¹².
1336 1863 1358 1887 n
1390 1849 1447 1891 Et

51 1917 207 1961 merito
232 1915 398 1975 fragrat
424 1917 471 1961 in
497 1917 702 1962 omnibus
733 1918 935 1977 gentibus
955 1953 967 1972 ,
1000 1919 1124 1977 cujus
1145 1917 1324 1963 odorem
1348 1916 1442 1971 isti,

0 2034 1 2039 ¹
50 1986 127 2046 qui
155 1987 282 2031 nobis
304 1986 572 2032 maledicunt
587 2022 598 2042 ,
630 1989 674 2031 in
698 2003 786 2032 una
815 1988 973 2033 Africae
996 1988 1208 2046 particula
1229 1996 1445 2032 conantur

49 2055 288 2101 includere.
322 2059 413 2102 Cur
444 2058 592 2116 itaque
630 2057 817 2102 feramus
849 2057 1027 2116 indigne
1055 2057 1176 2118 quod
1217 2073 1294 2102 nos
1327 2057 1443 2102 infa-

49 2136 206 2181 mant,
249 2127 326 2186 qui
361 2127 509 2186 gloriae
536 2128 696 2173 Christi
729 2129 790 2174 sic
813 2129 1078 2183 detrahunt,
1119 2143 1306 2188 quorum
1330 2129 1443 2187 parti

49 2197 409 2257 contentionique
430 2198 656 2242 inimicum
682 2206 768 2254 est,
792 2198 914 2259 quod
931 2200 986 2243 de
1008 2198 1123 2243 illius
1146 2199 1201 2242 ad
1221 2197 1355 2243 coelos
1373 2213 1443 2243 as-

49 2268 267 2323 censione,
291 2276 334 2313 et
354 2267 410 2312 de
432 2268 620 2314 nominis
641 2270 733 2329 ejus
752 2279 962 2330 tanquam
977 2271 1191 2330 unguenti
1208 2269 1437 2322 effusione,

49 2346 173 2384 tanto
193 2348 295 2384 ante
316 2339 575 2398 praedictum
598 2349 662 2385 est
685 2359 695 2386 t
727 2359 744 2382 «
768 2340 968 2385 Exaltare
989 2356 1119 2400 super
1141 2340 1276 2386 coelos
1301 2343 1438 2393 Deus,

52 2426 75 2451 ιο
99 2417 143 2453 et
161 2424 290 2468 super
312 2424 487 2454 omnem
509 2421 669 2454 terram
691 2410 827 2469 gloria
850 2420 925 2456 tua
944 2412 990 2454 ³?
1016 2430 1036 2453 υ

110 2480 234 2523 Vlll.
271 2481 375 2524 Haec
396 2487 440 2538 et
463 2479 563 2525 talia
587 2479 734 2525 divina
757 2481 1003 2526 testimonia
1028 2495 1107 2526 nos
1128 2480 1333 2526 adversus
1355 2480 1442 2524 hu-

102 2569 110 2585 ¹
131 2563 199 2596 Gal.
217 2574 248 2605 ι,
266 2562 298 2597 8.
315 2580 354 2588 -·
376 2571 388 2587 ²
405 2566 497 2598 Cant.
519 2576 548 2604 1,
569 2573 599 2598 2.
617 2581 658 2587 —
675 2563 688 2589 ³
706 2564 939 2605 Psal.1.v1,12.
