<?xml version="1.0" encoding="UTF-8"?>
<!DOCTYPE html PUBLIC "-//W3C//DTD XHTML 1.0 Transitional//EN"
    "http://www.w3.org/TR/xhtml1/DTD/xhtml1-transitional.dtd">
<html xmlns="http://www.w3.org/1999/xhtml" xml:lang="en" lang="en">
 <head>
  <title>
</title>
<meta http-equiv="Content-Type" content="text/html;charset=utf-8" />
  <meta name='ocr-system' content='tesseract 3.04.00' />
  <meta name='ocr-capabilities' content='ocr_page ocr_carea ocr_par ocr_line ocrx_word'/>
</head>
<body>
  <div class='ocr_page' id='page_1' title='image "./operaomniaaccura32auguuoft_0384.png"; bbox 0 0 1825 3264; ppageno 0'>
   <div class='ocr_carea' id='block_1_1' title="bbox 317 215 1270 256">
    <p class='ocr_par' dir='ltr' id='par_1_1' title="bbox 317 215 1270 256">
     <span class='ocr_line' id='line_1_1' title="bbox 317 215 1270 256; baseline -0.003 -1"><span class='ocrx_word' id='word_1_1' title='bbox 317 215 402 256; x_wconf 79' lang='lat'>374</span> <span class='ocrx_word' id='word_1_2' title='bbox 750 226 786 252; x_wconf 89' lang='lat' dir='ltr'>s.</span> <span class='ocrx_word' id='word_1_3' title='bbox 820 222 1056 252; x_wconf 69' lang='lat' dir='ltr'>Aucus-nm</span> <span class='ocrx_word' id='word_1_4' title='bbox 1087 225 1270 253; x_wconf 71' lang='lat' dir='ltr'>Erlscom</span> 
     </span>
    </p>
   </div>
   <div class='ocr_carea' id='block_1_2' title="bbox 310 287 1755 2599">
    <p class='ocr_par' dir='ltr' id='par_1_2' title="bbox 310 287 1755 2305">
     <span class='ocr_line' id='line_1_2' title="bbox 316 287 1702 349; baseline -0.001 -13"><span class='ocrx_word' id='word_1_5' title='bbox 316 307 407 336; x_wconf 91' lang='lat' dir='ltr'>non</span> <span class='ocrx_word' id='word_1_6' title='bbox 440 290 570 349; x_wconf 84' lang='lat' dir='ltr'>capit.</span> <span class='ocrx_word' id='word_1_7' title='bbox 604 288 675 333; x_wconf 81' lang='lat' dir='ltr'>Ab</span> <span class='ocrx_word' id='word_1_8' title='bbox 703 288 858 333; x_wconf 86' lang='lat' dir='ltr'>arbore</span> <span class='ocrx_word' id='word_1_9' title='bbox 885 287 1036 348; x_wconf 85' lang='lat' dir='ltr'>frange</span> <span class='ocrx_word' id='word_1_10' title='bbox 1063 303 1250 347; x_wconf 90' lang='lat' dir='ltr'>ramum,</span> <span class='ocrx_word' id='word_1_11' title='bbox 1278 287 1440 334; x_wconf 83' lang='lat' dir='ltr'>fractus</span> <span class='ocrx_word' id='word_1_12' title='bbox 1461 289 1702 349; x_wconf 88' lang='lat' dir='ltr'>germinare</span> 
     </span>
     <span class='ocr_line' id='line_1_3' title="bbox 315 358 1697 420; baseline -0.002 -14"><span class='ocrx_word' id='word_1_13' title='bbox 315 376 405 406; x_wconf 92' lang='lat' dir='ltr'>non</span> <span class='ocrx_word' id='word_1_14' title='bbox 428 359 603 420; x_wconf 88' lang='lat' dir='ltr'>poterit.</span> <span class='ocrx_word' id='word_1_15' title='bbox 634 362 673 404; x_wconf 83' lang='grc' dir='ltr'><strong>Α</strong></span> <span class='ocrx_word' id='word_1_16' title='bbox 697 358 820 404; x_wconf 86' lang='lat' dir='ltr'>fonte</span> <span class='ocrx_word' id='word_1_17' title='bbox 846 359 1033 418; x_wconf 83' lang='lat' dir='ltr'>praecide</span> <span class='ocrx_word' id='word_1_18' title='bbox 1055 360 1196 403; x_wconf 89' lang='lat' dir='ltr'>rivum</span> <span class='ocrx_word' id='word_1_19' title='bbox 1216 394 1228 414; x_wconf 91' lang='lat'>,</span> <span class='ocrx_word' id='word_1_20' title='bbox 1252 360 1455 419; x_wconf 87' lang='lat' dir='ltr'>praecisus</span> <span class='ocrx_word' id='word_1_21' title='bbox 1480 360 1649 406; x_wconf 86' lang='lat' dir='ltr'><strong>arescit.</strong></span> <span class='ocrx_word' id='word_1_22' title='bbox 1675 378 1697 403; x_wconf 85' lang='lat'>»</span> 
     </span>
     <span class='ocr_line' id='line_1_4' title="bbox 314 428 1702 490; baseline 0 -15"><span class='ocrx_word' id='word_1_23' title='bbox 314 434 367 475; x_wconf 92' lang='lat' dir='ltr'>In</span> <span class='ocrx_word' id='word_1_24' title='bbox 394 431 460 474; x_wconf 84' lang='lat' dir='ltr'>his</span> <span class='ocrx_word' id='word_1_25' title='bbox 482 429 690 489; x_wconf 88' lang='lat' dir='ltr'>Cypriani</span> <span class='ocrx_word' id='word_1_26' title='bbox 711 429 854 474; x_wconf 87' lang='lat' dir='ltr'>verbis</span> <span class='ocrx_word' id='word_1_27' title='bbox 874 444 963 473; x_wconf 92' lang='lat' dir='ltr'>non</span> <span class='ocrx_word' id='word_1_28' title='bbox 982 428 1263 488; x_wconf 86' lang='lat' dir='ltr'>intelligimus</span> <span class='ocrx_word' id='word_1_29' title='bbox 1278 428 1423 474; x_wconf 90' lang='lat' dir='ltr'>lucem</span> <span class='ocrx_word' id='word_1_30' title='bbox 1438 445 1526 474; x_wconf 92' lang='lat' dir='ltr'>non</span> <span class='ocrx_word' id='word_1_31' title='bbox 1547 445 1702 490; x_wconf 82' lang='lat' dir='ltr'><strong>capere</strong></span> 
     </span>
     <span class='ocr_line' id='line_1_5' title="bbox 313 498 1703 562; baseline 0 -16"><span class='ocrx_word' id='word_1_32' title='bbox 313 500 570 546; x_wconf 89' lang='lat' dir='ltr'>divisionem</span> <span class='ocrx_word' id='word_1_33' title='bbox 587 535 599 555; x_wconf 90' lang='lat'>,</span> <span class='ocrx_word' id='word_1_34' title='bbox 630 501 711 543; x_wconf 91' lang='lat' dir='ltr'>nisi</span> <span class='ocrx_word' id='word_1_35' title='bbox 738 501 783 544; x_wconf 90' lang='lat' dir='ltr'>in</span> <span class='ocrx_word' id='word_1_36' title='bbox 811 500 968 546; x_wconf 91' lang='lat' dir='ltr'>sanctis</span> <span class='ocrx_word' id='word_1_37' title='bbox 997 514 1130 558; x_wconf 86' lang='lat' dir='ltr'>regno</span> <span class='ocrx_word' id='word_1_38' title='bbox 1162 500 1240 544; x_wconf 87' lang='lat' dir='ltr'>Dei</span> <span class='ocrx_word' id='word_1_39' title='bbox 1267 498 1595 560; x_wconf 85' lang='lat' dir='ltr'>praedestinatis,</span> <span class='ocrx_word' id='word_1_40' title='bbox 1624 502 1703 562; x_wconf 88' lang='lat' dir='ltr'>qui</span> 
     </span>
     <span class='ocr_line' id='line_1_6' title="bbox 313 568 1703 630; baseline -0.001 -14"><span class='ocrx_word' id='word_1_41' title='bbox 313 569 451 616; x_wconf 87' lang='lat' dir='ltr'>dividi</span> <span class='ocrx_word' id='word_1_42' title='bbox 472 570 528 614; x_wconf 90' lang='lat' dir='ltr'>ab</span> <span class='ocrx_word' id='word_1_43' title='bbox 550 569 743 614; x_wconf 86' lang='lat' dir='ltr'>Ecclesia</span> <span class='ocrx_word' id='word_1_44' title='bbox 764 568 888 615; x_wconf 90' lang='lat' dir='ltr'>nullo</span> <span class='ocrx_word' id='word_1_45' title='bbox 910 569 1043 615; x_wconf 90' lang='lat' dir='ltr'>modo</span> <span class='ocrx_word' id='word_1_46' title='bbox 1068 579 1276 630; x_wconf 69' lang='lat' dir='ltr'>possunt,</span> <span class='ocrx_word' id='word_1_47' title='bbox 1301 579 1346 615; x_wconf 88' lang='lat' dir='ltr'>et</span> <span class='ocrx_word' id='word_1_48' title='bbox 1358 585 1448 615; x_wconf 92' lang='lat' dir='ltr'>non</span> <span class='ocrx_word' id='word_1_49' title='bbox 1462 571 1703 629; x_wconf 86' lang='lat' dir='ltr'>germinare</span> 
     </span>
     <span class='ocr_line' id='line_1_7' title="bbox 314 639 1700 700; baseline 0.001 -14"><span class='ocrx_word' id='word_1_50' title='bbox 314 656 485 686; x_wconf 87' lang='lat' dir='ltr'>ramum</span> <span class='ocrx_word' id='word_1_51' title='bbox 520 639 709 685; x_wconf 87' lang='lat' dir='ltr'>fractum</span> <span class='ocrx_word' id='word_1_52' title='bbox 733 674 746 695; x_wconf 91' lang='lat'>‚</span> <span class='ocrx_word' id='word_1_53' title='bbox 787 639 936 685; x_wconf 90' lang='lat' dir='ltr'>salutis</span> <span class='ocrx_word' id='word_1_54' title='bbox 977 650 1151 685; x_wconf 87' lang='lat' dir='ltr'>aeternae</span> <span class='ocrx_word' id='word_1_55' title='bbox 1193 640 1388 700; x_wconf 83' lang='lat' dir='ltr'>germine</span> <span class='ocrx_word' id='word_1_56' title='bbox 1428 640 1665 700; x_wconf 82' lang='lat' dir='ltr'>accipimus</span> <span class='ocrx_word' id='word_1_57' title='bbox 1689 661 1700 687; x_wconf 87' lang='lat'>:</span> 
     </span>
     <span class='ocr_line' id='line_1_8' title="bbox 314 710 1704 771; baseline 0.001 -15"><span class='ocrx_word' id='word_1_58' title='bbox 314 711 557 756; x_wconf 85' lang='lat' dir='ltr'>ariditatem</span> <span class='ocrx_word' id='word_1_59' title='bbox 587 725 689 756; x_wconf 80' lang='lat' dir='ltr'>vero</span> <span class='ocrx_word' id='word_1_60' title='bbox 722 711 801 755; x_wconf 90' lang='lat' dir='ltr'>rivi</span> <span class='ocrx_word' id='word_1_61' title='bbox 829 727 853 755; x_wconf 89' lang='lat' dir='ltr'>a</span> <span class='ocrx_word' id='word_1_62' title='bbox 880 711 1003 756; x_wconf 90' lang='lat' dir='ltr'>fonte</span> <span class='ocrx_word' id='word_1_63' title='bbox 1028 711 1212 770; x_wconf 88' lang='lat' dir='ltr'>praecisi,</span> <span class='ocrx_word' id='word_1_64' title='bbox 1243 711 1290 755; x_wconf 92' lang='lat' dir='ltr'>in</span> <span class='ocrx_word' id='word_1_65' title='bbox 1316 725 1368 756; x_wconf 90' lang='lat' dir='ltr'>eo</span> <span class='ocrx_word' id='word_1_66' title='bbox 1401 710 1522 771; x_wconf 91' lang='lat' dir='ltr'>quod</span> <span class='ocrx_word' id='word_1_67' title='bbox 1553 720 1704 757; x_wconf 86' lang='lat' dir='ltr'>sancto</span> 
     </span>
     <span class='ocr_line' id='line_1_9' title="bbox 315 781 1700 842; baseline -0.001 -14"><span class='ocrx_word' id='word_1_68' title='bbox 315 782 480 841; x_wconf 85' lang='lat' dir='ltr'>Spiritu</span> <span class='ocrx_word' id='word_1_69' title='bbox 499 790 745 826; x_wconf 85' lang='lat' dir='ltr'>vacuantur</span> <span class='ocrx_word' id='word_1_70' title='bbox 766 782 840 842; x_wconf 93' lang='lat' dir='ltr'>qui</span> <span class='ocrx_word' id='word_1_71' title='bbox 863 781 918 826; x_wconf 90' lang='lat' dir='ltr'>ab</span> <span class='ocrx_word' id='word_1_72' title='bbox 941 782 1108 826; x_wconf 89' lang='lat' dir='ltr'>unitate</span> <span class='ocrx_word' id='word_1_73' title='bbox 1129 791 1383 842; x_wconf 84' lang='lat' dir='ltr'>separantur</span> <span class='ocrx_word' id='word_1_74' title='bbox 1402 782 1700 840; x_wconf 87' lang='lat' dir='ltr'>agnoscimus,</span> 
     </span>
     <span class='ocr_line' id='line_1_10' title="bbox 310 852 1704 915; baseline -0.001 -15"><span class='ocrx_word' id='word_1_75' title='bbox 310 871 401 900; x_wconf 91' lang='lat' dir='ltr'>non</span> <span class='ocrx_word' id='word_1_76' title='bbox 419 855 464 898; x_wconf 90' lang='lat' dir='ltr'>in</span> <span class='ocrx_word' id='word_1_77' title='bbox 481 863 751 899; x_wconf 87' lang='lat' dir='ltr'>sacramento</span> <span class='ocrx_word' id='word_1_78' title='bbox 773 853 1000 913; x_wconf 86' lang='lat' dir='ltr'>baptismi,</span> <span class='ocrx_word' id='word_1_79' title='bbox 1026 852 1148 915; x_wconf 92' lang='lat' dir='ltr'>quod</span> <span class='ocrx_word' id='word_1_80' title='bbox 1168 863 1213 899; x_wconf 91' lang='lat' dir='ltr'>et</span> <span class='ocrx_word' id='word_1_81' title='bbox 1232 854 1338 899; x_wconf 91' lang='lat' dir='ltr'>boni</span> <span class='ocrx_word' id='word_1_82' title='bbox 1359 863 1407 898; x_wconf 64' lang='lat' dir='ltr'>etv</span> <span class='ocrx_word' id='word_1_83' title='bbox 1424 853 1526 898; x_wconf 90' lang='lat' dir='ltr'>mali</span> <span class='ocrx_word' id='word_1_84' title='bbox 1543 854 1704 899; x_wconf 88' lang='lat' dir='ltr'>habere</span> 
     </span>
     <span class='ocr_line' id='line_1_11' title="bbox 313 923 1706 985; baseline -0.001 -15"><span class='ocrx_word' id='word_1_85' title='bbox 313 934 512 985; x_wconf 86' lang='lat' dir='ltr'>possunt,</span> <span class='ocrx_word' id='word_1_86' title='bbox 551 925 610 968; x_wconf 87' lang='lat' dir='ltr'>ita</span> <span class='ocrx_word' id='word_1_87' title='bbox 651 923 755 968; x_wconf 85' lang='lat' dir='ltr'>foris</span> <span class='ocrx_word' id='word_1_88' title='bbox 794 932 956 983; x_wconf 87' lang='lat' dir='ltr'>aperte,</span> <span class='ocrx_word' id='word_1_89' title='bbox 992 923 1365 983; x_wconf 89' lang='lat' dir='ltr'>quemadmodum</span> <span class='ocrx_word' id='word_1_90' title='bbox 1393 924 1511 967; x_wconf 91' lang='lat' dir='ltr'>intus</span> <span class='ocrx_word' id='word_1_91' title='bbox 1535 923 1706 969; x_wconf 89' lang='lat' dir='ltr'>occulte</span> 
     </span>
     <span class='ocr_line' id='line_1_12' title="bbox 314 993 1703 1053; baseline -0.001 -13"><span class='ocrx_word' id='word_1_92' title='bbox 314 996 369 1040; x_wconf 91' lang='lat' dir='ltr'>ab</span> <span class='ocrx_word' id='word_1_93' title='bbox 401 994 604 1039; x_wconf 75' lang='lat' dir='ltr'>Ecclesiae</span> <span class='ocrx_word' id='word_1_94' title='bbox 634 994 861 1038; x_wconf 81' lang='lat' dir='ltr'>sanctitate</span> <span class='ocrx_word' id='word_1_95' title='bbox 889 994 1085 1053; x_wconf 89' lang='lat' dir='ltr'>separati.</span> <span class='ocrx_word' id='word_1_96' title='bbox 1115 993 1198 1039; x_wconf 90' lang='lat' dir='ltr'>Sed</span> <span class='ocrx_word' id='word_1_97' title='bbox 1217 993 1336 1038; x_wconf 91' lang='lat' dir='ltr'>unde</span> <span class='ocrx_word' id='word_1_98' title='bbox 1359 1009 1488 1039; x_wconf 88' lang='lat' dir='ltr'>nemo</span> <span class='ocrx_word' id='word_1_99' title='bbox 1512 993 1703 1050; x_wconf 89' lang='lat' dir='ltr'>dubitat,</span> 
     </span>
     <span class='ocr_line' id='line_1_13' title="bbox 316 1063 1706 1125; baseline 0.001 -17"><span class='ocrx_word' id='word_1_100' title='bbox 316 1065 438 1125; x_wconf 90' lang='lat' dir='ltr'>quod</span> <span class='ocrx_word' id='word_1_101' title='bbox 461 1064 515 1108; x_wconf 91' lang='lat' dir='ltr'>de</span> <span class='ocrx_word' id='word_1_102' title='bbox 542 1064 676 1123; x_wconf 89' lang='lat' dir='ltr'>ipsius</span> <span class='ocrx_word' id='word_1_103' title='bbox 701 1063 906 1108; x_wconf 62' lang='lat' dir='ltr'>Ecclesiae</span> <span class='ocrx_word' id='word_1_104' title='bbox 929 1063 1215 1110; x_wconf 81' lang='lat' dir='ltr'>foecunditate</span> <span class='ocrx_word' id='word_1_105' title='bbox 1237 1074 1331 1110; x_wconf 85' lang='lat' dir='ltr'>toto</span> <span class='ocrx_word' id='word_1_106' title='bbox 1354 1074 1567 1109; x_wconf 89' lang='lat' dir='ltr'>terrarum</span> <span class='ocrx_word' id='word_1_107' title='bbox 1599 1066 1706 1110; x_wconf 88' lang='lat' dir='ltr'>orbe</span> 
     </span>
     <span class='ocr_line' id='line_1_14' title="bbox 316 1134 1701 1196; baseline 0.001 -17"><span class='ocrx_word' id='word_1_108' title='bbox 316 1134 488 1179; x_wconf 84' lang='lat' dir='ltr'>diffusae</span> <span class='ocrx_word' id='word_1_109' title='bbox 514 1135 692 1178; x_wconf 87' lang='lat' dir='ltr'>senserit</span> <span class='ocrx_word' id='word_1_110' title='bbox 720 1135 981 1194; x_wconf 85' lang='lat' dir='ltr'>Cyprianus,</span> <span class='ocrx_word' id='word_1_111' title='bbox 1021 1134 1198 1179; x_wconf 87' lang='lat' dir='ltr'>attende</span> <span class='ocrx_word' id='word_1_112' title='bbox 1229 1135 1275 1179; x_wconf 87' lang='lat' dir='ltr'>in</span> <span class='ocrx_word' id='word_1_113' title='bbox 1299 1135 1364 1179; x_wconf 91' lang='lat' dir='ltr'>his</span> <span class='ocrx_word' id='word_1_114' title='bbox 1388 1151 1488 1195; x_wconf 88' lang='lat' dir='ltr'>quae</span> <span class='ocrx_word' id='word_1_115' title='bbox 1515 1135 1701 1196; x_wconf 80' lang='lat' dir='ltr'>subjun-</span> 
     </span>
     <span class='ocr_line' id='line_1_15' title="bbox 317 1205 1708 1266; baseline 0.001 -17"><span class='ocrx_word' id='word_1_116' title='bbox 317 1206 399 1265; x_wconf 88' lang='lat' dir='ltr'>git:</span> <span class='ocrx_word' id='word_1_117' title='bbox 423 1224 439 1243; x_wconf 89' lang='lat'>«</span> <span class='ocrx_word' id='word_1_118' title='bbox 469 1205 553 1259; x_wconf 89' lang='lat' dir='ltr'>Sic,</span> <span class='ocrx_word' id='word_1_119' title='bbox 587 1205 746 1264; x_wconf 84' lang='lat' dir='ltr'>inquit,</span> <span class='ocrx_word' id='word_1_120' title='bbox 780 1214 823 1248; x_wconf 89' lang='lat' dir='ltr'>et</span> <span class='ocrx_word' id='word_1_121' title='bbox 851 1205 1042 1249; x_wconf 90' lang='lat' dir='ltr'>Ecclesia</span> <span class='ocrx_word' id='word_1_122' title='bbox 1076 1207 1249 1250; x_wconf 89' lang='lat' dir='ltr'>Domini</span> <span class='ocrx_word' id='word_1_123' title='bbox 1280 1206 1378 1250; x_wconf 86' lang='lat' dir='ltr'>luce</span> <span class='ocrx_word' id='word_1_124' title='bbox 1411 1205 1602 1265; x_wconf 88' lang='lat' dir='ltr'>perfusa,</span> <span class='ocrx_word' id='word_1_125' title='bbox 1629 1221 1708 1266; x_wconf 88' lang='lat' dir='ltr'>per</span> 
     </span>
     <span class='ocr_line' id='line_1_16' title="bbox 313 1274 1706 1336; baseline 0 -15"><span class='ocrx_word' id='word_1_126' title='bbox 313 1276 464 1322; x_wconf 90' lang='lat' dir='ltr'>orbem</span> <span class='ocrx_word' id='word_1_127' title='bbox 492 1285 635 1320; x_wconf 90' lang='lat' dir='ltr'>totum</span> <span class='ocrx_word' id='word_1_128' title='bbox 669 1274 809 1319; x_wconf 88' lang='lat' dir='ltr'>radios</span> <span class='ocrx_word' id='word_1_129' title='bbox 846 1292 944 1321; x_wconf 90' lang='lat' dir='ltr'>suos</span> <span class='ocrx_word' id='word_1_130' title='bbox 980 1276 1177 1336; x_wconf 88' lang='lat' dir='ltr'>porrigit,</span> <span class='ocrx_word' id='word_1_131' title='bbox 1216 1292 1357 1321; x_wconf 90' lang='lat' dir='ltr'>unum</span> <span class='ocrx_word' id='word_1_132' title='bbox 1383 1286 1530 1321; x_wconf 87' lang='lat' dir='ltr'>tamen</span> <span class='ocrx_word' id='word_1_133' title='bbox 1557 1277 1706 1322; x_wconf 91' lang='lat' dir='ltr'>lumen</span> 
     </span>
     <span class='ocr_line' id='line_1_17' title="bbox 316 1346 1707 1408; baseline 0.001 -16"><span class='ocrx_word' id='word_1_134' title='bbox 316 1357 380 1392; x_wconf 90' lang='lat' dir='ltr'>est</span> <span class='ocrx_word' id='word_1_135' title='bbox 403 1346 524 1407; x_wconf 87' lang='lat' dir='ltr'>quod</span> <span class='ocrx_word' id='word_1_136' title='bbox 546 1347 713 1406; x_wconf 89' lang='lat' dir='ltr'>ubique</span> <span class='ocrx_word' id='word_1_137' title='bbox 735 1346 1015 1403; x_wconf 82' lang='lat' dir='ltr'>diffunditur,</span> <span class='ocrx_word' id='word_1_138' title='bbox 1041 1364 1121 1393; x_wconf 91' lang='lat' dir='ltr'>nec</span> <span class='ocrx_word' id='word_1_139' title='bbox 1144 1349 1288 1392; x_wconf 90' lang='lat' dir='ltr'>unitas</span> <span class='ocrx_word' id='word_1_140' title='bbox 1309 1349 1499 1407; x_wconf 90' lang='lat' dir='ltr'>corporis</span> <span class='ocrx_word' id='word_1_141' title='bbox 1531 1364 1707 1408; x_wconf 87' lang='lat' dir='ltr'>separa-</span> 
     </span>
     <span class='ocr_line' id='line_1_18' title="bbox 315 1417 1709 1478; baseline 0.001 -16"><span class='ocrx_word' id='word_1_142' title='bbox 315 1427 403 1462; x_wconf 87' lang='lat' dir='ltr'>tur.</span> <span class='ocrx_word' id='word_1_143' title='bbox 443 1421 604 1462; x_wconf 84' lang='lat' dir='ltr'>Ramos</span> <span class='ocrx_word' id='word_1_144' title='bbox 641 1433 740 1461; x_wconf 89' lang='lat' dir='ltr'>suos</span> <span class='ocrx_word' id='word_1_145' title='bbox 780 1417 825 1461; x_wconf 91' lang='lat' dir='ltr'>in</span> <span class='ocrx_word' id='word_1_146' title='bbox 863 1419 1105 1463; x_wconf 89' lang='lat' dir='ltr'>universam</span> <span class='ocrx_word' id='word_1_147' title='bbox 1143 1428 1300 1463; x_wconf 90' lang='lat' dir='ltr'>terram</span> <span class='ocrx_word' id='word_1_148' title='bbox 1338 1420 1464 1478; x_wconf 86' lang='lat' dir='ltr'>copia</span> <span class='ocrx_word' id='word_1_149' title='bbox 1495 1419 1709 1464; x_wconf 84' lang='lat' dir='ltr'>ubertatis</span> 
     </span>
     <span class='ocr_line' id='line_1_19' title="bbox 316 1487 1710 1548; baseline 0.001 -16"><span class='ocrx_word' id='word_1_150' title='bbox 316 1488 538 1541; x_wconf 83' lang='lat' dir='ltr'>extendit,</span> <span class='ocrx_word' id='word_1_151' title='bbox 565 1487 831 1546; x_wconf 85' lang='lat' dir='ltr'>profluentes</span> <span class='ocrx_word' id='word_1_152' title='bbox 849 1488 1023 1546; x_wconf 84' lang='lat' dir='ltr'>largiter</span> <span class='ocrx_word' id='word_1_153' title='bbox 1045 1490 1158 1533; x_wconf 91' lang='lat' dir='ltr'>rivos</span> <span class='ocrx_word' id='word_1_154' title='bbox 1174 1489 1303 1533; x_wconf 88' lang='lat' dir='ltr'>latius</span> <span class='ocrx_word' id='word_1_155' title='bbox 1321 1489 1551 1548; x_wconf 82' lang='lat' dir='ltr'>expandit,</span> <span class='ocrx_word' id='word_1_156' title='bbox 1571 1504 1710 1534; x_wconf 91' lang='lat' dir='ltr'>unum</span> 
     </span>
     <span class='ocr_line' id='line_1_20' title="bbox 315 1558 1755 1620; baseline 0.002 -19"><span class='ocrx_word' id='word_1_157' title='bbox 315 1567 464 1602; x_wconf 89' lang='lat' dir='ltr'>tamen</span> <span class='ocrx_word' id='word_1_158' title='bbox 486 1567 618 1617; x_wconf 86' lang='lat' dir='ltr'>caput</span> <span class='ocrx_word' id='word_1_159' title='bbox 639 1570 718 1612; x_wconf 85' lang='lat' dir='ltr'>est,</span> <span class='ocrx_word' id='word_1_160' title='bbox 740 1569 783 1602; x_wconf 87' lang='lat' dir='ltr'>et</span> <span class='ocrx_word' id='word_1_161' title='bbox 803 1559 925 1618; x_wconf 83' lang='lat' dir='ltr'>origo</span> <span class='ocrx_word' id='word_1_162' title='bbox 948 1575 1051 1615; x_wconf 91' lang='lat' dir='ltr'>una,</span> <span class='ocrx_word' id='word_1_163' title='bbox 1078 1569 1120 1604; x_wconf 88' lang='lat' dir='ltr'>et</span> <span class='ocrx_word' id='word_1_164' title='bbox 1143 1576 1229 1604; x_wconf 91' lang='lat' dir='ltr'>una</span> <span class='ocrx_word' id='word_1_165' title='bbox 1251 1569 1390 1604; x_wconf 87' lang='lat' dir='ltr'>mater</span> <span class='ocrx_word' id='word_1_166' title='bbox 1411 1558 1711 1604; x_wconf 88' lang='lat' dir='ltr'>foecunditatis</span> <span class='ocrx_word' id='word_1_167' title='bbox 1747 1607 1755 1620; x_wconf 38' lang='grc' dir='ltr'><em>Ι</em></span> 
     </span>
     <span class='ocr_line' id='line_1_21' title="bbox 316 1628 1710 1691; baseline 0.001 -18"><span class='ocrx_word' id='word_1_168' title='bbox 316 1628 583 1673; x_wconf 87' lang='lat' dir='ltr'>successibus</span> <span class='ocrx_word' id='word_1_169' title='bbox 601 1630 788 1688; x_wconf 87' lang='lat' dir='ltr'>copiosa.</span> <span class='ocrx_word' id='word_1_170' title='bbox 811 1647 830 1670; x_wconf 88' lang='lat'>»</span> <span class='ocrx_word' id='word_1_171' title='bbox 851 1633 973 1674; x_wconf 90' lang='lat' dir='ltr'>Hanc</span> <span class='ocrx_word' id='word_1_172' title='bbox 991 1630 1228 1675; x_wconf 88' lang='lat' dir='ltr'>Ecclesiam</span> <span class='ocrx_word' id='word_1_173' title='bbox 1240 1631 1484 1691; x_wconf 87' lang='lat' dir='ltr'>Cyprianus</span> <span class='ocrx_word' id='word_1_174' title='bbox 1501 1631 1546 1674; x_wconf 90' lang='lat' dir='ltr'>in</span> <span class='ocrx_word' id='word_1_175' title='bbox 1565 1631 1710 1690; x_wconf 88' lang='lat' dir='ltr'>Scrip-</span> 
     </span>
     <span class='ocr_line' id='line_1_22' title="bbox 316 1699 1707 1758; baseline 0.001 -14"><span class='ocrx_word' id='word_1_176' title='bbox 316 1699 426 1744; x_wconf 86' lang='lat' dir='ltr'>turis</span> <span class='ocrx_word' id='word_1_177' title='bbox 466 1700 622 1742; x_wconf 88' lang='lat' dir='ltr'>sanctis</span> <span class='ocrx_word' id='word_1_178' title='bbox 654 1699 925 1758; x_wconf 83' lang='lat' dir='ltr'>promissam,</span> <span class='ocrx_word' id='word_1_179' title='bbox 963 1701 1010 1744; x_wconf 91' lang='lat' dir='ltr'>in</span> <span class='ocrx_word' id='word_1_180' title='bbox 1045 1701 1246 1745; x_wconf 88' lang='lat' dir='ltr'>universo</span> <span class='ocrx_word' id='word_1_181' title='bbox 1276 1701 1444 1746; x_wconf 89' lang='lat' dir='ltr'>mundo</span> <span class='ocrx_word' id='word_1_182' title='bbox 1472 1700 1707 1756; x_wconf 87' lang='lat' dir='ltr'>redditam,</span> 
     </span>
     <span class='ocr_line' id='line_1_23' title="bbox 317 1767 1711 1829; baseline 0.001 -16"><span class='ocrx_word' id='word_1_183' title='bbox 317 1767 488 1823; x_wconf 81' lang='lat' dir='ltr'>dilexit,</span> <span class='ocrx_word' id='word_1_184' title='bbox 524 1770 689 1823; x_wconf 89' lang='lat' dir='ltr'>tenuit,</span> <span class='ocrx_word' id='word_1_185' title='bbox 721 1769 1043 1814; x_wconf 89' lang='lat' dir='ltr'>commendavit</span> <span class='ocrx_word' id='word_1_186' title='bbox 1070 1789 1079 1815; x_wconf 88' lang='lat'>:</span> <span class='ocrx_word' id='word_1_187' title='bbox 1104 1786 1236 1829; x_wconf 90' lang='lat' dir='ltr'>quam</span> <span class='ocrx_word' id='word_1_188' title='bbox 1263 1770 1421 1829; x_wconf 90' lang='lat' dir='ltr'>perditi</span> <span class='ocrx_word' id='word_1_189' title='bbox 1447 1770 1711 1815; x_wconf 85' lang='lat' dir='ltr'>schismatici</span> 
     </span>
     <span class='ocr_line' id='line_1_24' title="bbox 318 1838 1712 1900; baseline 0.001 -17"><span class='ocrx_word' id='word_1_190' title='bbox 318 1838 387 1883; x_wconf 90' lang='lat' dir='ltr'>vel</span> <span class='ocrx_word' id='word_1_191' title='bbox 409 1839 601 1883; x_wconf 83' lang='lat' dir='ltr'>haeretici</span> <span class='ocrx_word' id='word_1_192' title='bbox 618 1839 739 1884; x_wconf 80' lang='lat' dir='ltr'>velut</span> <span class='ocrx_word' id='word_1_193' title='bbox 756 1856 779 1883; x_wconf 90' lang='lat' dir='ltr'>a</span> <span class='ocrx_word' id='word_1_194' title='bbox 797 1840 918 1884; x_wconf 88' lang='lat' dir='ltr'>malis</span> <span class='ocrx_word' id='word_1_195' title='bbox 939 1856 982 1884; x_wconf 91' lang='lat' dir='ltr'>se</span> <span class='ocrx_word' id='word_1_196' title='bbox 1002 1841 1225 1885; x_wconf 89' lang='lat' dir='ltr'>dicernere</span> <span class='ocrx_word' id='word_1_197' title='bbox 1247 1856 1296 1886; x_wconf 92' lang='lat' dir='ltr'>ac</span> <span class='ocrx_word' id='word_1_198' title='bbox 1312 1856 1512 1900; x_wconf 89' lang='lat' dir='ltr'>separare</span> <span class='ocrx_word' id='word_1_199' title='bbox 1528 1840 1712 1900; x_wconf 90' lang='lat' dir='ltr'>cupien-</span> 
     </span>
     <span class='ocr_line' id='line_1_25' title="bbox 318 1908 1712 1971; baseline 0.003 -19"><span class='ocrx_word' id='word_1_200' title='bbox 318 1918 396 1963; x_wconf 88' lang='lat' dir='ltr'>tes,</span> <span class='ocrx_word' id='word_1_201' title='bbox 434 1908 718 1953; x_wconf 79' lang='lat' dir='ltr'>seditionibus</span> <span class='ocrx_word' id='word_1_202' title='bbox 751 1910 894 1969; x_wconf 85' lang='lat' dir='ltr'>impiis</span> <span class='ocrx_word' id='word_1_203' title='bbox 922 1910 1209 1971; x_wconf 86' lang='lat' dir='ltr'>reliquerunt.</span> <span class='ocrx_word' id='word_1_204' title='bbox 1245 1911 1332 1965; x_wconf 90' lang='lat' dir='ltr'>Qui</span> <span class='ocrx_word' id='word_1_205' title='bbox 1362 1927 1420 1956; x_wconf 90' lang='lat' dir='ltr'>ne</span> <span class='ocrx_word' id='word_1_206' title='bbox 1447 1926 1546 1956; x_wconf 92' lang='lat' dir='ltr'>suos</span> <span class='ocrx_word' id='word_1_207' title='bbox 1575 1911 1712 1956; x_wconf 79' lang='lat' dir='ltr'>exitus</span> 
     </span>
     <span class='ocr_line' id='line_1_26' title="bbox 320 1979 1712 2037; baseline 0.003 -15"><span class='ocrx_word' id='word_1_208' title='bbox 320 1979 475 2037; x_wconf 90' lang='lat' dir='ltr'>impios</span> <span class='ocrx_word' id='word_1_209' title='bbox 507 1980 628 2023; x_wconf 88' lang='lat' dir='ltr'>vanis</span> <span class='ocrx_word' id='word_1_210' title='bbox 658 1981 1008 2026; x_wconf 78' lang='lat' dir='ltr'>excusationibus</span> <span class='ocrx_word' id='word_1_211' title='bbox 1044 1981 1223 2026; x_wconf 88' lang='lat' dir='ltr'>abluere</span> <span class='ocrx_word' id='word_1_212' title='bbox 1251 1990 1531 2036; x_wconf 87' lang='lat' dir='ltr'>conarentur,</span> <span class='ocrx_word' id='word_1_213' title='bbox 1564 1990 1712 2026; x_wconf 88' lang='lat' dir='ltr'>sancta</span> 
     </span>
     <span class='ocr_line' id='line_1_27' title="bbox 323 2049 1709 2113; baseline 0.002 -20"><span class='ocrx_word' id='word_1_214' title='bbox 323 2049 545 2109; x_wconf 85' lang='lat' dir='ltr'>Scriptura</span> <span class='ocrx_word' id='word_1_215' title='bbox 570 2050 767 2109; x_wconf 79' lang='lat' dir='ltr'>praedixit</span> <span class='ocrx_word' id='word_1_216' title='bbox 796 2071 804 2095; x_wconf 88' lang='lat'>:</span> <span class='ocrx_word' id='word_1_217' title='bbox 834 2070 852 2093; x_wconf 74' lang='lat' dir='ltr'>a</span> <span class='ocrx_word' id='word_1_218' title='bbox 887 2051 1024 2096; x_wconf 91' lang='lat' dir='ltr'>Filius</span> <span class='ocrx_word' id='word_1_219' title='bbox 1046 2052 1186 2097; x_wconf 92' lang='lat' dir='ltr'>malus</span> <span class='ocrx_word' id='word_1_220' title='bbox 1207 2053 1298 2112; x_wconf 89' lang='lat' dir='ltr'>ipse</span> <span class='ocrx_word' id='word_1_221' title='bbox 1321 2068 1365 2096; x_wconf 91' lang='lat' dir='ltr'>se</span> <span class='ocrx_word' id='word_1_222' title='bbox 1380 2053 1550 2113; x_wconf 88' lang='lat' dir='ltr'>justum</span> <span class='ocrx_word' id='word_1_223' title='bbox 1571 2051 1679 2096; x_wconf 84' lang='lat' dir='ltr'>dicit</span> <span class='ocrx_word' id='word_1_224' title='bbox 1696 2085 1709 2108; x_wconf 90' lang='lat'>,</span> 
     </span>
     <span class='ocr_line' id='line_1_28' title="bbox 324 2122 1712 2182; baseline 0.003 -20"><span class='ocrx_word' id='word_1_225' title='bbox 324 2138 345 2161; x_wconf 89' lang='lat'>»</span> <span class='ocrx_word' id='word_1_226' title='bbox 380 2122 544 2165; x_wconf 79' lang='lat' dir='ltr'>exitum</span> <span class='ocrx_word' id='word_1_227' title='bbox 578 2131 725 2166; x_wconf 89' lang='lat' dir='ltr'>autem</span> <span class='ocrx_word' id='word_1_228' title='bbox 756 2138 883 2166; x_wconf 93' lang='lat' dir='ltr'>suum</span> <span class='ocrx_word' id='word_1_229' title='bbox 911 2139 999 2168; x_wconf 92' lang='lat' dir='ltr'>non</span> <span class='ocrx_word' id='word_1_230' title='bbox 1022 2123 1162 2168; x_wconf 90' lang='lat' dir='ltr'>abluit</span> <span class='ocrx_word' id='word_1_231' title='bbox 1185 2126 1216 2167; x_wconf 86' lang='lat'>¹.</span> <span class='ocrx_word' id='word_1_232' title='bbox 1246 2142 1266 2164; x_wconf 86' lang='lat'>»</span> <span class='ocrx_word' id='word_1_233' title='bbox 1291 2123 1401 2178; x_wconf 90' lang='lat' dir='ltr'>Quia</span> <span class='ocrx_word' id='word_1_234' title='bbox 1423 2138 1504 2168; x_wconf 89' lang='lat' dir='ltr'>nec</span> <span class='ocrx_word' id='word_1_235' title='bbox 1533 2131 1712 2182; x_wconf 88' lang='lat' dir='ltr'>propter</span> 
     </span>
     <span class='ocr_line' id='line_1_29' title="bbox 322 2189 1713 2252; baseline 0.003 -19"><span class='ocrx_word' id='word_1_236' title='bbox 322 2189 457 2234; x_wconf 87' lang='lat' dir='ltr'>malos</span> <span class='ocrx_word' id='word_1_237' title='bbox 494 2191 569 2250; x_wconf 87' lang='lat' dir='ltr'>qui</span> <span class='ocrx_word' id='word_1_238' title='bbox 600 2190 806 2236; x_wconf 86' lang='lat' dir='ltr'>videntur</span> <span class='ocrx_word' id='word_1_239' title='bbox 846 2208 939 2239; x_wconf 88' lang='lat' dir='ltr'>esse</span> <span class='ocrx_word' id='word_1_240' title='bbox 967 2194 1100 2250; x_wconf 85' lang='lat' dir='ltr'>intuS‚</span> <span class='ocrx_word' id='word_1_241' title='bbox 1132 2193 1360 2238; x_wconf 86' lang='lat' dir='ltr'>deserendi</span> <span class='ocrx_word' id='word_1_242' title='bbox 1385 2202 1488 2237; x_wconf 89' lang='lat' dir='ltr'>sunt</span> <span class='ocrx_word' id='word_1_243' title='bbox 1508 2192 1615 2237; x_wconf 89' lang='lat' dir='ltr'>boni</span> <span class='ocrx_word' id='word_1_244' title='bbox 1635 2192 1713 2252; x_wconf 90' lang='lat' dir='ltr'>qui</span> 
     </span>
     <span class='ocr_line' id='line_1_30' title="bbox 323 2270 700 2305; baseline 0.005 -3"><span class='ocrx_word' id='word_1_245' title='bbox 323 2274 424 2303; x_wconf 85' lang='lat' dir='ltr'>vere</span> <span class='ocrx_word' id='word_1_246' title='bbox 446 2271 547 2305; x_wconf 88' lang='lat' dir='ltr'>sunt</span> <span class='ocrx_word' id='word_1_247' title='bbox 569 2270 700 2305; x_wconf 83' lang='lat' dir='ltr'>intus.</span> 
     </span>
    </p>

    <p class='ocr_par' dir='ltr' id='par_1_3' title="bbox 324 2331 1711 2531">
     <span class='ocr_line' id='line_1_31' title="bbox 382 2331 1711 2394; baseline 0.002 -20"><span class='ocrx_word' id='word_1_248' title='bbox 382 2333 544 2375; x_wconf 83' lang='lat' dir='ltr'>XLIII.</span> <span class='ocrx_word' id='word_1_249' title='bbox 581 2335 692 2375; x_wconf 88' lang='lat' dir='ltr'>Hinc</span> <span class='ocrx_word' id='word_1_250' title='bbox 713 2331 865 2376; x_wconf 90' lang='lat' dir='ltr'>beatus</span> <span class='ocrx_word' id='word_1_251' title='bbox 891 2333 1137 2392; x_wconf 86' lang='lat' dir='ltr'>Cyprianus</span> <span class='ocrx_word' id='word_1_252' title='bbox 1160 2333 1269 2394; x_wconf 90' lang='lat' dir='ltr'>quid</span> <span class='ocrx_word' id='word_1_253' title='bbox 1289 2333 1469 2377; x_wconf 86' lang='lat' dir='ltr'>senserit</span> <span class='ocrx_word' id='word_1_254' title='bbox 1492 2333 1639 2392; x_wconf 87' lang='lat' dir='ltr'>accipe</span> <span class='ocrx_word' id='word_1_255' title='bbox 1661 2347 1711 2376; x_wconf 82' lang='lat' dir='ltr'>ex</span> 
     </span>
     <span class='ocr_line' id='line_1_32' title="bbox 324 2401 1711 2464; baseline 0.003 -20"><span class='ocrx_word' id='word_1_256' title='bbox 324 2401 517 2460; x_wconf 81' lang='lat' dir='ltr'>Epistola</span> <span class='ocrx_word' id='word_1_257' title='bbox 541 2418 673 2462; x_wconf 84' lang='lat' dir='ltr'>quam</span> <span class='ocrx_word' id='word_1_258' title='bbox 703 2403 869 2462; x_wconf 87' lang='lat' dir='ltr'>scripsit</span> <span class='ocrx_word' id='word_1_259' title='bbox 893 2404 946 2448; x_wconf 89' lang='lat' dir='ltr'>ad</span> <span class='ocrx_word' id='word_1_260' title='bbox 968 2405 1270 2464; x_wconf 88' lang='lat' dir='ltr'>presbyterum</span> <span class='ocrx_word' id='word_1_261' title='bbox 1298 2404 1534 2449; x_wconf 80' lang='lat' dir='ltr'>Maximum</span> <span class='ocrx_word' id='word_1_262' title='bbox 1559 2414 1602 2448; x_wconf 90' lang='lat' dir='ltr'>et</span> <span class='ocrx_word' id='word_1_263' title='bbox 1623 2419 1711 2449; x_wconf 82' lang='lat' dir='ltr'>cae-</span> 
     </span>
     <span class='ocr_line' id='line_1_33' title="bbox 325 2473 1711 2531; baseline 0.004 -17"><span class='ocrx_word' id='word_1_264' title='bbox 325 2479 454 2525; x_wconf 63' lang='lat' dir='ltr'>term,</span> <span class='ocrx_word' id='word_1_265' title='bbox 475 2473 636 2531; x_wconf 84' lang='lat' dir='ltr'>quibus</span> <span class='ocrx_word' id='word_1_266' title='bbox 653 2473 707 2517; x_wconf 90' lang='lat' dir='ltr'>de</span> <span class='ocrx_word' id='word_1_267' title='bbox 725 2474 997 2520; x_wconf 88' lang='lat' dir='ltr'>schismatico</span> <span class='ocrx_word' id='word_1_268' title='bbox 1022 2485 1065 2520; x_wconf 89' lang='lat' dir='ltr'>et</span> <span class='ocrx_word' id='word_1_269' title='bbox 1088 2476 1294 2522; x_wconf 88' lang='lat' dir='ltr'>haeretico</span> <span class='ocrx_word' id='word_1_270' title='bbox 1314 2490 1459 2521; x_wconf 84' lang='lat' dir='ltr'>errore</span> <span class='ocrx_word' id='word_1_271' title='bbox 1477 2475 1533 2520; x_wconf 86' lang='lat' dir='ltr'>ad</span> <span class='ocrx_word' id='word_1_272' title='bbox 1555 2474 1711 2520; x_wconf 86' lang='lat' dir='ltr'>Eccle-</span> 
     </span>
    </p>

    <p class='ocr_par' dir='ltr' id='par_1_4' title="bbox 378 2557 917 2599">
     <span class='ocr_line' id='line_1_34' title="bbox 378 2557 917 2599; baseline 0.013 -14"><span class='ocrx_word' id='word_1_273' title='bbox 378 2561 383 2576; x_wconf 59' lang='grc' dir='ltr'>ἰ</span> <span class='ocrx_word' id='word_1_274' title='bbox 410 2557 502 2587; x_wconf 85' lang='lat' dir='ltr'>Prov.</span> <span class='ocrx_word' id='word_1_275' title='bbox 522 2567 610 2591; x_wconf 75' lang='lat' dir='ltr'>xxiv,</span> <span class='ocrx_word' id='word_1_276' title='bbox 632 2566 687 2598; x_wconf 83' lang='lat'>22,</span> <span class='ocrx_word' id='word_1_277' title='bbox 708 2558 801 2599; x_wconf 82' lang='lat' dir='ltr'>J&#39;uxta</span> <span class='ocrx_word' id='word_1_278' title='bbox 815 2560 917 2593; x_wconf 75' lang='lat' dir='ltr'><strong>Lxx.</strong></span> 
     </span>
    </p>
   </div>
  </div>
 </body>
</html>
