1825 3264
279 302 441 331 conruit
473 302 736 330 canseonmm
771 303 1058 342 nomn-isnin,
1093 305 1176 331 Lm.
1214 306 1272 332 ιν.
1388 291 1471 332 483

91 368 238 423 fidem,
254 383 398 430 neque
415 378 464 413 ut
487 370 576 429 ipsa
589 370 642 414 sit
655 368 775 428 origo
797 377 840 413 et
862 369 981 413 radix
1000 379 1219 430 caputque
1240 369 1470 427 credentis,

90 437 166 483 sed
197 453 274 498 per
306 439 442 499 ipsam
469 439 666 485 Christus
695 437 872 494 abluat,
905 454 980 499 per
1009 440 1144 499 ipsam
1172 441 1369 486 Christus
1401 442 1476 485 det

89 509 242 564 fidem,
267 525 344 570 per
365 511 502 571 ipsam
525 512 726 558 Christus
747 510 801 556 sit
826 511 948 570 origo
973 512 1222 567 Christiani,
1250 529 1326 573 per
1341 513 1476 572 ipsam

91 581 136 624 in
157 581 330 626 Christo
348 582 538 627 radicem
551 581 822 628 Christianus
844 582 1010 640 infigat,
1032 598 1108 643 per
1126 583 1260 642 ipsam
1279 584 1477 629 Christus

90 652 323 698 Christiani
342 654 396 698 sit
414 662 562 713 caput.
592 654 697 698 Ideo
719 653 836 697 enim
867 654 1025 713 quaeris
1058 669 1134 714 per
1167 652 1298 714 quem
1323 654 1479 698 melius

91 723 167 766 fiat
183 757 195 777 ,
225 723 348 783 quod
374 739 397 768 a
426 724 600 770 Christo
628 724 720 768 fieri
742 724 944 768 concedis
969 743 977 768 :
999 724 1074 768 ubi
1099 733 1142 768 et
1164 735 1230 780 tu,
1262 734 1479 785 quantum

92 793 219 838 video
239 829 250 849 ,
287 810 376 840 non
404 811 535 854 negas
570 796 654 839 hoc
692 796 784 838 fieri
814 810 938 854 posse
972 796 1100 840 etiam
1131 811 1207 855 per
1234 796 1481 840 ministrum

93 865 279 919 malum,
304 865 380 909 sed
397 864 504 924 dicis
522 864 676 909 melius
699 881 823 924 posse
845 881 922 925 per
945 867 1126 910 bonum.
1146 866 1263 918 Quid
1283 876 1346 910 est
1366 867 1483 910 enim

94 933 213 979 aliud
235 935 357 994 quod
378 934 483 980 dicis
508 952 519 979 :
548 954 565 975 «
590 937 683 980 Hoc
704 943 747 978 et
776 950 854 979 nos
872 934 1118 990 suademus,
1145 936 1228 980 hoc
1255 936 1481 992 volumus·⁷

94 1005 170 1050 sed
198 1006 435 1066 quaerimus
455 1022 532 1066 per
552 1021 684 1065 quem
704 1006 857 1051 melius
878 1007 955 1051 fiat
977 1008 995 1050 P
1020 1025 1039 1048 »
1060 1009 1122 1051 Ac
1144 1022 1222 1066 per
1237 1009 1322 1052 hoc
1345 1006 1484 1051 abluit

94 1076 292 1121 Christus
312 1086 355 1121 et
379 1092 456 1137 per
471 1077 736 1122 maculosam
764 1091 854 1120 non
876 1085 1025 1121 sancte
1046 1077 1212 1131 dantis,
1238 1077 1314 1121 sed
1332 1076 1485 1121 melius

96 1162 173 1207 per
195 1147 402 1192 mundam
416 1157 562 1193 sancte
575 1148 717 1192 dantis
734 1148 1068 1193 conscientiam:
1091 1147 1165 1192 dat
1187 1148 1317 1193 fidem
1335 1148 1486 1193 Chris-

96 1227 167 1262 tus
191 1227 235 1262 et
257 1233 331 1277 per
350 1218 595 1263 ministrum
621 1216 783 1262 malurn
803 1253 813 1272 ,
838 1218 915 1261 sed
938 1217 1091 1262 melius
1119 1233 1196 1277 per
1222 1219 1388 1263 bonum
1408 1237 1417 1262 ε
1437 1218 1489 1262 fit

96 1288 293 1334 Christus
315 1289 436 1348 origo
458 1289 690 1334 Christiani
714 1298 757 1333 et
782 1304 859 1348 per
879 1288 1222 1348 dispensatorem
1246 1289 1485 1348 infidelem,

98 1358 174 1402 sed
212 1358 367 1403 melius
404 1375 482 1419 per
515 1358 685 1403 fidelem
729 1378 738 1403 :
775 1359 1047 1404 Christianus
1082 1359 1268 1403 radicem
1313 1359 1406 1417 figit
1445 1359 1490 1402 in

98 1428 271 1474 Christo
304 1430 434 1473 etiam
467 1445 544 1488 per
580 1428 785 1473 colonum
825 1430 1089 1488 reprobum,
1132 1429 1204 1473 sed
1238 1428 1391 1473 melius
1415 1444 1491 1488 per

98 1499 289 1558 probum
311 1518 319 1544 :
343 1508 485 1559 potest
506 1499 702 1545 Christus
725 1515 815 1544 esse
836 1509 969 1559 caput
990 1499 1224 1544 Christiani
1242 1509 1286 1544 et
1304 1516 1382 1559 per
1405 1503 1489 1544 Fe-

99 1569 324 1625 licianum,
338 1572 414 1615 sed
430 1571 583 1615 melius
600 1571 816 1615 existimas
834 1586 911 1630 per
933 1571 1219 1615 Primianum.

160 1643 323 1685 XXIV.
350 1645 486 1686 Parva
509 1642 657 1701 itaque
684 1642 798 1685 inter
828 1656 906 1686 nos
939 1641 983 1684 in
1015 1641 1095 1685 hac
1126 1656 1170 1685 re
1208 1650 1283 1685 aut
1314 1640 1494 1686 fortasse

102 1711 224 1756 nulla
246 1711 454 1758 dissensio
483 1722 561 1758 est.
592 1716 700 1758 Nam
736 1722 779 1757 et
806 1727 885 1771 ego
919 1712 1017 1756 dico
1050 1711 1202 1754 melius
1226 1725 1302 1770 per
1325 1711 1493 1756 bonum

103 1783 349 1827 ministrum
381 1799 514 1844 quam
558 1799 634 1843 per
665 1783 829 1828 malum
863 1782 1100 1842 dispensari
1135 1792 1402 1827 sacramenta
1424 1784 1496 1826 di-

103 1852 206 1897 vina
232 1871 241 1898 :
265 1867 416 1897 verum
445 1854 528 1898 hoc
558 1862 734 1913 propter
772 1853 912 1912 ipsum
950 1851 1196 1895 ministrum
1225 1851 1378 1896 melius
1405 1861 1493 1908 est,

106 1931 157 1967 ut
172 1923 233 1967 eis
256 1924 386 1968 rebus
407 1939 515 1983 quas
530 1924 758 1977 ministrat,
774 1923 861 1966 vita
880 1931 923 1966 et
940 1922 1133 1966 moribus
1149 1932 1360 1980 congruat
1376 1944 1387 1981 3
1408 1939 1499 1972 non

108 2001 286 2052 propter
307 1992 432 2037 ilium
461 1994 537 2053 qui
569 1993 698 2037 etiam
732 1994 765 2036 si
796 1992 1027 2037 incurrerit
1055 1992 1100 2035 in
1128 1992 1375 2036 ministrum
1404 2009 1498 2037 ma-

109 2062 203 2107 lum
222 2062 542 2122 dispensantem
562 2064 803 2117 veritatem,
816 2062 1091 2106 securitatem
1109 2063 1264 2121 accipit
1278 2078 1300 2106 a
1315 2064 1500 2108 Domino

111 2148 190 2178 suo
212 2142 418 2177 monente
443 2147 492 2177 ac
509 2132 682 2177 dicente
705 2152 712 2177 :
739 2152 758 2174 «
778 2136 883 2185 Quae
898 2131 1052 2176 dicunt
1076 2131 1218 2187 facite,
1240 2149 1339 2193 quae
1355 2143 1502 2178 autem

116 2221 137 2245 »
160 2202 353 2257 faciunt,
378 2202 520 2248 facere
542 2202 702 2259 nolite3
732 2201 885 2246 dicunt
907 2202 1020 2246 enim
1038 2237 1049 2257 ‚
1074 2212 1117 2246 et
1134 2219 1223 2247 nou
1250 2204 1458 2249 faciunt&
1480 2223 1500 2245 n

115 2272 243 2318 Addo
264 2274 395 2317 etiam
422 2274 478 2318 ad
506 2274 589 2318 hoc
622 2287 712 2317 esse
737 2271 912 2326 melius,
939 2282 987 2316 ut
1016 2271 1088 2316 ille
1111 2273 1182 2317 cui
1210 2275 1501 2330 ministratur,

117 2343 303 2388 ministri
324 2343 426 2387 boni
448 2342 710 2402 probitatem
735 2358 782 2386 ac
805 2343 1076 2386 sanctitatem
1100 2343 1323 2402 diligendo
1339 2345 1507 2389 facilius

118 2414 312 2458 imitetur
331 2433 340 2458 :
365 2413 441 2458 sed
462 2429 552 2457 non
568 2412 667 2456 ideo
689 2413 855 2456 veriora
878 2421 921 2456 et
942 2414 1154 2458 sanctiora
1177 2425 1278 2459 sunt
1308 2433 1406 2475 quae
1424 2418 1508 2460 mi-

122 2485 375 2539 nistrantur,
406 2484 507 2542 quia
536 2498 613 2542 per
632 2481 853 2526 meliorem
883 2485 1196 2529 ministrantur.
1223 2486 1297 2531 llla
1322 2503 1511 2548 namque

124 2571 202 2616 per
224 2570 268 2599 se
294 2556 384 2614 ipsa
405 2569 507 2599 vera
539 2564 584 2598 et
615 2562 763 2598 sancta
784 2564 884 2598 sunt
911 2565 1086 2614 propter
1122 2560 1254 2601 Deum
1285 2574 1435 2603 verum
1469 2569 1512 2604 ct

175 2645 186 2663 Ι
210 2636 332 2671 Matth.
350 2647 440 2678 xxm,
460 2638 489 2669 3.

1261 2699 1324 2735 31.
