1825 3264
347 269 430 305 260
773 272 805 300 S.
843 273 1071 300 Aiois'rlm
1107 274 1283 301 Eriscoiu

344 361 365 383 »
391 341 549 400 inquit,
573 338 760 382 detinuit
778 353 846 382 me
862 354 884 382 a
900 338 1200 397 peccatoribus
1222 338 1568 396 relinquentibus
1590 336 1731 395 legem

345 431 364 454 »
392 422 511 456 tuam
539 413 567 454 ¹.
598 428 617 450 ι)
644 412 740 469 Ipse
759 410 863 454 item
886 408 1045 453 clamat
1062 444 1072 463 ,
1100 424 1200 453 cum
1219 408 1371 453 eodem
1390 407 1522 452 taedio
1545 423 1618 452 cor
1640 409 1730 468 ejus

340 483 516 541 angitur
543 499 551 525 z
578 480 653 524 sed
678 478 855 524 videant
885 480 1004 523 unde
1037 479 1210 524 clamat.
1256 498 1274 520 «
1303 483 1338 523 A
1380 478 1542 522 finibus
1570 488 1696 522 terrae
1717 513 1728 533 ,

341 572 361 594 »
381 552 542 612 inquit,
579 550 634 594 ad
662 560 704 594 te
731 549 982 605 exclamavi,
1012 549 1118 594 dum
1153 559 1384 609 angeretur
1413 565 1487 594 cor
1516 563 1676 593 meum.
1705 567 1726 590 »

340 627 436 683 lpse
461 621 803 681 persecutionem
822 636 922 664 vere
944 635 1023 679 pro
1039 621 1203 679 justitia
1226 620 1408 680 patitur,
1430 635 1518 663 non
1537 619 1679 664 solum
1697 618 1733 663 si

336 693 564 739 tormentis
595 690 895 750 corporalibus
931 692 1136 750 patiatur,
1167 692 1249 736 hoc
1273 692 1390 735 enim
1417 706 1502 735 non
1529 705 1730 750 semper,

336 765 411 808 sed
440 763 560 823 quod
591 778 783 822 semper,
823 761 1020 822 quandiu
1050 771 1241 806 transeat
1271 761 1505 821 iniquitas,
1540 761 1728 820 patitur,

334 836 555 880 cruciatus
570 833 772 879 videlicet
790 835 948 886 cordis,
971 849 1069 877 cum
1090 849 1189 877 eum
1209 832 1388 877 taedium
1405 833 1572 877 detinet
1589 848 1610 876 a
1631 847 1733 892 pec-

336 907 555 951 catoribus
582 905 927 964 relinquentibus
950 904 1088 962 legem
1116 904 1205 948 Dei.
1239 907 1389 963 Neque
1420 904 1535 947 enim
1566 902 1731 946 nullam

336 977 681 1038 persecutionem
708 976 818 1019 Loth
844 976 888 1018 in
920 975 1118 1019 Sodomis
1141 975 1389 1033 patiebatur
1412 978 1452 1026 ²,
1480 974 1557 1018 ubi
1583 982 1732 1018 tamen

337 1049 376 1092 ei
395 1048 609 1091 habitanti
624 1044 771 1088 nullus
789 1060 862 1103 per
877 1045 1122 1103 corporales
1136 1060 1290 1104 poenas
1308 1043 1517 1088 molestus
1536 1042 1636 1098 suit,
1656 1042 1732 1087 sed

334 1126 510 1176 aspectu
542 1126 584 1160 et
618 1115 770 1159 auditu
795 1116 938 1174 justus
967 1115 1215 1158 inhabitans
1243 1115 1432 1158 animam
1460 1115 1622 1173 justam
1644 1113 1731 1157 ini-

333 1188 429 1248 quis
452 1186 636 1230 aliorum
660 1184 922 1229 factionibus
941 1185 1162 1229 cruciabat
1181 1186 1213 1228 3.
1242 1189 1299 1228 De
1319 1186 1402 1229 hoc
1422 1185 1526 1229 dicit
1544 1188 1732 1243 Aposto-

333 1258 416 1313 lus,
447 1277 463 1298 α
495 1257 578 1303 Sed
598 1266 641 1300 et
663 1271 813 1300 omnes
835 1257 909 1316 qui
932 1255 1088 1300 volunt
1110 1257 1154 1299 in
1177 1257 1350 1302 Christo
1372 1257 1442 1316 pic
1465 1257 1608 1300 vivere
1632 1271 1730 1313 per-

339 1347 360 1370 »
386 1329 652 1373 secutionem
676 1327 897 1385 patientur
920 1328 951 1369 ⁴.
977 1346 996 1368 »
1018 1330 1079 1371 De
1102 1327 1185 1371 illis
1212 1337 1355 1371 autem
1379 1327 1455 1387 qui
1478 1326 1732 1388 relinquunt

336 1401 474 1458 legem
504 1400 580 1443 Dei
597 1434 607 1451 ,
634 1398 708 1456 (de
739 1398 899 1457 quibus
927 1397 1033 1442 dicit
1055 1399 1169 1442 idem
1194 1399 1334 1458 ipsum
1364 1414 1521 1458 corpus
1543 1399 1727 1454 Christi,

339 1491 354 1512 (ι
386 1471 485 1514 Vidi
508 1472 759 1523 insensatos,
785 1480 826 1514 et
850 1470 1171 1527 tabescebam5)
1191 1489 1199 1515 :
1221 1489 1239 1512 «
1264 1469 1367 1514 Mali
1386 1479 1549 1524 autem,
1569 1470 1728 1529 inquit,

341 1562 359 1584 »
388 1551 429 1586 et
458 1541 688 1585 facinorosi
710 1541 938 1598 proficient
960 1541 1004 1584 in
1031 1542 1152 1600 pejus
1174 1576 1184 1596 ,
1215 1541 1296 1600 ipsi
1321 1550 1512 1585 errantes
1529 1576 1540 1595 ,
1563 1549 1606 1584 et
1627 1540 1731 1585 alios

343 1632 361 1653 n
388 1613 433 1656 in
464 1627 652 1655 errorem
676 1611 896 1654 mittentes
915 1613 948 1653 ⁶.
974 1630 993 1652 »
1021 1612 1103 1656 Sed
1126 1621 1364 1671 utrumque
1390 1613 1473 1656 hoc
1498 1627 1633 1670 genus
1655 1627 1732 1671 per

338 1693 478 1727 totum
507 1682 723 1726 mundum
755 1697 893 1742 usque
917 1683 961 1726 in
987 1683 1117 1726 finem
1146 1699 1154 1723 z
1183 1684 1301 1742 quia,
1341 1702 1357 1722 «
1384 1683 1534 1737 Sinite,
1568 1683 1728 1743 inquit,

342 1774 360 1795 a
394 1765 579 1813 utraque
613 1768 803 1796 crescere
847 1768 983 1811 usque
1018 1753 1072 1796 ad
1108 1768 1285 1797 messem
1317 1773 1325 1798 :
1356 1769 1457 1812 ager
1491 1764 1635 1799 autem
1668 1763 1732 1798 est
1788 1741 1812 1811 2³

343 1844 362 1866 »
395 1824 585 1868 mundus
603 1859 612 1877 ,
639 1825 787 1867 messis
810 1823 905 1867 finis
928 1823 1075 1868 saeculi
1100 1826 1128 1867 ⁷.
1154 1842 1173 1864 n

402 1897 607 1939 XXXIX.
640 1896 952 1937 Verumtamen
977 1894 1080 1938 istos
1106 1895 1237 1938 miror
1260 1909 1349 1939 non
1373 1894 1597 1938 attendere
1624 1893 1732 1952 quid
1786 1889 1809 1949 {l

340 1966 503 2019 dicant,
535 1980 635 2009 cum
663 1963 785 2008 velut
810 1980 888 2024 pro
916 1980 959 2008 se
983 1974 1328 2009 commemorant
1351 1964 1471 2025 quod
1497 1965 1557 2009 ait
1580 1965 1730 2009 Domi-

342 2053 422 2080 nus
442 2072 451 2090 ,
493 2057 512 2078 «
547 2035 680 2079 Filius
715 2035 902 2079 hominis
934 2037 1110 2080 veniens
1139 2045 1266 2096 putas
1296 2037 1485 2081 inveniet
1520 2036 1651 2080 fidem
1685 2036 1730 2080 in
1784 2037 1787 2061 ²

349 2127 365 2147 n
393 2108 532 2150 terrass
547 2109 563 2148 ⁸?
581 2107 736 2164 »quasi
751 2105 895 2150 Africa
913 2122 1002 2150 non
1016 2108 1069 2151 sit
1086 2117 1214 2151 terra.
1235 2107 1276 2152 Si
1290 2108 1404 2151 enim
1423 2107 1506 2151 hoc
1523 2107 1582 2150 ita
1601 2105 1726 2163 dixit,
1782 2135 1785 2140 -

342 2186 552 2236 tanquam
575 2177 755 2221 omnino
780 2176 826 2219 in
847 2176 978 2220 nullis
1000 2178 1254 2222 inventurus
1278 2177 1427 2232 fidem,
1453 2187 1528 2222 aut
1548 2178 1603 2221 de
1625 2193 1730 2237 qua·
1782 2191 1783 2199 ¹

343 2247 444 2291 dam
480 2256 588 2290 terra
621 2246 748 2300 dixit,
782 2255 826 2289 et
855 2246 1070 2290 incertum
1098 2257 1162 2291 est
1190 2247 1244 2291 de.
1266 2264 1351 2307 qua
1374 2247 1552 2304 dixerit3
1579 2256 1654 2291 aut
1675 2247 1730 2290 de

343 2326 434 2361 tota
459 2325 571 2360 terra
601 2315 733 2369 dixit,
759 2325 801 2359 et
823 2332 911 2360 non
935 2317 1165 2360 inveniunt
1186 2316 1409 2376 quomodo
1438 2327 1481 2361 et
1502 2316 1557 2360 de
1584 2317 1730 2361 Africa
1779 2318 1799 2359 ἶ,

343 2402 432 2432 non
461 2385 628 2430 dixerit.
663 2389 773 2431 Sane
801 2385 1000 2441 videant,
1033 2403 1087 2431 ne
1109 2387 1221 2432 forte
1241 2387 1609 2447 consequentibus
1629 2403 1729 2432 ver·
1776 2406 1779 2417 <

397 2514 402 2526 ¹
426 2506 504 2537 Psal.
534 2517 643 2543 cxviii,
664 2509 719 2539 28.
738 2524 779 2530 —
797 2513 809 2528 ²
827 2509 906 2539 Gen.
935 2518 996 2539 xix.
1014 2524 1055 2530 —
1073 2506 1085 2530 3
1105 2517 1124 2540 2
1158 2512 1244 2540 Pctr.
1279 2520 1312 2548 ii,
1333 2519 1362 2549 7.
1378 2509 1444 2538 -4
1465 2517 1484 2540 2
1509 2509 1587 2540 Tim.
1607 2519 1653 2547 111,
1677 2516 1726 2539 12.

348 2577 388 2582 —
408 2558 422 2582 5
449 2561 528 2592 psal.
549 2572 656 2602 cxviii,
677 2562 749 2594 158.
767 2578 808 2585 ·—
828 2559 844 2584 ⁶
869 2572 888 2594 2
906 2563 984 2595 Tim.
1012 2574 1078 2601 xiii,
1099 2564 1150 2596 13.
1168 2580 1209 2587 —
1228 2572 1240 2597 7
1266 2563 1377 2597 Matth.
1399 2575 1470 2605 xiii,
1490 2565 1541 2597 30.
1562 2581 1602 2587 —
1617 2562 1632 2586 3
1651 2565 1726 2596 Luc,
1773 2558 1776 2611 j
1814 2563 1816 2566 '

347 2626 442 2655 xviii,
465 2618 496 2648 8.
