1825 3264
345 236 370 272 6
779 246 811 274 s.
849 247 1078 275 Avensa-1³1
1113 249 1290 274 eviscovi

340 326 431 356 non
452 327 550 372 quae
572 313 674 355 Jesu
696 311 871 367 Christi,
890 321 1054 357 castum
1078 322 1224 356 tamen
1245 321 1338 356 erat
1358 312 1479 373 quod
1495 312 1729 356 annuntia-

341 383 462 426 bant.
489 385 545 426 Et
564 381 731 427 dixerat
757 383 965 428 Dominus
987 383 1042 427 de
1061 382 1325 443 quibusdam
1358 382 1515 428 talibus
1541 403 1551 429 ε
1577 402 1597 424 «
1618 385 1728 437 Quae

343 471 364 493 »
399 452 553 497 dicunt
575 452 719 509 facite,
745 469 845 514 quae
863 463 1008 499 autem
1031 453 1196 498 faciunt
1218 454 1362 498 iacere
1380 453 1516 499 nolite
1540 475 1553 512 3
1574 453 1729 499 dicunt

340 542 361 566 »
396 525 515 582 enin,
540 534 584 570 et
598 541 688 571 non
700 524 907 572 faciunt².
936 545 957 568 »
984 527 1028 572 Si
1048 541 1151 586 ergo
1168 534 1283 571 caste
1300 526 1585 570 annuntiatur
1605 524 1727 585 quod

335 605 499 641 castum
513 606 592 652 est,
609 598 738 642 etiam
752 599 842 658 ipse
856 598 1155 653 annuntiator,
1173 598 1274 658 quia
1285 597 1419 642 verbo
1435 596 1724 652 consociatur,

334 665 586 712 credentem
609 678 906 727 congenerat:
941 669 975 714 si
1006 678 1150 713 autem
1174 668 1263 728 ipse
1297 683 1387 713 non
1420 676 1725 726 regeneretur,

334 748 504 784 castum
519 749 666 784 tamen
683 741 738 785 sit
758 741 880 801 quod
897 741 1144 795 annuntiat,
1165 739 1357 784 nascitur
1373 738 1554 784 credens
1568 754 1659 784 non
1679 754 1731 783 ex

333 809 517 856 ministri
539 810 780 867 sterilitate,
803 811 879 857 sed
901 828 953 857 ex
974 813 1166 857 veritatis
1186 810 1490 857 foecunditate.

392 883 496 925 XII.
534 885 795 927 PETILIANUS
817 882 926 927 dixit
952 902 962 928 :
992 902 1013 924 «
1037 885 1146 936 Quae
1173 898 1276 926 cum
1312 882 1371 927 ita
1404 882 1511 936 sint,
1548 880 1728 935 iratres,

334 968 434 1015 quae
449 962 590 1013 potest
608 969 696 998 esse
714 955 990 1014 perversitas,
1011 964 1060 999 ut
1079 955 1154 1016 qui
1171 955 1258 1000 suis
1272 954 1526 1010 criminibus
1539 966 1637 998 reus
1649 961 1728 1007 est,

335 1024 469 1070 alium
493 1025 624 1070 faciat
645 1026 952 1082 innocentem,
987 1027 1158 1072 dicente
1181 1027 1368 1071 Domino
1390 1029 1493 1071 Jesu
1515 1025 1694 1072 Christo
1718 1045 1731 1083 3

339 1115 359 1138 »
398 1096 542 1141 Arbor
559 1097 673 1141 bona
690 1096 862 1142 tructus
880 1097 1018 1142 bonos
1035 1098 1156 1153 facit,
1176 1098 1306 1142 arbor
1327 1097 1439 1141 mala
1456 1095 1593 1141 malos
1610 1095 1732 1140 fruc-

339 1185 360 1209 »
396 1175 466 1211 tus
485 1165 591 1211 facit
615 1187 623 1212 :
649 1167 866 1227 numquid
887 1167 1098 1226 colligunt
1120 1167 1175 1212 de
1194 1168 1327 1228 spinis
1348 1169 1510 1212 uvas2?
1530 1188 1548 1209 ι
1571 1169 1629 1211 Et
1651 1167 1733 1211 ite-

335 1253 453 1292 rum,
473 1257 494 1279 «
517 1238 669 1282 Omnis
690 1240 823 1284 homo
845 1239 987 1283 bonus
1009 1239 1064 1283 de
1086 1240 1292 1284 thesauro
1313 1237 1457 1283 cordis
1478 1238 1544 1282 sui
1566 1235 1733 1297 profert

338 1327 359 1351 »
394 1309 526 1364 bona,
546 1318 589 1352 et
611 1310 750 1354 omnis
773 1311 905 1355 homo
925 1309 1063 1355 malus
1081 1310 1136 1355 de
1156 1311 1362 1356 thesauro
1382 1309 1526 1356 cordis
1543 1310 1609 1354 sui
1631 1324 1733 1369 pro-

345 1396 366 1422 »
403 1377 487 1424 fert
508 1379 622 1424 mala
637 1381 698 1424 ³.»

399 1453 525 1496 XIII.
549 1455 825 1497 Aucus-rums
842 1452 1065 1512 respondit
1088 1471 1097 1498 :
1121 1452 1272 1497 Omnis
1288 1453 1422 1498 homo
1443 1453 1573 1497 etiam
1591 1451 1626 1496 si
1642 1467 1734 1497 non

338 1521 392 1565 sit
415 1521 501 1566 suis
535 1522 790 1567 criminibus
813 1538 935 1579 reus,
959 1522 1145 1568 alterum
1168 1539 1257 1568 non
1288 1522 1392 1568 feeit
1418 1522 1701 1568 innocentem
1717 1557 1730 1578 ,

343 1593 444 1653 quia
466 1609 555 1638 non
576 1603 639 1638 est
662 1597 776 1639 Deus
801 1615 810 1641 :
836 1594 1030 1655 alioquin
1062 1595 1095 1639 si
1128 1610 1179 1639 ex
1199 1595 1448 1640 innocentia
1475 1593 1735 1654 baptizantis

347 1673 598 1724 expectatur
620 1674 668 1709 ut
690 1667 766 1710 fiat
787 1666 1037 1710 innocentia
1060 1666 1280 1729 baptizati,
1301 1674 1424 1710 tanto
1446 1665 1527 1709 erit
1548 1665 1735 1726 quisque

345 1737 618 1782 innocentior
633 1773 643 1792 ‚
672 1747 838 1798 quanto
859 1737 1204 1783 innocentiorem
1226 1753 1250 1781 a
1278 1753 1368 1798 quo
1399 1737 1643 1797 baptizetur
1663 1736 1736 1781 in-

348 1808 517 1853 venerit
531 1843 542 1863 ‚
568 1818 611 1853 et
633 1818 754 1854 tanto
770 1809 862 1868 ipse
884 1809 1027 1853 minus
1049 1809 1131 1853 erit
1151 1809 1382 1864 innocens,
1403 1818 1570 1869 quanto
1592 1816 1636 1853 et
1661 1806 1737 1853 ille

349 1895 374 1924 a
391 1895 480 1939 quo
502 1879 760 1939 baptizatur.
788 1884 844 1925 Et
863 1882 897 1925 si
918 1881 1032 1926 forte
1050 1889 1201 1925 contra
1223 1880 1413 1941 aliquem
1440 1889 1562 1924 tenet
1583 1879 1735 1925 odium

351 1951 427 2011 qui
448 1950 659 2010 baptizat,
684 1951 768 1996 hoc
791 1960 834 1996 et
860 1951 1020 2012 iniqui
1053 1950 1316 2011 baptizatur,
1348 1951 1652 2011 imputabitur.
1679 1952 1738 1995 Ut

351 2020 459 2082 quid
481 2038 584 2081 ergo
612 2023 740 2067 miser
761 2024 898 2067 currit
916 2024 973 2068 ad
996 2024 1263 2082 baptismum
1285 2024 1304 2065 ‘3
1326 2025 1384 2068 Ut
1399 2023 1439 2067 ei
1460 2021 1739 2067 dimittantur

351 2101 529 2151 peccata
555 2108 657 2147 sua,
693 2108 748 2137 an
777 2102 827 2137 ut
848 2094 1131 2152 imponantur
1162 2093 1304 2138 aliena
1333 2094 1352 2138 Ρ
1379 2096 1449 2138 An
1481 2093 1592 2138 sicut
1618 2092 1739 2137 navis

353 2163 602 2207 mercatoris
624 2162 705 2208 alia
728 2173 878 2223 ponat,
901 2164 983 2208 alia
1000 2165 1238 2223 suscipiat?
1259 2164 1472 2208 Arborem
1494 2172 1640 2207 autem
1662 2163 1739 2208 bo-

354 2249 455 2278 nam
471 2243 513 2277 et
533 2233 722 2279 fructum
735 2235 825 2294 ejus
842 2236 1026 2289 bonum,
1038 2244 1080 2279 et
1095 2235 1293 2279 arborem
1311 2234 1469 2279 malam
1486 2243 1529 2278 et
1544 2232 1738 2278 fructum

355 2306 444 2365 ejus
462 2304 642 2358 malum,
661 2305 858 2349 homines
874 2305 1062 2349 solemus
1078 2304 1337 2364 intelligere,
1352 2313 1396 2349 et
1416 2319 1545 2364 opera
1566 2320 1736 2360 eorum,

353 2377 465 2421 sicut
485 2385 802 2436 consequenter
824 2375 1067 2421 ostenditur
1094 2377 1140 2420 in
1168 2376 1334 2431 verbis,
1368 2391 1469 2436 quae
1490 2385 1540 2420 tu
1561 2392 1740 2437 quoque

350 2447 720 2492 commemorasti:
742 2449 919 2491 «Bonus
934 2447 1067 2492 homo
1084 2446 1140 2491 de
1159 2446 1277 2492 bono
1295 2448 1497 2492 thesauro
1509 2448 1651 2493 cordis
1671 2447 1740 2493 sui

353 2536 375 2559 »
394 2518 559 2576 profert
574 2518 707 2572 hona,
723 2527 767 2562 et
782 2517 922 2563 malus
942 2518 1075 2563 homo
1096 2517 1151 2562 de
1172 2517 1287 2563 malo
1301 2519 1504 2564 thesauro
1514 2518 1656 2564 cordis
1673 2522 1739 2566 sui

367 2589 544 2634 ΩΒτῧΜειηὴ.
568 2613 659 2639 xxm,
683 2603 712 2634 3.
729 2609 794 2626 —2
814 2603 865 2634 Id.
881 2614 941 2640 vn,
967 2605 1068 2636 16.-
1086 2602 1157 2636 ³1d.
1173 2613 1230 2642 xli,
1249 2603 1302 2636 35.
