1825 3264
359 211 442 251 242
797 222 830 248 s.
866 215 1100 248 Aucusrmr
1132 219 1320 248 Emscopr

361 306 380 328 »
402 297 444 331 et
462 284 680 344 accepturi
693 283 790 329 estis
803 299 892 329 non
905 293 1002 344 post
1015 284 1176 330 multos
1190 285 1270 339 hos
1283 284 1387 329 dies.
1412 285 1468 328 At
1484 282 1544 327 illi
1565 282 1744 342 quidem

359 375 379 398 »
399 355 704 400 convenientes
716 355 1040 413 interrogabant
1053 370 1152 398 eum
1165 389 1176 410 ‚
1194 354 1386 398 dicentes
1403 372 1411 397 :
1430 355 1613 398 Domine
1623 387 1634 408 ,
1650 354 1744 399 siin
1819 400 1823 418 ἶ

357 445 377 468 »
399 436 595 486 tempore
605 426 690 470 hoc
705 426 901 470 restitues
916 441 1100 486 regnum
1115 424 1274 470 Isra'e‘l?
1295 425 1464 478 Quibus
1478 423 1743 484 respondens
1818 429 1823 486 ᾗ

359 515 379 539 »
402 497 537 543 dixit:
555 500 652 544 Νοη
670 507 734 543 est
751 507 942 543 vestrum
960 498 1068 543 scire
1087 507 1282 557 tempora
1294 497 1363 542 vel
1377 506 1619 552 momenta,
1644 511 1745 557 quae
1818 551 1820 564 .

357 588 377 610 n
400 572 526 613 Pater
556 571 701 628 posuit
733 569 778 613 in
809 584 886 613 sua
917 578 1131 629 potestate
1146 603 1158 624 ,
1183 568 1257 613 sed
1289 568 1504 627 accipietis
1535 568 1744 612 virtutem
1815 567 1819 632 ᾗ

357 658 377 681 »
404 641 586 700 Spiritus
599 641 736 686 sancti
750 641 1126 701 supervenientem
1141 641 1185 684 in
1198 655 1290 694 vos,
1308 648 1351 684 et
1365 639 1481 684 eritis
1493 640 1597 684 mihi
1616 648 1743 684 testes
1813 644 1818 703 ξ

354 729 375 752 »
398 711 443 755 in
465 711 701 757 Jerusalem
715 747 725 765 ,
750 722 793 756 et
814 713 860 756 in
880 721 969 756 tota
991 711 1161 767 Judaea,
1187 720 1231 755 et
1254 712 1459 766 Samaria,
1477 720 1521 755 et
1537 725 1676 771 usque
1695 710 1742 754 in
1814 714 1825 726 '¹

355 798 375 822 »
399 790 534 826 totam
550 791 708 827 terram
719 784 749 825 ¹.
769 800 789 823 »
807 785 920 826 Ecce
935 791 977 826 et
989 783 1060 826 hic
1075 782 1398 827 manifestatum
1412 790 1475 826 est
1488 781 1606 826 unde
1618 795 1742 840 coep-

350 860 464 905 tura,
487 862 530 896 et
549 868 638 913 quo
655 868 794 914 usque
815 862 1075 912 perventura
1097 862 1206 897 esset
1229 852 1432 898 Ecclesia.

408 925 617 968 XXVIII.
646 925 760 977 Quid
784 923 838 968 ad
860 925 952 968 haec
976 924 1128 968 dicunt
1146 924 1221 984 qui
1239 924 1506 969 Christianos
1523 937 1567 966 se
1589 936 1736 981 super·
1804 945 1819 1168 b

1810 816 1814 873 ἑ

352 993 524 1037 bissime
542 994 696 1038 dicunt
717 1029 727 1049 ,
753 1002 796 1037 et
815 995 988 1039 Christo
1013 993 1278 1053 apertissime
1301 993 1634 1038 contradicunt?
1656 993 1743 1036 Nos

349 1064 462 1107 hanc
489 1064 725 1108 Ecclesiam
750 1074 962 1119 tenemus,
988 1074 1137 1109 contra
1158 1065 1254 1108 istas
1272 1064 1439 1109 divinas
1456 1078 1582 1109 voces
1600 1063 1740 1108 nullas

349 1135 562 1179 humanas
584 1136 902 1180 criminationes
927 1136 1212 1181 admittimus.
1237 1139 1385 1181 Movet
1408 1137 1523 1180 enim
1541 1151 1619 1180 nos
1635 1135 1738 1195 plu·
1804 1170 1808 1191 ,

348 1205 525 1260 rimum,
554 1207 673 1266 quod
703 1208 912 1252 Dominus
945 1216 1107 1262 noster,
1140 1207 1210 1251 cui
1242 1222 1332 1252 non
1364 1207 1541 1252 credere
1568 1205 1742 1250 sacrile-
1811 1178 1817 1255 1

348 1290 452 1334 gum
468 1286 511 1320 et
527 1276 711 1336 impium
727 1287 790 1321 est
808 1312 818 1331 ,
845 1277 1086 1321 novissimis
1103 1278 1245 1322 verbis
1267 1278 1377 1333 suis,
1403 1292 1504 1337 quae
1522 1275 1677 1321 habuit
1693 1276 1740 1320 in
1814 1267 1815 1270 ¹

348 1354 460 1390 terra
478 1381 489 1399 ,
514 1347 608 1390 haec
630 1347 864 1405 primitivae
882 1346 1088 1392 Ecclesiae
1109 1346 1374 1393 documenta
1395 1347 1583 1392 salubria
1601 1357 1645 1391 et
1666 1361 1739 1392 no-

346 1416 518 1460 vissima
531 1416 777 1476 dereliquit.
795 1418 870 1462 His
883 1418 1000 1462 enirn
1014 1418 1139 1463 dictis
1152 1434 1252 1463 mox
1265 1418 1458 1464 ascendit
1473 1419 1519 1462 in
1533 1417 1697 1463 coelum
1724 1436 1733 1461 z

347 1488 608 1545 praemunire
629 1488 769 1533 voluit
789 1504 912 1533 aures
930 1498 1096 1533 nostras
1114 1489 1318 1534 adversus
1336 1504 1408 1534 eos
1427 1524 1438 1545 ,
1455 1505 1565 1549 quos
1582 1503 1737 1549 proce-

348 1555 553 1602 dentibus
591 1558 860 1618 temporibus
895 1569 1195 1604 exurrecturos
1228 1576 1318 1605 esse
1354 1561 1649 1620 praedixerat,
1694 1568 1737 1604 et

345 1626 562 1673 dicturos:
581 1648 601 1670 «
627 1632 740 1674 Ecce
757 1630 828 1674 hic
851 1639 914 1674 est
936 1631 1154 1686 Christus,
1179 1631 1379 1676 ecceillic
1397 1635 1428 1675 ².
1456 1653 1473 1673 n
1495 1631 1665 1685 Quibus
1680 1644 1736 1675 ne

344 1697 618 1743 crederemus
651 1700 891 1744 admonuit.
932 1703 1019 1745 Nec
1052 1701 1141 1746 ulla
1175 1702 1301 1746 nobis
1330 1703 1550 1748 excusatio
1587 1711 1676 1755 est,
1703 1701 1738 1746 si
1802 1694 1808 1747 l

347 1768 657 1814 crediderimus
671 1779 823 1814 contra
835 1785 985 1815 vocem
1001 1772 1197 1830 pastoris,
1218 1781 1306 1817 tam
1322 1772 1498 1828 claram,
1516 1782 1605 1817 tam
1618 1786 1738 1832 aper·
1801 1794 1806 1811 v

346 1849 458 1895 tam,
498 1849 586 1885 tam
630 1840 923 1897 manifestam,
969 1851 1017 1886 ut
1051 1858 1179 1888 nemo
1205 1842 1271 1888 vel
1301 1844 1482 1888 obtusus
1513 1853 1556 1888 et
1589 1842 1737 1887 tardus
1799 1855 1805 1902 ς

346 1911 477 1955 corde
492 1911 792 1971 possitdicere.
813 1915 911 1958 Non
924 1912 1129 1957 intellexi.
1149 1914 1254 1967 Quis
1267 1915 1382 1959 enim
1398 1930 1486 1959 non
1500 1914 1733 1971 intelligat:
1786 1907 1803 1978 ΞΣ

347 1999 366 2022 »
398 1982 466 2026 Sic
488 1984 717 2041 oportebat
743 1984 966 2028 Christum
990 1985 1106 2043 pati,
1131 1993 1173 2028 et
1195 2000 1420 2044 resurgere
1441 1986 1568 2029 tertia
1586 1984 1672 2038 die,
1694 1991 1737 2027 et
1785 1964 1802 2030 {l

349 2071 368 2092 »
397 2053 619 2111 praedicari
647 2055 692 2098 in
720 2055 896 2098 nomine
922 2056 1012 2115 ejus
1038 2057 1345 2115 poenitentiam
1371 2065 1414 2100 et
1442 2055 1737 2100 remissionem
1784 2042 1788 2081 ¹

350 2141 369 2163 n
396 2134 671 2181 peccatorum
696 2141 771 2185 per
792 2141 941 2170 omnes
963 2135 1128 2185 gentes,
1154 2126 1462 2186 incipientibus
1485 2127 1540 2171 ab
1564 2129 1738 2171 Jerusa-

345 2192 487 2237 lem³P
512 2213 531 2234 »
560 2195 665 2248 Quis
693 2211 782 2240 non
810 2195 1039 2255 intelligat,
1071 2216 1091 2239 «
1118 2198 1247 2241 Eritis
1278 2198 1387 2241 mihi
1422 2207 1550 2242 testes
1575 2198 1620 2241 in
1655 2199 1730 2241 Je-
1820 2229 1825 2269 l

349 2281 368 2304 »
403 2263 615 2320 rusalem,
636 2266 742 2309 etin
759 2274 848 2310 tota
868 2264 1036 2321 Judaea,
1061 2276 1105 2310 et
1129 2267 1343 2322 Samaria,
1371 2276 1413 2312 et
1440 2282 1580 2327 usque
1603 2267 1648 2311 in
1674 2275 1736 2311 to·
1778 2230 1784 2315 l
1821 2314 1823 2316 ,

349 2352 369 2375 »
404 2343 491 2379 tam
520 2338 706 2380 terram?
731 2337 804 2381 His
826 2336 968 2392 dictis,
994 2337 1186 2381 elevatus
1210 2347 1289 2392 est,
1316 2347 1359 2382 et
1386 2339 1526 2382 nubes
1549 2338 1736 2397 suscepit
1776 2336 1789 2390 ,²¹
1814 2323 1825 2412 Ξ

351 2426 367 2445 »2
404 2422 521 2462 eum,
547 2417 592 2452 et
610 2407 813 2452 viderunt
837 2423 937 2452 eum
956 2418 1131 2453 euntem
1150 2410 1195 2453 in
1215 2409 1378 2454 coelum
1400 2411 1431 2454 ⁴.
1458 2428 1479 2451 »
1507 2409 1624 2463 Quid
1649 2410 1732 2454 hoc
1813 2438 1825 2482 fi

347 2485 411 2520 est
427 2492 530 2536 rogo
542 2481 560 2521 ⁴?
574 2480 688 2524 Cum
705 2480 837 2524 verba
854 2480 1082 2524 novissima
1100 2480 1287 2525 hominis
1304 2480 1526 2525 morientis
1544 2480 1730 2524 audiun·
1774 2516 1776 2521 .
1812 2508 1825 2554 d*

395 2569 404 2586 ⁸
426 2565 496 2595 Act.
514 2574 537 2604 1,
559 2575 652 2597 μισ.
668 2581 708 2589 -
724 2572 737 2589 ²
757 2566 869 2598 Matth.
890 2576 976 2605 mir,
996 2566 1103 2599 23.—
1119 2563 1133 2590 3
1148 2567 1225 2599 Luc.
1246 2576 1334 2607 xxiv,
1355 2565 1409 2608 46.
1427 2584 1466 2592 —
1479 2564 1495 2593 6
1513 2568 1588 2600 Act.
1606 2577 1633 2608 1,
1651 2564 1683 2598 8.

1770 2562 1775 2634 ἒ

1769 2650 1773 2673 ,
