<?xml version="1.0" encoding="UTF-8"?>
<!DOCTYPE html PUBLIC "-//W3C//DTD XHTML 1.0 Transitional//EN"
    "http://www.w3.org/TR/xhtml1/DTD/xhtml1-transitional.dtd">
<html xmlns="http://www.w3.org/1999/xhtml" xml:lang="en" lang="en">
 <head>
  <title>
</title>
<meta http-equiv="Content-Type" content="text/html;charset=utf-8" />
  <meta name='ocr-system' content='tesseract 3.04.00' />
  <meta name='ocr-capabilities' content='ocr_page ocr_carea ocr_par ocr_line ocrx_word'/>
</head>
<body>
  <div class='ocr_page' id='page_1' title='image "./operaomniaaccura32auguuoft_0465.png"; bbox 0 0 1825 3264; ppageno 0'>
   <div class='ocr_carea' id='block_1_1' title="bbox 289 233 1472 284">
    <p class='ocr_par' dir='ltr' id='par_1_1' title="bbox 289 233 1472 284">
     <span class='ocr_line' id='line_1_1' title="bbox 289 233 1472 284; baseline -0.001 -10"><span class='ocrx_word' id='word_1_1' title='bbox 289 247 451 275; x_wconf 62' lang='lat' dir='ltr'>con-rim</span> <span class='ocrx_word' id='word_1_2' title='bbox 483 247 746 275; x_wconf 71' lang='lat' dir='ltr'>cntsconinn</span> <span class='ocrx_word' id='word_1_3' title='bbox 780 247 1066 284; x_wconf 72' lang='lat' dir='ltr'>DONATisTAM,</span> <span class='ocrx_word' id='word_1_4' title='bbox 1102 248 1185 274; x_wconf 75' lang='lat' dir='ltr'>Lm.</span> <span class='ocrx_word' id='word_1_5' title='bbox 1220 248 1286 275; x_wconf 78' lang='lat'>111.</span> <span class='ocrx_word' id='word_1_6' title='bbox 1389 233 1472 274; x_wconf 74' lang='lat'>455</span> 
     </span>
    </p>
   </div>
   <div class='ocr_carea' id='block_1_2' title="bbox 93 320 1488 2628">
    <p class='ocr_par' dir='ltr' id='par_1_2' title="bbox 93 320 1488 2628">
     <span class='ocr_line' id='line_1_2' title="bbox 97 320 1473 380; baseline -0.002 -11"><span class='ocrx_word' id='word_1_7' title='bbox 97 334 209 369; x_wconf 85' lang='lat' dir='ltr'>tores</span> <span class='ocrx_word' id='word_1_8' title='bbox 229 322 417 368; x_wconf 88' lang='lat' dir='ltr'>solemus</span> <span class='ocrx_word' id='word_1_9' title='bbox 437 320 601 377; x_wconf 88' lang='lat' dir='ltr'>audire,</span> <span class='ocrx_word' id='word_1_10' title='bbox 623 321 753 366; x_wconf 85' lang='lat' dir='ltr'>nullis</span> <span class='ocrx_word' id='word_1_11' title='bbox 769 330 915 366; x_wconf 87' lang='lat' dir='ltr'>autem</span> <span class='ocrx_word' id='word_1_12' title='bbox 931 323 1059 380; x_wconf 89' lang='lat' dir='ltr'>gestis</span> <span class='ocrx_word' id='word_1_13' title='bbox 1078 321 1146 367; x_wconf 87' lang='lat' dir='ltr'>vel</span> <span class='ocrx_word' id='word_1_14' title='bbox 1163 321 1473 377; x_wconf 81' lang='lat' dir='ltr'>ecclesiasticis,</span> 
     </span>
     <span class='ocr_line' id='line_1_3' title="bbox 94 390 1479 453; baseline -0.003 -14"><span class='ocrx_word' id='word_1_15' title='bbox 94 393 164 439; x_wconf 88' lang='lat' dir='ltr'>vel</span> <span class='ocrx_word' id='word_1_16' title='bbox 197 391 399 453; x_wconf 84' lang='lat' dir='ltr'>publicis,</span> <span class='ocrx_word' id='word_1_17' title='bbox 435 391 606 437; x_wconf 85' lang='lat' dir='ltr'>recitari</span> <span class='ocrx_word' id='word_1_18' title='bbox 633 390 1007 452; x_wconf 85' lang='lat' dir='ltr'><strong>demonstrarique</strong></span> <span class='ocrx_word' id='word_1_19' title='bbox 1031 391 1249 436; x_wconf 85' lang='lat' dir='ltr'>confessos</span> <span class='ocrx_word' id='word_1_20' title='bbox 1276 410 1285 436; x_wconf 73' lang='grc' dir='ltr'><strong><em>ι</em></strong></span> <span class='ocrx_word' id='word_1_21' title='bbox 1311 407 1334 435; x_wconf 89' lang='lat' dir='ltr'>a</span> <span class='ocrx_word' id='word_1_22' title='bbox 1357 390 1479 436; x_wconf 84' lang='lat' dir='ltr'>nobis</span> 
     </span>
     <span class='ocr_line' id='line_1_4' title="bbox 95 459 1481 521; baseline -0.002 -13"><span class='ocrx_word' id='word_1_23' title='bbox 95 473 239 508; x_wconf 89' lang='lat' dir='ltr'>autem</span> <span class='ocrx_word' id='word_1_24' title='bbox 263 460 445 521; x_wconf 87' lang='lat' dir='ltr'>proferri</span> <span class='ocrx_word' id='word_1_25' title='bbox 467 470 510 506; x_wconf 91' lang='lat' dir='ltr'>et</span> <span class='ocrx_word' id='word_1_26' title='bbox 531 470 648 520; x_wconf 83' lang='lat' dir='ltr'>gesta</span> <span class='ocrx_word' id='word_1_27' title='bbox 668 459 845 521; x_wconf 89' lang='lat' dir='ltr'>publica</span> <span class='ocrx_word' id='word_1_28' title='bbox 873 461 947 505; x_wconf 90' lang='lat' dir='ltr'>ubi</span> <span class='ocrx_word' id='word_1_29' title='bbox 975 462 1103 506; x_wconf 89' lang='lat' dir='ltr'>vestri</span> <span class='ocrx_word' id='word_1_30' title='bbox 1127 461 1416 516; x_wconf 86' lang='lat' dir='ltr'>tradiderunt,</span> <span class='ocrx_word' id='word_1_31' title='bbox 1437 469 1481 505; x_wconf 91' lang='lat' dir='ltr'>et</span> 
     </span>
     <span class='ocr_line' id='line_1_5' title="bbox 94 531 1308 592; baseline -0.003 -13"><span class='ocrx_word' id='word_1_32' title='bbox 94 533 382 579; x_wconf 87' lang='lat' dir='ltr'>ecclesiastica</span> <span class='ocrx_word' id='word_1_33' title='bbox 403 533 482 576; x_wconf 91' lang='lat' dir='ltr'>ubi</span> <span class='ocrx_word' id='word_1_34' title='bbox 503 531 689 578; x_wconf 89' lang='lat' dir='ltr'>confessi</span> <span class='ocrx_word' id='word_1_35' title='bbox 709 535 798 577; x_wconf 85' lang='lat' dir='ltr'>Deo</span> <span class='ocrx_word' id='word_1_36' title='bbox 814 531 952 592; x_wconf 86' lang='lat' dir='ltr'>judici</span> <span class='ocrx_word' id='word_1_37' title='bbox 974 531 1167 577; x_wconf 83' lang='lat' dir='ltr'>derelicti</span> <span class='ocrx_word' id='word_1_38' title='bbox 1192 542 1308 577; x_wconf 89' lang='lat' dir='ltr'>sunt.</span> 
     </span>
     <span class='ocr_line' id='line_1_6' title="bbox 153 601 1480 662; baseline 0 -14"><span class='ocrx_word' id='word_1_39' title='bbox 153 605 443 648; x_wconf 79' lang='lat' dir='ltr'>LXXXVIII.</span> <span class='ocrx_word' id='word_1_40' title='bbox 473 601 558 648; x_wconf 87' lang='lat' dir='ltr'>Sed</span> <span class='ocrx_word' id='word_1_41' title='bbox 578 618 670 648; x_wconf 89' lang='lat' dir='ltr'>non</span> <span class='ocrx_word' id='word_1_42' title='bbox 697 602 852 648; x_wconf 91' lang='lat' dir='ltr'>omitto</span> <span class='ocrx_word' id='word_1_43' title='bbox 879 612 967 647; x_wconf 86' lang='lat' dir='ltr'>tam</span> <span class='ocrx_word' id='word_1_44' title='bbox 997 602 1276 648; x_wconf 89' lang='lat' dir='ltr'>manifestum</span> <span class='ocrx_word' id='word_1_45' title='bbox 1305 603 1480 662; x_wconf 67' lang='lat' dir='ltr'>adjuto·</span> 
     </span>
     <span class='ocr_line' id='line_1_7' title="bbox 93 671 1477 733; baseline -0.001 -15"><span class='ocrx_word' id='word_1_46' title='bbox 93 674 207 718; x_wconf 88' lang='lat' dir='ltr'>rium</span> <span class='ocrx_word' id='word_1_47' title='bbox 237 683 380 730; x_wconf 89' lang='lat' dir='ltr'>tuum,</span> <span class='ocrx_word' id='word_1_48' title='bbox 418 689 508 733; x_wconf 91' lang='lat' dir='ltr'>quo</span> <span class='ocrx_word' id='word_1_49' title='bbox 536 673 662 717; x_wconf 91' lang='lat' dir='ltr'>nobis</span> <span class='ocrx_word' id='word_1_50' title='bbox 689 673 818 717; x_wconf 88' lang='lat' dir='ltr'>etiam</span> <span class='ocrx_word' id='word_1_51' title='bbox 855 673 1048 717; x_wconf 91' lang='lat' dir='ltr'>nesciens</span> <span class='ocrx_word' id='word_1_52' title='bbox 1079 673 1317 732; x_wconf 89' lang='lat' dir='ltr'>plurimum</span> <span class='ocrx_word' id='word_1_53' title='bbox 1345 671 1477 726; x_wconf 86' lang='lat' dir='ltr'>faves,</span> 
     </span>
     <span class='ocr_line' id='line_1_8' title="bbox 93 742 1482 802; baseline -0.002 -14"><span class='ocrx_word' id='word_1_54' title='bbox 93 744 295 788; x_wconf 89' lang='lat' dir='ltr'>docendo</span> <span class='ocrx_word' id='word_1_55' title='bbox 315 743 486 802; x_wconf 85' lang='lat' dir='ltr'>regulas</span> <span class='ocrx_word' id='word_1_56' title='bbox 505 743 790 802; x_wconf 85' lang='lat' dir='ltr'>comparativi</span> <span class='ocrx_word' id='word_1_57' title='bbox 806 742 963 802; x_wconf 88' lang='lat' dir='ltr'>gradus</span> <span class='ocrx_word' id='word_1_58' title='bbox 987 763 995 788; x_wconf 90' lang='lat'>:</span> <span class='ocrx_word' id='word_1_59' title='bbox 1021 762 1040 784; x_wconf 92' lang='lat'>«</span> <span class='ocrx_word' id='word_1_60' title='bbox 1061 743 1171 796; x_wconf 88' lang='lat' dir='ltr'><strong>Quia</strong></span> <span class='ocrx_word' id='word_1_61' title='bbox 1187 742 1230 786; x_wconf 91' lang='lat' dir='ltr'>id</span> <span class='ocrx_word' id='word_1_62' title='bbox 1245 742 1364 802; x_wconf 87' lang='lat' dir='ltr'>quod</span> <span class='ocrx_word' id='word_1_63' title='bbox 1382 752 1482 786; x_wconf 90' lang='lat' dir='ltr'>ante</span> 
     </span>
     <span class='ocr_line' id='line_1_9' title="bbox 95 811 1477 873; baseline -0.003 -15"><span class='ocrx_word' id='word_1_64' title='bbox 95 814 284 873; x_wconf 90' lang='lat' dir='ltr'>positum</span> <span class='ocrx_word' id='word_1_65' title='bbox 307 822 372 858; x_wconf 80' lang='lat' dir='ltr'>est</span> <span class='ocrx_word' id='word_1_66' title='bbox 393 822 549 872; x_wconf 87' lang='lat' dir='ltr'>auget,</span> <span class='ocrx_word' id='word_1_67' title='bbox 574 828 664 857; x_wconf 91' lang='lat' dir='ltr'>non</span> <span class='ocrx_word' id='word_1_68' title='bbox 685 812 806 872; x_wconf 90' lang='lat' dir='ltr'>quod</span> <span class='ocrx_word' id='word_1_69' title='bbox 824 822 924 856; x_wconf 88' lang='lat' dir='ltr'>ante</span> <span class='ocrx_word' id='word_1_70' title='bbox 944 811 1110 856; x_wconf 90' lang='lat' dir='ltr'>dictum</span> <span class='ocrx_word' id='word_1_71' title='bbox 1128 822 1189 856; x_wconf 88' lang='lat' dir='ltr'>est</span> <span class='ocrx_word' id='word_1_72' title='bbox 1205 812 1437 871; x_wconf 83' lang='lat' dir='ltr'>improbat.</span> <span class='ocrx_word' id='word_1_73' title='bbox 1461 832 1477 852; x_wconf 71' lang='grc' dir='ltr'>»ι</span> 
     </span>
     <span class='ocr_line' id='line_1_10' title="bbox 96 880 1481 941; baseline -0.003 -13"><span class='ocrx_word' id='word_1_74' title='bbox 96 884 347 928; x_wconf 88' lang='lat' dir='ltr'>Secundum</span> <span class='ocrx_word' id='word_1_75' title='bbox 370 884 485 927; x_wconf 83' lang='lat' dir='ltr'>enim</span> <span class='ocrx_word' id='word_1_76' title='bbox 508 883 622 927; x_wconf 91' lang='lat' dir='ltr'>hanc</span> <span class='ocrx_word' id='word_1_77' title='bbox 643 882 838 941; x_wconf 83' lang='lat' dir='ltr'>regulam</span> <span class='ocrx_word' id='word_1_78' title='bbox 861 891 997 935; x_wconf 85' lang='lat' dir='ltr'>tuam,</span> <span class='ocrx_word' id='word_1_79' title='bbox 1022 883 1261 926; x_wconf 89' lang='lat' dir='ltr'>secundum</span> <span class='ocrx_word' id='word_1_80' title='bbox 1280 880 1481 941; x_wconf 86' lang='lat' dir='ltr'>quaedam</span> 
     </span>
     <span class='ocr_line' id='line_1_11' title="bbox 94 951 1484 1011; baseline -0.002 -14"><span class='ocrx_word' id='word_1_81' title='bbox 94 954 227 998; x_wconf 86' lang='lat' dir='ltr'>verba</span> <span class='ocrx_word' id='word_1_82' title='bbox 244 963 317 998; x_wconf 89' lang='lat' dir='ltr'>tua</span> <span class='ocrx_word' id='word_1_83' title='bbox 336 954 379 997; x_wconf 92' lang='lat' dir='ltr'>in</span> <span class='ocrx_word' id='word_1_84' title='bbox 397 952 577 1011; x_wconf 87' lang='lat' dir='ltr'>epistola</span> <span class='ocrx_word' id='word_1_85' title='bbox 594 962 683 1007; x_wconf 89' lang='lat' dir='ltr'>tua,</span> <span class='ocrx_word' id='word_1_86' title='bbox 704 953 796 997; x_wconf 87' lang='lat' dir='ltr'>sine</span> <span class='ocrx_word' id='word_1_87' title='bbox 814 951 900 996; x_wconf 83' lang='lat' dir='ltr'>ulla</span> <span class='ocrx_word' id='word_1_88' title='bbox 918 951 1175 996; x_wconf 84' lang='lat' dir='ltr'>difficultate</span> <span class='ocrx_word' id='word_1_89' title='bbox 1194 951 1484 996; x_wconf 87' lang='lat' dir='ltr'>obstinuimus</span> 
     </span>
     <span class='ocr_line' id='line_1_12' title="bbox 95 1021 1482 1080; baseline -0.001 -13"><span class='ocrx_word' id='word_1_90' title='bbox 95 1038 268 1068; x_wconf 87' lang='lat' dir='ltr'>causam</span> <span class='ocrx_word' id='word_1_91' title='bbox 291 1032 498 1067; x_wconf 88' lang='lat' dir='ltr'>nostram.</span> <span class='ocrx_word' id='word_1_92' title='bbox 523 1026 587 1066; x_wconf 82' lang='lat' dir='ltr'>Tu</span> <span class='ocrx_word' id='word_1_93' title='bbox 605 1023 719 1066; x_wconf 88' lang='lat' dir='ltr'>enim</span> <span class='ocrx_word' id='word_1_94' title='bbox 738 1022 879 1066; x_wconf 78' lang='lat' dir='ltr'>dixisti</span> <span class='ocrx_word' id='word_1_95' title='bbox 901 1023 943 1065; x_wconf 88' lang='lat' dir='ltr'>in</span> <span class='ocrx_word' id='word_1_96' title='bbox 972 1022 1119 1080; x_wconf 87' lang='lat' dir='ltr'>primis</span> <span class='ocrx_word' id='word_1_97' title='bbox 1146 1022 1342 1080; x_wconf 74' lang='lat' dir='ltr'>partibus</span> <span class='ocrx_word' id='word_1_98' title='bbox 1363 1021 1482 1065; x_wconf 90' lang='lat' dir='ltr'>litte-</span> 
     </span>
     <span class='ocr_line' id='line_1_13' title="bbox 96 1091 1481 1151; baseline 0 -15"><span class='ocrx_word' id='word_1_99' title='bbox 96 1108 242 1137; x_wconf 86' lang='lat' dir='ltr'>rarum</span> <span class='ocrx_word' id='word_1_100' title='bbox 276 1102 468 1146; x_wconf 87' lang='lat' dir='ltr'>tuarum,</span> <span class='ocrx_word' id='word_1_101' title='bbox 499 1092 621 1136; x_wconf 88' lang='lat' dir='ltr'>velut</span> <span class='ocrx_word' id='word_1_102' title='bbox 654 1101 842 1136; x_wconf 88' lang='lat' dir='ltr'>nostram</span> <span class='ocrx_word' id='word_1_103' title='bbox 878 1093 1159 1151; x_wconf 78' lang='lat' dir='ltr'>pertinaciam</span> <span class='ocrx_word' id='word_1_104' title='bbox 1192 1091 1481 1147; x_wconf 82' lang='lat' dir='ltr'>criminando,</span> 
     </span>
     <span class='ocr_line' id='line_1_14' title="bbox 98 1161 1482 1221; baseline 0.001 -17"><span class='ocrx_word' id='word_1_105' title='bbox 98 1183 118 1204; x_wconf 86' lang='lat'>«</span> <span class='ocrx_word' id='word_1_106' title='bbox 138 1165 218 1207; x_wconf 90' lang='lat' dir='ltr'>Tot</span> <span class='ocrx_word' id='word_1_107' title='bbox 237 1161 500 1206; x_wconf 85' lang='lat' dir='ltr'>documenta</span> <span class='ocrx_word' id='word_1_108' title='bbox 522 1162 691 1220; x_wconf 72' lang='lat' dir='ltr'>legalia,</span> <span class='ocrx_word' id='word_1_109' title='bbox 717 1162 837 1221; x_wconf 81' lang='lat' dir='ltr'>quod</span> <span class='ocrx_word' id='word_1_110' title='bbox 859 1161 1012 1206; x_wconf 75' lang='lat' dir='ltr'>melius</span> <span class='ocrx_word' id='word_1_111' title='bbox 1031 1171 1071 1205; x_wconf 90' lang='lat' dir='ltr'>et</span> <span class='ocrx_word' id='word_1_112' title='bbox 1090 1163 1230 1205; x_wconf 82' lang='lat' dir='ltr'>verius</span> <span class='ocrx_word' id='word_1_113' title='bbox 1253 1172 1330 1216; x_wconf 86' lang='lat' dir='ltr'>est,</span> <span class='ocrx_word' id='word_1_114' title='bbox 1356 1162 1482 1206; x_wconf 87' lang='lat' dir='ltr'>nobis</span> 
     </span>
     <span class='ocr_line' id='line_1_15' title="bbox 94 1231 1482 1292; baseline -0.001 -16"><span class='ocrx_word' id='word_1_115' title='bbox 94 1233 355 1292; x_wconf 87' lang='lat' dir='ltr'>persuadere</span> <span class='ocrx_word' id='word_1_116' title='bbox 377 1247 465 1276; x_wconf 91' lang='lat' dir='ltr'>non</span> <span class='ocrx_word' id='word_1_117' title='bbox 487 1248 627 1292; x_wconf 88' lang='lat' dir='ltr'>posse.</span> <span class='ocrx_word' id='word_1_118' title='bbox 659 1251 677 1273; x_wconf 89' lang='lat'>»</span> <span class='ocrx_word' id='word_1_119' title='bbox 706 1232 787 1276; x_wconf 88' lang='lat' dir='ltr'>Ubi</span> <span class='ocrx_word' id='word_1_120' title='bbox 810 1247 889 1291; x_wconf 85' lang='lat' dir='ltr'>ego</span> <span class='ocrx_word' id='word_1_121' title='bbox 912 1231 1128 1276; x_wconf 84' lang='lat' dir='ltr'>concludo</span> <span class='ocrx_word' id='word_1_122' title='bbox 1150 1232 1390 1276; x_wconf 85' lang='lat' dir='ltr'>secundum</span> <span class='ocrx_word' id='word_1_123' title='bbox 1415 1248 1482 1274; x_wconf 87' lang='lat' dir='ltr'>ar-</span> 
     </span>
     <span class='ocr_line' id='line_1_16' title="bbox 94 1302 1484 1362; baseline -0.001 -16"><span class='ocrx_word' id='word_1_124' title='bbox 94 1302 285 1347; x_wconf 82' lang='lat' dir='ltr'>tificialia</span> <span class='ocrx_word' id='word_1_125' title='bbox 314 1312 387 1346; x_wconf 86' lang='lat' dir='ltr'>tua</span> <span class='ocrx_word' id='word_1_126' title='bbox 410 1337 420 1357; x_wconf 89' lang='lat'>,</span> <span class='ocrx_word' id='word_1_127' title='bbox 449 1304 533 1362; x_wconf 82' lang='lat' dir='ltr'>jam</span> <span class='ocrx_word' id='word_1_128' title='bbox 561 1319 639 1347; x_wconf 91' lang='lat' dir='ltr'>nos</span> <span class='ocrx_word' id='word_1_129' title='bbox 666 1318 817 1347; x_wconf 88' lang='lat' dir='ltr'>verum</span> <span class='ocrx_word' id='word_1_130' title='bbox 846 1312 889 1346; x_wconf 88' lang='lat' dir='ltr'>ct</span> <span class='ocrx_word' id='word_1_131' title='bbox 918 1303 1084 1347; x_wconf 89' lang='lat' dir='ltr'>bonum</span> <span class='ocrx_word' id='word_1_132' title='bbox 1111 1312 1273 1356; x_wconf 87' lang='lat' dir='ltr'>tenere,</span> <span class='ocrx_word' id='word_1_133' title='bbox 1307 1303 1340 1346; x_wconf 90' lang='lat' dir='ltr'>si</span> <span class='ocrx_word' id='word_1_134' title='bbox 1363 1302 1484 1362; x_wconf 81' lang='lat' dir='ltr'>quod</span> 
     </span>
     <span class='ocr_line' id='line_1_17' title="bbox 94 1372 1484 1432; baseline -0.002 -14"><span class='ocrx_word' id='word_1_135' title='bbox 94 1375 236 1418; x_wconf 87' lang='lat' dir='ltr'>verius</span> <span class='ocrx_word' id='word_1_136' title='bbox 260 1383 302 1417; x_wconf 87' lang='lat' dir='ltr'>et</span> <span class='ocrx_word' id='word_1_137' title='bbox 340 1372 493 1417; x_wconf 86' lang='lat' dir='ltr'>melius</span> <span class='ocrx_word' id='word_1_138' title='bbox 524 1382 602 1428; x_wconf 86' lang='lat' dir='ltr'>cst,</span> <span class='ocrx_word' id='word_1_139' title='bbox 635 1374 759 1417; x_wconf 87' lang='lat' dir='ltr'>nobis</span> <span class='ocrx_word' id='word_1_140' title='bbox 790 1373 1038 1432; x_wconf 79' lang='lat' dir='ltr'>persuaderi</span> <span class='ocrx_word' id='word_1_141' title='bbox 1067 1387 1155 1416; x_wconf 91' lang='lat' dir='ltr'>non</span> <span class='ocrx_word' id='word_1_142' title='bbox 1190 1381 1346 1431; x_wconf 90' lang='lat' dir='ltr'>potest.</span> <span class='ocrx_word' id='word_1_143' title='bbox 1371 1374 1484 1416; x_wconf 87' lang='lat' dir='ltr'>Cum</span> 
     </span>
     <span class='ocr_line' id='line_1_18' title="bbox 95 1441 1484 1502; baseline -0.001 -15"><span class='ocrx_word' id='word_1_144' title='bbox 95 1458 197 1501; x_wconf 84' lang='lat' dir='ltr'>ergo</span> <span class='ocrx_word' id='word_1_145' title='bbox 218 1458 296 1488; x_wconf 89' lang='lat' dir='ltr'>nos</span> <span class='ocrx_word' id='word_1_146' title='bbox 318 1458 409 1487; x_wconf 91' lang='lat' dir='ltr'>non</span> <span class='ocrx_word' id='word_1_147' title='bbox 432 1443 744 1497; x_wconf 67' lang='lat' dir='ltr'>rescindamus,</span> <span class='ocrx_word' id='word_1_148' title='bbox 767 1442 1070 1487; x_wconf 87' lang='lat' dir='ltr'>utsecundum</span> <span class='ocrx_word' id='word_1_149' title='bbox 1093 1451 1134 1486; x_wconf 91' lang='lat' dir='ltr'>te</span> <span class='ocrx_word' id='word_1_150' title='bbox 1152 1441 1322 1502; x_wconf 86' lang='lat' dir='ltr'>loquar,</span> <span class='ocrx_word' id='word_1_151' title='bbox 1342 1444 1484 1486; x_wconf 75' lang='lat' dir='ltr'>verius</span> 
     </span>
     <span class='ocr_line' id='line_1_19' title="bbox 96 1513 1484 1573; baseline -0.002 -15"><span class='ocrx_word' id='word_1_152' title='bbox 96 1525 140 1558; x_wconf 90' lang='lat' dir='ltr'>et</span> <span class='ocrx_word' id='word_1_153' title='bbox 169 1514 322 1558; x_wconf 89' lang='lat' dir='ltr'>melius</span> <span class='ocrx_word' id='word_1_154' title='bbox 343 1514 559 1573; x_wconf 90' lang='lat' dir='ltr'>baptisma</span> <span class='ocrx_word' id='word_1_155' title='bbox 579 1523 770 1558; x_wconf 86' lang='lat' dir='ltr'>vestrum</span> <span class='ocrx_word' id='word_1_156' title='bbox 788 1549 797 1568; x_wconf 92' lang='lat'>,</span> <span class='ocrx_word' id='word_1_157' title='bbox 822 1528 956 1573; x_wconf 87' lang='lat' dir='ltr'>quare</span> <span class='ocrx_word' id='word_1_158' title='bbox 975 1529 1050 1557; x_wconf 91' lang='lat' dir='ltr'>vos</span> <span class='ocrx_word' id='word_1_159' title='bbox 1071 1513 1310 1557; x_wconf 77' lang='lat' dir='ltr'>rescinditis</span> <span class='ocrx_word' id='word_1_160' title='bbox 1333 1527 1484 1556; x_wconf 89' lang='lat' dir='ltr'>verum</span> 
     </span>
     <span class='ocr_line' id='line_1_20' title="bbox 96 1582 1485 1637; baseline -0.002 -9"><span class='ocrx_word' id='word_1_161' title='bbox 96 1594 139 1628; x_wconf 92' lang='lat' dir='ltr'>ct</span> <span class='ocrx_word' id='word_1_162' title='bbox 158 1584 325 1629; x_wconf 88' lang='lat' dir='ltr'>bonum</span> <span class='ocrx_word' id='word_1_163' title='bbox 342 1586 570 1629; x_wconf 77' lang='lat' dir='ltr'>nostrum?</span> <span class='ocrx_word' id='word_1_164' title='bbox 590 1587 698 1628; x_wconf 86' lang='lat' dir='ltr'>Item</span> <span class='ocrx_word' id='word_1_165' title='bbox 716 1599 817 1628; x_wconf 91' lang='lat' dir='ltr'>cum</span> <span class='ocrx_word' id='word_1_166' title='bbox 835 1583 1026 1637; x_wconf 79' lang='lat' dir='ltr'>dixisses,</span> <span class='ocrx_word' id='word_1_167' title='bbox 1054 1603 1071 1624; x_wconf 91' lang='lat'>«</span> <span class='ocrx_word' id='word_1_168' title='bbox 1096 1586 1188 1628; x_wconf 88' lang='lat' dir='ltr'>Hoc</span> <span class='ocrx_word' id='word_1_169' title='bbox 1202 1593 1244 1627; x_wconf 88' lang='lat' dir='ltr'>et</span> <span class='ocrx_word' id='word_1_170' title='bbox 1261 1599 1339 1627; x_wconf 91' lang='lat' dir='ltr'>nos</span> <span class='ocrx_word' id='word_1_171' title='bbox 1359 1582 1485 1627; x_wconf 88' lang='lat' dir='ltr'>volu-</span> 
     </span>
     <span class='ocr_line' id='line_1_21' title="bbox 93 1654 1480 1714; baseline -0.004 -15"><span class='ocrx_word' id='word_1_172' title='bbox 93 1670 207 1710; x_wconf 88' lang='lat' dir='ltr'>mus,</span> <span class='ocrx_word' id='word_1_173' title='bbox 227 1664 276 1699; x_wconf 87' lang='lat' dir='ltr'>ut</span> <span class='ocrx_word' id='word_1_174' title='bbox 292 1656 490 1700; x_wconf 86' lang='lat' dir='ltr'>Christus</span> <span class='ocrx_word' id='word_1_175' title='bbox 507 1656 560 1700; x_wconf 92' lang='lat' dir='ltr'>sit</span> <span class='ocrx_word' id='word_1_176' title='bbox 577 1655 713 1713; x_wconf 85' lang='lat' dir='ltr'>origo,</span> <span class='ocrx_word' id='word_1_177' title='bbox 734 1664 777 1699; x_wconf 90' lang='lat' dir='ltr'>et</span> <span class='ocrx_word' id='word_1_178' title='bbox 790 1655 926 1709; x_wconf 86' lang='lat' dir='ltr'>radix,</span> <span class='ocrx_word' id='word_1_179' title='bbox 947 1665 1167 1714; x_wconf 85' lang='lat' dir='ltr'>caputque</span> <span class='ocrx_word' id='word_1_180' title='bbox 1185 1654 1438 1699; x_wconf 87' lang='lat' dir='ltr'>Christiani:</span> <span class='ocrx_word' id='word_1_181' title='bbox 1461 1672 1480 1694; x_wconf 88' lang='lat'>»</span> 
     </span>
     <span class='ocr_line' id='line_1_22' title="bbox 93 1723 1485 1785; baseline -0.001 -16"><span class='ocrx_word' id='word_1_182' title='bbox 93 1726 304 1770; x_wconf 90' lang='lat' dir='ltr'>continuo</span> <span class='ocrx_word' id='word_1_183' title='bbox 325 1725 558 1785; x_wconf 85' lang='lat' dir='ltr'>subjecisti,</span> <span class='ocrx_word' id='word_1_184' title='bbox 581 1743 598 1765; x_wconf 74' lang='grc' dir='ltr'><em>α</em></span> <span class='ocrx_word' id='word_1_185' title='bbox 618 1724 692 1768; x_wconf 88' lang='lat' dir='ltr'>sed</span> <span class='ocrx_word' id='word_1_186' title='bbox 714 1725 950 1785; x_wconf 78' lang='lat' dir='ltr'>quaerimus</span> <span class='ocrx_word' id='word_1_187' title='bbox 975 1739 1049 1783; x_wconf 92' lang='lat' dir='ltr'>per</span> <span class='ocrx_word' id='word_1_188' title='bbox 1070 1739 1201 1784; x_wconf 88' lang='lat' dir='ltr'>quem</span> <span class='ocrx_word' id='word_1_189' title='bbox 1225 1725 1309 1768; x_wconf 90' lang='lat' dir='ltr'>hoc</span> <span class='ocrx_word' id='word_1_190' title='bbox 1331 1723 1485 1767; x_wconf 86' lang='lat' dir='ltr'>melius</span> 
     </span>
     <span class='ocr_line' id='line_1_23' title="bbox 94 1792 1483 1854; baseline -0.002 -16"><span class='ocrx_word' id='word_1_191' title='bbox 94 1796 198 1840; x_wconf 79' lang='lat' dir='ltr'>fiat?</span> <span class='ocrx_word' id='word_1_192' title='bbox 221 1813 240 1837; x_wconf 94' lang='lat'>»</span> <span class='ocrx_word' id='word_1_193' title='bbox 272 1795 398 1849; x_wconf 86' lang='lat' dir='ltr'>Quod</span> <span class='ocrx_word' id='word_1_194' title='bbox 430 1793 617 1840; x_wconf 90' lang='lat' dir='ltr'>dicendo</span> <span class='ocrx_word' id='word_1_195' title='bbox 647 1795 800 1854; x_wconf 90' lang='lat' dir='ltr'>utique</span> <span class='ocrx_word' id='word_1_196' title='bbox 826 1794 1100 1844; x_wconf 80' lang='lat' dir='ltr'>concessisti,</span> <span class='ocrx_word' id='word_1_197' title='bbox 1137 1803 1179 1836; x_wconf 91' lang='lat' dir='ltr'>et</span> <span class='ocrx_word' id='word_1_198' title='bbox 1208 1808 1285 1852; x_wconf 89' lang='lat' dir='ltr'>per</span> <span class='ocrx_word' id='word_1_199' title='bbox 1319 1792 1483 1836; x_wconf 88' lang='lat' dir='ltr'>malum</span> 
     </span>
     <span class='ocr_line' id='line_1_24' title="bbox 93 1864 1486 1923; baseline -0.003 -13"><span class='ocrx_word' id='word_1_200' title='bbox 93 1867 340 1911; x_wconf 89' lang='lat' dir='ltr'>ministrum</span> <span class='ocrx_word' id='word_1_201' title='bbox 363 1866 474 1910; x_wconf 90' lang='lat' dir='ltr'>bene</span> <span class='ocrx_word' id='word_1_202' title='bbox 495 1866 604 1919; x_wconf 84' lang='lat' dir='ltr'>fieri,</span> <span class='ocrx_word' id='word_1_203' title='bbox 630 1865 703 1910; x_wconf 89' lang='lat' dir='ltr'>sed</span> <span class='ocrx_word' id='word_1_204' title='bbox 727 1864 880 1908; x_wconf 91' lang='lat' dir='ltr'>melius</span> <span class='ocrx_word' id='word_1_205' title='bbox 902 1879 979 1923; x_wconf 89' lang='lat' dir='ltr'>per</span> <span class='ocrx_word' id='word_1_206' title='bbox 1000 1864 1182 1908; x_wconf 88' lang='lat' dir='ltr'>bonum.</span> <span class='ocrx_word' id='word_1_207' title='bbox 1207 1865 1320 1908; x_wconf 92' lang='lat' dir='ltr'>Cum</span> <span class='ocrx_word' id='word_1_208' title='bbox 1339 1864 1486 1923; x_wconf 88' lang='lat' dir='ltr'>itaque</span> 
     </span>
     <span class='ocr_line' id='line_1_25' title="bbox 93 1935 1482 1994; baseline -0.002 -14"><span class='ocrx_word' id='word_1_209' title='bbox 93 1952 172 1981; x_wconf 91' lang='lat' dir='ltr'>nos</span> <span class='ocrx_word' id='word_1_210' title='bbox 210 1952 299 1981; x_wconf 89' lang='lat' dir='ltr'>non</span> <span class='ocrx_word' id='word_1_211' title='bbox 340 1935 626 1980; x_wconf 88' lang='lat' dir='ltr'>rescindimus</span> <span class='ocrx_word' id='word_1_212' title='bbox 666 1935 931 1994; x_wconf 89' lang='lat' dir='ltr'>baptismum</span> <span class='ocrx_word' id='word_1_213' title='bbox 956 1969 968 1990; x_wconf 90' lang='lat'>,</span> <span class='ocrx_word' id='word_1_214' title='bbox 1011 1949 1142 1994; x_wconf 92' lang='lat' dir='ltr'>quem</span> <span class='ocrx_word' id='word_1_215' title='bbox 1183 1949 1258 1993; x_wconf 92' lang='lat' dir='ltr'>per</span> <span class='ocrx_word' id='word_1_216' title='bbox 1291 1942 1482 1978; x_wconf 85' lang='lat' dir='ltr'>vestrum</span> 
     </span>
     <span class='ocr_line' id='line_1_26' title="bbox 96 2004 1487 2067; baseline -0.003 -16"><span class='ocrx_word' id='word_1_217' title='bbox 96 2017 305 2067; x_wconf 85' lang='lat' dir='ltr'>tanquam</span> <span class='ocrx_word' id='word_1_218' title='bbox 339 2021 416 2066; x_wconf 89' lang='lat' dir='ltr'>per</span> <span class='ocrx_word' id='word_1_219' title='bbox 446 2007 613 2051; x_wconf 87' lang='lat' dir='ltr'>bonum</span> <span class='ocrx_word' id='word_1_220' title='bbox 638 2006 884 2050; x_wconf 88' lang='lat' dir='ltr'>ministrum</span> <span class='ocrx_word' id='word_1_221' title='bbox 912 2005 1003 2049; x_wconf 87' lang='lat' dir='ltr'>dari</span> <span class='ocrx_word' id='word_1_222' title='bbox 1040 2004 1180 2050; x_wconf 85' lang='lat' dir='ltr'>dicitis</span> <span class='ocrx_word' id='word_1_223' title='bbox 1208 2023 1216 2049; x_wconf 92' lang='lat'>:</span> <span class='ocrx_word' id='word_1_224' title='bbox 1241 2019 1376 2064; x_wconf 88' lang='lat' dir='ltr'>quare</span> <span class='ocrx_word' id='word_1_225' title='bbox 1413 2019 1487 2048; x_wconf 87' lang='lat' dir='ltr'>vos</span> 
     </span>
     <span class='ocr_line' id='line_1_27' title="bbox 96 2076 1488 2136; baseline -0.003 -15"><span class='ocrx_word' id='word_1_226' title='bbox 96 2076 337 2121; x_wconf 88' lang='lat' dir='ltr'>rescinditis</span> <span class='ocrx_word' id='word_1_227' title='bbox 369 2076 637 2136; x_wconf 89' lang='lat' dir='ltr'>baptismum</span> <span class='ocrx_word' id='word_1_228' title='bbox 662 2110 673 2130; x_wconf 91' lang='lat'>‚</span> <span class='ocrx_word' id='word_1_229' title='bbox 699 2090 831 2134; x_wconf 86' lang='lat' dir='ltr'>quem</span> <span class='ocrx_word' id='word_1_230' title='bbox 854 2090 931 2134; x_wconf 93' lang='lat' dir='ltr'>per</span> <span class='ocrx_word' id='word_1_231' title='bbox 953 2083 1150 2119; x_wconf 86' lang='lat' dir='ltr'>nostrum</span> <span class='ocrx_word' id='word_1_232' title='bbox 1178 2083 1386 2134; x_wconf 88' lang='lat' dir='ltr'>tanquam</span> <span class='ocrx_word' id='word_1_233' title='bbox 1412 2088 1488 2133; x_wconf 82' lang='lat' dir='ltr'>per</span> 
     </span>
     <span class='ocr_line' id='line_1_28' title="bbox 96 2144 1486 2192; baseline -0.003 0"><span class='ocrx_word' id='word_1_234' title='bbox 96 2147 260 2192; x_wconf 89' lang='lat' dir='ltr'>malum</span> <span class='ocrx_word' id='word_1_235' title='bbox 284 2146 529 2191; x_wconf 86' lang='lat' dir='ltr'>ministrum</span> <span class='ocrx_word' id='word_1_236' title='bbox 557 2146 712 2190; x_wconf 90' lang='lat' dir='ltr'>datum</span> <span class='ocrx_word' id='word_1_237' title='bbox 748 2160 838 2190; x_wconf 89' lang='lat' dir='ltr'>esse</span> <span class='ocrx_word' id='word_1_238' title='bbox 866 2145 1164 2190; x_wconf 79' lang='lat' dir='ltr'>contenditis?</span> <span class='ocrx_word' id='word_1_239' title='bbox 1194 2148 1260 2189; x_wconf 93' lang='lat' dir='ltr'>Tu</span> <span class='ocrx_word' id='word_1_240' title='bbox 1281 2144 1396 2188; x_wconf 91' lang='lat' dir='ltr'>enim</span> <span class='ocrx_word' id='word_1_241' title='bbox 1425 2145 1486 2188; x_wconf 89' lang='lat' dir='ltr'>di-</span> 
     </span>
     <span class='ocr_line' id='line_1_29' title="bbox 94 2215 1482 2276; baseline -0.001 -15"><span class='ocrx_word' id='word_1_242' title='bbox 94 2217 195 2262; x_wconf 83' lang='lat' dir='ltr'>xisti</span> <span class='ocrx_word' id='word_1_243' title='bbox 220 2235 230 2262; x_wconf 83' lang='lat'>:</span> <span class='ocrx_word' id='word_1_244' title='bbox 260 2217 544 2270; x_wconf 85' lang='lat' dir='ltr'>«Quaerimus</span> <span class='ocrx_word' id='word_1_245' title='bbox 563 2231 640 2276; x_wconf 91' lang='lat' dir='ltr'>per</span> <span class='ocrx_word' id='word_1_246' title='bbox 660 2231 791 2276; x_wconf 90' lang='lat' dir='ltr'>quem</span> <span class='ocrx_word' id='word_1_247' title='bbox 813 2216 967 2260; x_wconf 89' lang='lat' dir='ltr'>melius</span> <span class='ocrx_word' id='word_1_248' title='bbox 989 2217 1077 2260; x_wconf 85' lang='lat' dir='ltr'>fiat.</span> <span class='ocrx_word' id='word_1_249' title='bbox 1103 2235 1123 2257; x_wconf 88' lang='lat'>»</span> <span class='ocrx_word' id='word_1_250' title='bbox 1156 2217 1212 2259; x_wconf 91' lang='lat' dir='ltr'>Et</span> <span class='ocrx_word' id='word_1_251' title='bbox 1236 2225 1308 2260; x_wconf 88' lang='lat' dir='ltr'>tua</span> <span class='ocrx_word' id='word_1_252' title='bbox 1334 2215 1482 2275; x_wconf 83' lang='lat' dir='ltr'>regula</span> 
     </span>
     <span class='ocr_line' id='line_1_30' title="bbox 95 2286 1476 2348; baseline -0.004 -16"><span class='ocrx_word' id='word_1_253' title='bbox 95 2297 160 2332; x_wconf 88' lang='lat' dir='ltr'>est</span> <span class='ocrx_word' id='word_1_254' title='bbox 179 2322 191 2342; x_wconf 94' lang='lat'><strong>‚</strong></span> <span class='ocrx_word' id='word_1_255' title='bbox 223 2288 365 2348; x_wconf 87' lang='lat' dir='ltr'>«quia</span> <span class='ocrx_word' id='word_1_256' title='bbox 397 2289 556 2347; x_wconf 83' lang='lat' dir='ltr'>gradus</span> <span class='ocrx_word' id='word_1_257' title='bbox 582 2286 663 2332; x_wconf 90' lang='lat' dir='ltr'>iste</span> <span class='ocrx_word' id='word_1_258' title='bbox 693 2286 815 2347; x_wconf 90' lang='lat' dir='ltr'>quod</span> <span class='ocrx_word' id='word_1_259' title='bbox 842 2296 942 2331; x_wconf 89' lang='lat' dir='ltr'>ante</span> <span class='ocrx_word' id='word_1_260' title='bbox 977 2287 1167 2346; x_wconf 89' lang='lat' dir='ltr'>positum</span> <span class='ocrx_word' id='word_1_261' title='bbox 1192 2294 1255 2330; x_wconf 91' lang='lat' dir='ltr'>est</span> <span class='ocrx_word' id='word_1_262' title='bbox 1284 2295 1429 2345; x_wconf 84' lang='lat' dir='ltr'>auget.</span> <span class='ocrx_word' id='word_1_263' title='bbox 1458 2304 1476 2325; x_wconf 88' lang='lat'>»</span> 
     </span>
     <span class='ocr_line' id='line_1_31' title="bbox 97 2357 1482 2418; baseline -0.003 -15"><span class='ocrx_word' id='word_1_264' title='bbox 97 2358 223 2403; x_wconf 90' lang='lat' dir='ltr'>Unde</span> <span class='ocrx_word' id='word_1_265' title='bbox 243 2359 277 2402; x_wconf 91' lang='lat' dir='ltr'>si</span> <span class='ocrx_word' id='word_1_266' title='bbox 294 2373 372 2418; x_wconf 91' lang='lat' dir='ltr'>per</span> <span class='ocrx_word' id='word_1_267' title='bbox 390 2368 582 2403; x_wconf 90' lang='lat' dir='ltr'>vestrum</span> <span class='ocrx_word' id='word_1_268' title='bbox 600 2393 612 2413; x_wconf 92' lang='lat'>,</span> <span class='ocrx_word' id='word_1_269' title='bbox 637 2358 748 2403; x_wconf 89' lang='lat' dir='ltr'>sicut</span> <span class='ocrx_word' id='word_1_270' title='bbox 769 2366 895 2417; x_wconf 86' lang='lat' dir='ltr'>putas</span> <span class='ocrx_word' id='word_1_271' title='bbox 910 2392 921 2411; x_wconf 93' lang='lat'>‚</span> <span class='ocrx_word' id='word_1_272' title='bbox 944 2357 1097 2402; x_wconf 87' lang='lat' dir='ltr'>melius</span> <span class='ocrx_word' id='word_1_273' title='bbox 1118 2357 1167 2401; x_wconf 88' lang='lat' dir='ltr'>fit</span> <span class='ocrx_word' id='word_1_274' title='bbox 1191 2377 1201 2413; x_wconf 82' lang='lat'><em>3</em></span> <span class='ocrx_word' id='word_1_275' title='bbox 1226 2372 1328 2415; x_wconf 85' lang='lat' dir='ltr'>ergo</span> <span class='ocrx_word' id='word_1_276' title='bbox 1346 2365 1389 2400; x_wconf 89' lang='lat' dir='ltr'>et</span> <span class='ocrx_word' id='word_1_277' title='bbox 1409 2371 1482 2415; x_wconf 83' lang='lat' dir='ltr'>per</span> 
     </span>
     <span class='ocr_line' id='line_1_32' title="bbox 96 2426 1482 2487; baseline -0.003 -15"><span class='ocrx_word' id='word_1_278' title='bbox 96 2438 294 2473; x_wconf 89' lang='lat' dir='ltr'>nostrum</span> <span class='ocrx_word' id='word_1_279' title='bbox 312 2429 423 2472; x_wconf 92' lang='lat' dir='ltr'>bene</span> <span class='ocrx_word' id='word_1_280' title='bbox 446 2429 509 2472; x_wconf 86' lang='lat' dir='ltr'>fit.</span> <span class='ocrx_word' id='word_1_281' title='bbox 536 2431 598 2472; x_wconf 85' lang='lat' dir='ltr'>Ac</span> <span class='ocrx_word' id='word_1_282' title='bbox 620 2442 697 2487; x_wconf 91' lang='lat' dir='ltr'>per</span> <span class='ocrx_word' id='word_1_283' title='bbox 718 2428 801 2472; x_wconf 91' lang='lat' dir='ltr'>hoc</span> <span class='ocrx_word' id='word_1_284' title='bbox 821 2428 999 2487; x_wconf 85' lang='lat' dir='ltr'>quando</span> <span class='ocrx_word' id='word_1_285' title='bbox 1023 2442 1096 2485; x_wconf 85' lang='lat' dir='ltr'>per</span> <span class='ocrx_word' id='word_1_286' title='bbox 1118 2442 1195 2471; x_wconf 87' lang='lat' dir='ltr'>nos</span> <span class='ocrx_word' id='word_1_287' title='bbox 1217 2426 1482 2486; x_wconf 83' lang='lat' dir='ltr'>baptizatum</span> 
     </span>
     <span class='ocr_line' id='line_1_33' title="bbox 97 2495 1482 2558; baseline -0.002 -15"><span class='ocrx_word' id='word_1_288' title='bbox 97 2498 370 2557; x_wconf 84' lang='lat' dir='ltr'>rebaptizatis</span> <span class='ocrx_word' id='word_1_289' title='bbox 389 2532 401 2554; x_wconf 91' lang='lat'><strong><em>‚</em></strong></span> <span class='ocrx_word' id='word_1_290' title='bbox 425 2496 471 2543; x_wconf 91' lang='lat' dir='ltr'>id</span> <span class='ocrx_word' id='word_1_291' title='bbox 493 2497 615 2558; x_wconf 92' lang='lat' dir='ltr'>quod</span> <span class='ocrx_word' id='word_1_292' title='bbox 637 2513 688 2542; x_wconf 83' lang='lat' dir='ltr'>ex</span> <span class='ocrx_word' id='word_1_293' title='bbox 709 2499 787 2543; x_wconf 89' lang='lat' dir='ltr'>ista</span> <span class='ocrx_word' id='word_1_294' title='bbox 810 2507 882 2542; x_wconf 92' lang='lat' dir='ltr'>tua</span> <span class='ocrx_word' id='word_1_295' title='bbox 904 2496 1052 2556; x_wconf 84' lang='lat' dir='ltr'>regula</span> <span class='ocrx_word' id='word_1_296' title='bbox 1074 2497 1185 2544; x_wconf 87' lang='lat' dir='ltr'>bene</span> <span class='ocrx_word' id='word_1_297' title='bbox 1207 2495 1372 2542; x_wconf 81' lang='lat' dir='ltr'>sactum</span> <span class='ocrx_word' id='word_1_298' title='bbox 1393 2512 1482 2542; x_wconf 82' lang='lat' dir='ltr'>esse</span> 
     </span>
     <span class='ocr_line' id='line_1_34' title="bbox 101 2568 1246 2628; baseline -0.003 -13"><span class='ocrx_word' id='word_1_299' title='bbox 101 2569 340 2616; x_wconf 89' lang='lat' dir='ltr'>conceditis</span> <span class='ocrx_word' id='word_1_300' title='bbox 362 2604 373 2625; x_wconf 83' lang='lat'>‚</span> <span class='ocrx_word' id='word_1_301' title='bbox 400 2569 604 2627; x_wconf 85' lang='lat' dir='ltr'>sacrilega</span> <span class='ocrx_word' id='word_1_302' title='bbox 628 2569 967 2628; x_wconf 80' lang='lat' dir='ltr'>praesumptione</span> <span class='ocrx_word' id='word_1_303' title='bbox 989 2568 1246 2614; x_wconf 88' lang='lat' dir='ltr'>rescinditis.</span> 
     </span>
    </p>
   </div>
  </div>
 </body>
</html>
