1825 3264
290 253 368 290 ,ἰν-26
714 271 746 290 s.
782 260 882 291 Auo·
901 263 1010 292 51‘121
1046 263 1226 291 EklscoPl

285 326 519 372 extendens
537 360 548 381 ,
567 334 611 371 et
631 327 707 387 qui
729 327 813 372 sint
835 328 942 372 rami
964 328 1087 374 fracti
1105 344 1193 373 non
1211 328 1422 372 habentes
1438 328 1571 372 vitam
1600 343 1666 371 ra-

285 397 405 452 dicis,
422 406 553 457 atque
568 397 614 442 in
635 397 723 442 suis
740 398 905 459 quique
916 400 1106 459 jacentes
1127 408 1170 443 et
1191 406 1429 443 arescentes
1449 396 1567 442 locis.
1587 396 1671 442 Sed

284 468 318 512 si
341 483 429 512 non
448 468 764 527 permanserint
782 468 828 513 in
847 469 1118 524 infidelitate,
1140 470 1249 513 sicut
1268 469 1322 513 de
1345 467 1546 512 Israelitis
1567 466 1672 512 dicit

285 538 535 598 Apostolus,
555 540 815 584 inserentur.
846 559 866 581 «
893 543 1050 585 Potens
1073 549 1136 584 est
1157 540 1272 584 enim
1295 542 1408 584 Deus
1429 539 1587 583 iterum
1604 539 1672 582 in-

288 625 309 649 »
335 623 474 652 serere
498 608 594 653 illos
613 611 626 635 ¹
657 630 668 667 3
693 628 711 650 n
749 625 836 654 non
868 619 916 654 ut
937 611 1094 655 iterum
1119 610 1333 669 accipiant
1355 617 1671 653 sacramentum

285 679 552 739 baptismatis
571 714 581 734 ,
606 680 827 740 quodjam
852 689 1038 725 tractum
1057 696 1106 725 ex
1123 681 1277 724 arbore
1298 695 1387 724 non
1411 687 1636 723 mutarunt
1659 698 1670 734 3

285 749 359 794 sed
382 759 431 794 ut
449 751 705 795 reviviscant
737 767 787 795 ex
820 750 963 796 radice
994 752 1215 796 charitatis
1243 760 1285 795 et
1311 751 1513 805 unitatis,
1542 767 1563 794 a
1587 765 1672 810 qua

285 822 468 880 separati
501 821 727 866 sterilitate
765 822 1047 867 animositatis
1090 831 1291 866 arescunt
1326 840 1333 865 :
1374 821 1484 865 sicut
1526 835 1672 865 rursus

284 890 533 936 inserendos
550 896 731 952 putastis
755 897 1060 938 Praetextatum
1087 902 1130 937 et
1154 892 1420 937 Felicianum
1438 927 1448 946 ‚
1475 908 1584 952 quos
1601 907 1671 936 se-

285 977 383 1007 cum
403 962 657 1021 praeciderat
674 964 976 1017 Maximianus,
1000 979 1079 1007 nec
1106 963 1385 1022 praecisorum
1411 962 1674 1022 baptismum

286 1033 561 1092 reprobastis.
589 1034 758 1086 Quibus
780 1049 880 1077 vere
916 1033 1080 1094 aliquid
1108 1033 1366 1093 praestaretis
1384 1068 1395 1087 ,
1425 1033 1458 1077 si
1492 1049 1581 1078 non
1602 1048 1674 1077 eos

285 1103 528 1162 fragmento
551 1113 709 1160 vestro,
732 1104 807 1149 sed
829 1114 872 1149 et
889 1121 963 1150 vos
993 1114 1035 1149 et
1057 1104 1153 1149 illos
1176 1104 1309 1149 radici
1332 1103 1557 1149 catholicae
1575 1104 1673 1149 red-

287 1172 458 1218 deretis.

348 1248 545 1290 LXXVI.
572 1249 668 1290 Jam
692 1261 794 1291 vero
808 1247 862 1291 ad
878 1245 987 1291 illud
1007 1245 1112 1307 quid
1133 1245 1434 1306 respondeam,
1454 1245 1574 1306 quod
1597 1246 1677 1290 tibi

288 1316 401 1361 visus
439 1333 533 1361 sum
562 1316 716 1362 dixisse
745 1333 823 1376 pro
855 1318 978 1362 vobis
1007 1337 1014 1361 :
1045 1318 1251 1378 quoniam
1276 1318 1365 1362 dixi
1400 1337 1419 1360 «
1454 1333 1540 1362 non
1575 1332 1678 1377 pro-

287 1386 407 1432 desse
430 1387 694 1448 baptismum
717 1391 775 1433 eis
790 1390 863 1449 qui
890 1389 944 1434 ab
963 1389 1129 1433 unitate
1154 1389 1408 1444 discedunt,
1434 1390 1571 1432 inesse
1594 1387 1676 1432 illis

290 1467 433 1501 tamen
451 1458 556 1503 hinc
570 1459 745 1518 probari
763 1495 773 1514 ,
799 1460 919 1519 quod
934 1459 1217 1504 redeuntibus
1242 1475 1330 1504 non
1355 1459 1629 1503 restituitur?
1653 1476 1673 1499 »

290 1529 490 1573 Firmasti
520 1530 636 1574 enirn
674 1540 715 1574 et
738 1545 814 1574 vos
836 1531 919 1575 hoc
942 1530 1100 1584 dicere,
1132 1550 1150 1571 «
1177 1529 1296 1589 quod
1319 1524 1552 1589 majoribus
1574 1544 1676 1574 nos-

289 1599 363 1642 tris
382 1598 435 1643 ad
460 1599 695 1644 Ecclesiam
719 1616 808 1645 non
840 1601 1126 1645 redeuntibus
1142 1636 1152 1655 ,
1186 1600 1424 1661 baptismus
1458 1615 1588 1661 quem
1616 1599 1679 1644 ibi

289 1679 545 1728 acceperant
568 1686 656 1714 non
691 1672 919 1730 profuerit.
954 1691 972 1712 »
1004 1675 1096 1717 Hoc
1120 1671 1153 1715 si
1191 1672 1389 1716 diceretis
1405 1707 1414 1725 ,
1436 1670 1545 1715 nihil
1566 1671 1679 1715 inter

289 1753 367 1782 nos
395 1738 513 1782 aliud
531 1751 816 1799 quaereretur,
835 1741 915 1784 nisi
936 1757 1034 1801 quae
1052 1742 1104 1785 sit
1126 1740 1316 1785 Ecclesia
1339 1741 1416 1785 ubi
1440 1741 1678 1800 baptismus

290 1809 437 1868 prosit.
472 1808 552 1854 Sed
588 1825 662 1854 vos
690 1825 778 1854 non
807 1810 946 1854 dicitis
977 1812 1022 1854 in
1046 1811 1172 1855 nobis
1206 1811 1467 1869 baptismum
1491 1826 1607 1865 csse,
1630 1825 1678 1855 ac

291 1894 379 1924 non
404 1880 605 1939 prodesse
633 1899 641 1925 :
667 1880 741 1924 sed
764 1880 905 1925 dicitis
932 1881 1112 1925 omnino
1143 1896 1230 1925 non
1257 1896 1370 1936 esse,
1397 1880 1516 1940 quod
1544 1881 1597 1924 ab
1619 1881 1679 1925 eis

292 1951 602 2010 acceperimus,
623 1951 698 2011 qui
721 1967 819 1995 eum
845 1951 1108 1996 discedendo
1132 1951 1425 2011 perdiderant.
1453 1952 1578 1997 Unde
1600 1967 1678 1996 nec

291 2022 469 2081 potuisti
487 2021 762 2082 respondere,
785 2039 863 2067 nec
884 2023 1058 2083 poteriS,
1088 2022 1141 2067 ad
1159 2022 1267 2067 illud
1289 2025 1408 2084 quod
1428 2040 1448 2066 a
1473 2039 1542 2067 me
1565 2023 1680 2083 posi-

292 2100 386 2136 tum
406 2101 489 2148 est,
519 2112 538 2135 «
565 2093 701 2137 inesse
723 2093 986 2153 baptismum
1011 2093 1333 2137 discedentibus
1347 2093 1449 2138 hinc
1473 2093 1674 2152 probari,

292 2163 393 2222 quia
429 2163 714 2208 redeuntibus
746 2179 835 2208 nou
871 2164 1125 2208 restituitur.
1161 2182 1180 2203 n
1210 2164 1251 2208 Si
1276 2164 1389 2207 enim
1413 2164 1678 2223 baptismum

294 2232 536 2278 Felicianus
559 2249 580 2278 a
599 2235 723 2278 vobis
744 2234 989 2279 recedendo
1011 2233 1275 2294 perdiderat,
1309 2249 1387 2278 cur
1422 2250 1510 2279 non
1533 2235 1678 2278 denuo

292 2304 462 2348 rediens
488 2302 729 2364 baptizatus
755 2313 839 2358 est,
862 2314 911 2348 ut
933 2305 970 2348 ei
995 2305 1113 2364 quod
1129 2303 1374 2363 perdiderat
1395 2303 1680 2348 redderetur?

294 2377 390 2433 Ipse
417 2376 606 2436 denique
635 2376 918 2421 Maximianus
940 2375 974 2419 si
1003 2374 1057 2419 ad
1081 2391 1155 2420 vos
1174 2374 1345 2429 redeat,
1372 2390 1460 2419 non
1484 2375 1678 2434 baptiza-

292 2453 364 2488 tur
392 2465 399 2489 :
426 2446 546 2506 quod
566 2446 745 2491 deberet
764 2446 937 2507 utique,
961 2446 994 2490 si
1017 2445 1266 2505 perdiderat
1281 2445 1559 2505 baptismum.
1587 2449 1678 2490 Tua

294 2515 456 2575 quippe
487 2517 620 2562 verba
655 2526 756 2562 sunt
779 2534 792 2571 ,’
819 2536 838 2559 «
865 2516 993 2571 Quod
1015 2517 1060 2561 in
1089 2517 1180 2576 ejus
1213 2516 1443 2561 schismate
1465 2517 1677 2562 sententia

343 2606 349 2620 ¹
373 2602 465 2632 lium.
492 2613 533 2634 xi,
561 2603 612 2633 20'.
