1825 3264
338 255 424 293 236
771 265 803 289 s.
841 259 1072 289 Aters‘rmt
1106 261 1286 288 EPISCOPI

331 349 350 372 »
363 330 519 374 dextris
531 329 626 383 iuis,
640 328 684 371 in
693 328 852 372 vestitu
861 328 1084 382 deaurato,
1096 325 1420 370 circumamicta
1433 325 1638 369 varietate
1649 328 1677 369 ¹.
1696 345 1713 367 ι)

328 404 383 445 Et
402 401 455 444 ad
479 415 573 443 eam
592 400 725 458 ipsam
745 399 1055 443 exhortandam
1077 397 1286 442 continuo
1304 395 1476 439 divinus
1493 410 1633 440 sermo
1648 396 1717 441 di-

326 471 480 529 rigitur
508 489 517 515 :
548 489 568 511 «
592 468 722 524 Audi,
747 469 860 525 filia,
885 478 927 513 et
949 468 1070 524 vide,
1095 477 1138 512 et
1165 467 1326 512 inclina
1353 481 1500 510 aurem
1524 475 1719 522 tuam,et

327 559 348 583 »
361 541 616 585 obliviscare
636 539 847 600 populum
868 549 992 584 tuum
1007 549 1049 584 et
1064 539 1243 584 domum
1263 537 1394 596 patris
1418 537 1718 597 tui,quoniam

327 612 612 671 »concupivit
633 626 707 655 rex
728 611 913 670 speeiem
934 621 1052 654 tuam
1066 645 1076 665 ,
1098 610 1198 671 quia
1220 610 1311 668 ipse
1335 617 1399 653 est
1421 611 1535 652 Deus
1558 617 1674 654 tuus.
1694 626 1714 650 »

324 682 548 727 Attendite
579 682 698 726 unde
729 682 910 741 coeperit
939 681 1102 742 alloqui
1136 695 1335 741 sponsam
1373 679 1533 724 Christi
1572 679 1718 724 divina
1784 670 1800 708 ’Ῐ

323 753 549 813 prophetia
573 772 582 797 ι
609 772 628 794 «
651 751 781 807 Audi,
799 754 958 812 inquit,
980 752 1082 807 filia,
1110 761 1152 796 et
1174 752 1289 803 vide,
1321 771 1336 792 »
1369 753 1455 795 Vos
1474 759 1618 794 autem
1638 765 1718 795 nec

325 824 473 867 audire
485 822 614 867 vultis
631 824 725 867 haec
737 823 944 882 praedicta
960 858 970 877 ‚
991 839 1071 867 nec
1092 822 1239 866 videre
1256 820 1470 880 completa
1488 840 1495 865 :
1512 830 1555 865 et
1572 830 1718 865 tamen

323 902 366 937 et
390 892 548 937 auditis
571 902 613 937 et
636 893 793 937 videtis
816 894 954 936 inviti.
983 893 1142 937 Audite
1165 906 1265 950 ergo
1287 892 1392 951 quid
1413 891 1543 950 paulo
1564 900 1662 950 post
1679 891 1719 934 ei

323 963 484 1008 dicitur
504 983 512 1008 :
534 964 681 1008 audite
703 954 856 1007 hocex
878 965 1033 1023 pagina
1052 964 1196 1007 divina
1217 963 1439 1023 quomodo
1457 962 1718 1021 praenuntie-

322 1042 418 1088 tur,
451 1043 493 1077 et
515 1033 658 1077 videte
679 1034 724 1076 in
747 1034 864 1076 omni
896 1043 1007 1076 terra
1030 1033 1252 1093 quomodo
1274 1032 1559 1091 compleatur.
1590 1051 1610 1073 «
1634 1035 1717 1076 Pro

325 1104 553 1162 »patribus
578 1104 663 1147 tuis
679 1138 690 1157 ,
719 1104 888 1163 inquit,
915 1104 1004 1146 nati
1038 1113 1139 1147 sunt
1160 1103 1238 1146 tibi
1257 1102 1362 1157 filii,
1386 1102 1621 1147 constitues
1645 1117 1718 1147 eos

325 1174 572 1232 »principes
589 1188 718 1232 super
732 1189 905 1217 omnem
927 1183 1127 1217 terram.»
1148 1177 1283 1226 Quam
1304 1173 1440 1217 multa
1463 1181 1717 1232 praeteream

322 1242 376 1286 de
402 1243 482 1287 hac
505 1259 550 1286 re
571 1243 818 1287 testimonia
843 1245 1180 1302 Scripturarum,
1202 1253 1365 1287 norunt
1382 1243 1457 1303 qui
1476 1242 1654 1302 legunt,
1674 1252 1717 1287 et

321 1329 400 1372 ego
424 1317 550 1371 novi,
574 1314 649 1359 sed
671 1330 847 1359 onerare
870 1315 1093 1374 epistolam
1119 1314 1248 1369 nolo,
1273 1315 1344 1359 cui
1368 1314 1717 1374 responderi‘ssa-

327 1386 433 1444 gito.

379 1457 548 1499 XXIII.
572 1456 687 1508 Quid
705 1455 867 1498 adhaec
890 1456 1050 1499 dicturi
1072 1465 1173 1499 sunt
1193 1471 1291 1515 quae
1313 1455 1652 1499 commemoravi
1666 1470 1717 1499 ex

322 1528 436 1583 Lege
452 1559 462 1579 ,
496 1533 538 1568 et
570 1525 816 1584 Prophetis,
845 1534 887 1568 et
906 1525 1104 1579 Psalmis,
1127 1525 1180 1569 de
1203 1525 1363 1570 Christi
1384 1524 1594 1580 Ecclesia,
1615 1539 1716 1584 quae

319 1605 412 1639 toto
425 1596 530 1639 orbe
547 1595 828 1649 diffunditur,
846 1597 913 1639 cui
928 1596 1096 1639 malunt
1111 1611 1352 1655 repugnare
1366 1596 1568 1655 perversi,
1582 1611 1714 1655 quam

320 1665 643 1709 communicare
665 1666 876 1709 correcti?
891 1665 1020 1718 Quid,
1040 1666 1234 1725 inquam,
1251 1665 1410 1710 dicturi
1428 1675 1528 1710 suut
1540 1701 1550 1720 ,
1568 1674 1715 1709 utrum

320 1735 413 1779 haec
437 1734 541 1779 falsa
564 1751 655 1780 esse
669 1771 679 1790 ‚
703 1752 757 1779 an
780 1737 994 1781 obseura?
1014 1736 1096 1781 Sed
1121 1736 1224 1780 falsa
1245 1752 1334 1780 esse
1356 1752 1444 1781 non
1466 1736 1629 1781 audent
1645 1735 1714 1780 di-

318 1819 414 1849 cere
434 1824 441 1849 :
460 1815 721 1864 premuntur
744 1807 860 1850 enirn
881 1805 994 1851 mole
1022 1816 1154 1851 tantae
1179 1808 1460 1851 auctoritatis.
1487 1810 1591 1852 Haec
1611 1822 1714 1866 ergo

319 1891 419 1920 cum
445 1891 543 1919 vera
566 1892 655 1920 esse
682 1877 901 1920 fateantur
922 1912 932 1932 ,
958 1877 1129 1936 impleri
1152 1893 1238 1921 non
1264 1892 1387 1936 posse
1409 1876 1710 1922 contendunt:

319 1946 441 2005 quasi
461 1945 581 1990 aliud
601 1948 654 1990 sit
670 1948 942 2006 prophetiam
961 1948 1141 1991 crimine
1159 1946 1357 1991 falsitatis
1371 1962 1565 2006 arguere,
1581 1962 1713 2007 quam

320 2017 478 2072 dicere,
491 2034 589 2076 quae
601 2019 927 2077 praenuntiavit,
943 2034 1031 2063 non
1041 2034 1164 2078 posse
1177 2018 1399 2077 compleri.
1418 2021 1510 2062 Hoc
1521 2026 1584 2062 est
1596 2018 1712 2062 enim

320 2085 484 2142 dicere,
511 2103 600 2131 uon
628 2103 717 2131 esse
747 2089 1019 2146 prophetiam
1040 2124 1050 2142 ,
1081 2088 1156 2132 sed
1188 2089 1330 2147 potius
1354 2088 1712 2147 pseudoprophe·

320 2155 437 2199 tiam.
462 2159 518 2200 Et
540 2173 638 2200 cum
662 2158 881 2217 quaesieris
906 2160 960 2202 ab
983 2159 1064 2213 eis,
1090 2174 1168 2203 cur
1191 2159 1283 2202 haec
1307 2158 1474 2217 impleri
1502 2174 1588 2203 non
1613 2174 1712 2217 pos-

318 2226 431 2269 sint?
457 2226 740 2285 Respondent
767 2247 775 2271 :
808 2246 826 2268 «
853 2229 959 2281 Quia
983 2229 1180 2272 homines
1203 2229 1374 2272 nolunt.
1401 2231 1512 2273 Cum
1532 2229 1711 2274 arbitrio
1777 2277 1779 2282 f

317 2296 480 2355 quippe
495 2295 650 2350 libero,
676 2297 897 2356 inquiunt,
918 2299 1050 2342 homo
1065 2308 1233 2342 creatus
1248 2308 1334 2354 est,
1358 2300 1443 2342 etsi
1461 2299 1557 2343 vult
1574 2298 1710 2344 credit
1755 2292 1778 2334 ³3

317 2367 361 2409 in
385 2367 630 2423 Christum,
655 2368 688 2411 si
716 2383 804 2412 non
832 2368 948 2423 vult,
976 2384 1063 2413 non
1092 2369 1230 2413 credit
1254 2389 1261 2413 :
1287 2370 1320 2413 si
1348 2369 1444 2413 vult
1466 2379 1710 2429 perseverat
1755 2389 1766 2415 ·.

319 2436 364 2479 in
387 2452 437 2481 eo
459 2438 579 2497 quod
605 2438 742 2483 eredit
767 2460 778 2496 3
819 2440 851 2483 si
874 2455 960 2484 non
983 2439 1099 2495 vult,
1124 2456 1212 2485 non
1237 2450 1494 2500 perseverat.
1531 2444 1583 2485 Et
1607 2440 1707 2486 ideo
1749 2417 1776 2439 Ι

319 2520 418 2549 curn
437 2509 637 2566 coepisset
660 2525 737 2568 per
760 2511 910 2555 orbem
931 2520 1141 2556 terrarum
1170 2527 1360 2557 creseere
1383 2513 1571 2557 Ecclesia
1589 2547 1600 2566 ,
1623 2527 1705 2557 no—

371 2595 379 2611 ¹
401 2590 479 2622 Psal.
499 2601 593 2629 niv,
615 2603 663 2625 ιο.
