1825 3264
261 298 423 326 contrita
454 301 720 328 cnescomun
757 301 1045 340 nonnisum,
1081 304 1162 329 Lus.
1201 304 1258 330 iv.
1386 294 1468 330 :215

82 363 350 409 Felicianum
381 368 778 427 Praetextatumque
801 367 1018 412 dixerunt.
1052 371 1108 412 Et
1138 377 1254 412 certe
1276 367 1339 411 illi
1369 369 1471 412 nul-

82 433 166 479 lius
194 435 333 486 carnis
359 436 616 495 sanguinem
638 436 859 491 fuderant,
886 438 1058 482 nullum
1087 438 1131 482 in
1154 453 1229 482 vos
1254 438 1471 483 violentiae

83 505 554 565 corporalisvimpetum
583 505 776 551 fecerant
802 525 811 552 ε
836 509 910 552 sed
944 509 1020 567 qui
1044 509 1135 552 haec
1167 508 1211 552 in
1241 524 1312 552 eos
1351 508 1471 552 dice-

82 575 206 631 bant,
223 576 363 622 multo
377 576 625 622 sceleratius
639 593 711 623 eos
726 577 949 637 sacrilegio
965 580 1200 623 schismatis
1214 580 1469 637 sanguinem

82 646 320 706 spiritalem
338 647 524 692 sundere
535 648 807 709 judicabant.
837 648 962 694 Unde
983 650 1134 694 sicum
1157 650 1240 694 illis
1261 659 1360 710 post
1381 660 1470 694 tam

84 719 228 776 gravia
249 735 349 778 quae
370 720 416 763 in
438 735 510 764 cos
531 720 648 765 dicta
673 729 790 775 sunt,
816 735 965 779 pacem
1000 722 1090 765 sine
1123 721 1296 765 honoris
1317 735 1472 764 eorum

83 787 428 847 decoloratione,
453 790 544 834 sine
564 790 768 849 baptismi
787 791 1033 835 rescissione
1055 790 1240 847 fecistis,
1265 806 1355 834 non
1376 790 1475 834 des-

83 859 325 919 perandum
361 870 454 915 est,
499 862 608 919 quin
639 870 683 904 et
725 861 950 906 nobiscum
989 862 1252 906 concordare
1285 862 1468 920 possitis.

81 929 225 975 Multo
245 930 362 973 enim
382 946 458 975 vos
483 931 618 990 magis
645 930 862 975 delectare
893 932 1025 975 debet
1053 933 1108 975 ad
1131 947 1279 991 pacem
1310 932 1475 976 iacien-

84 999 183 1044 dam
207 1009 324 1045 totus
346 1000 461 1045 orbis
479 1001 750 1056 christianus,
773 1017 907 1062 quam
929 1006 1215 1046 Praetextatus
1230 1011 1273 1046 et
1295 1005 1327 1046 F
1334 1002 1478 1046 elicia-

82 1085 165 1114 nus
193 1090 201 1115 :
226 1067 434 1131 quoniam
451 1071 485 1114 si
502 1087 591 1115 non
612 1087 687 1116 vos
708 1071 1170 1132 inquinaveruntquos
1187 1082 1305 1116 tanta
1329 1072 1476 1116 crimi-

82 1141 270 1186 nationis
297 1142 522 1186 atrocitate
549 1142 794 1200 damnatis3
829 1143 968 1186 multo
997 1143 1140 1186 minus
1175 1158 1246 1187 vos
1276 1143 1477 1202 inquinat

82 1212 227 1257 unitas
241 1222 304 1257 tot
318 1213 513 1272 gentium
529 1213 878 1267 christianarum,
901 1215 971 1258 cui
987 1215 1130 1259 nescio
1151 1230 1338 1273 quorum
1355 1213 1478 1258 Afro-

83 1299 182 1327 rum
203 1282 386 1328 erimina
407 1282 737 1327 demonstratis¹
763 1303 772 1328 ;
797 1294 839 1328 et
864 1285 1050 1328 multum
1072 1300 1149 1329 vos
1170 1285 1370 1343 inquinat
1391 1298 1480 1328 scc-

20 1347 24 1354 ’
83 1353 152 1398 lus
169 1369 258 1414 quo
282 1363 469 1400 vestram
494 1357 743 1398 societatem
766 1355 822 1398 ab
847 1356 938 1415 ejus
957 1355 1175 1410 Ecclesiae,
1201 1371 1279 1415 pro
1303 1371 1389 1414 qua
1410 1362 1477 1398 tot

12 1421 17 1429 ⁶
84 1439 134 1470 ac
153 1434 270 1469 tanta
291 1423 441 1468 divina
458 1424 701 1468 testimonia
725 1425 978 1479 recitantur,
996 1426 1201 1469 societate
1219 1424 1445 1484 separastis
1467 1443 1476 1468 :

83 1496 244 1556 quibus
281 1493 438 1540 divinis
480 1495 734 1540 testimoniis
769 1496 961 1540 humana
998 1497 1242 1540 temeritate
1277 1511 1404 1540 ausus
1435 1509 1480 1539 es

83 1565 396 1621 contradicere,
418 1581 519 1610 cum
538 1575 580 1610 et
599 1575 647 1610 tu
664 1568 754 1625 ipse
773 1567 917 1611 nescio
935 1566 1158 1625 quomodo
1181 1567 1333 1610 eadem
1348 1567 1389 1610 vi
1404 1581 1480 1609 ve-

85 1637 221 1681 ritatis
242 1635 369 1681 fateri
383 1646 557 1681 coactus
575 1637 644 1690 sis,
666 1636 787 1697 quod
808 1637 854 1681 in
877 1636 1161 1681 christianum
1177 1651 1338 1681 nomen
1362 1645 1479 1680 totus

87 1706 284 1767 quotidie
297 1707 484 1752 vertitur
501 1706 707 1751 mundus.

150 1780 311 1822 LXlll.
347 1781 487 1823 Ausus
514 1793 580 1831 es,
616 1778 820 1836 inquam,
853 1786 1109 1821 testamento
1137 1778 1212 1820 Dei
1246 1776 1476 1830 reluctari,

90 1863 189 1893 cum
213 1847 328 1892 dicat
348 1847 602 1906 Apostolus,
631 1866 651 1889 «
678 1847 875 1891 Hominis
907 1856 1212 1890 testamentum
1245 1847 1479 1890 confirma-

35 1919 37 1921 ’
92 1937 112 1961 ι)
135 1927 230 1964 tum
247 1934 375 1963 nemo
390 1919 559 1962 irritum
576 1917 694 1971 facit,
711 1927 786 1961 aut
798 1916 1103 1976 superordinat
1122 1936 1130 1961 :
1149 1917 1334 1961 Abrahae
1350 1917 1479 1961 dictae

92 2007 114 2032 »
139 1998 241 2034 sunt
273 1989 577 2048 promissiones
600 1998 642 2032 et
664 1988 817 2032 semini
844 1989 977 2047 ejus².
1004 2006 1023 2029 »
1051 1991 1143 2032 Hoc
1170 1997 1477 2036 testamentum

90 2060 261 2104 irritum
283 2059 440 2113 facere,
462 2059 561 2103 huic
575 2067 834 2102 testamento
849 2067 1015 2117 partem
1048 2058 1205 2102 Donati
1230 2056 1481 2117 superordi-

88 2146 192 2176 nare
214 2131 392 2175 minime
414 2130 684 2184 timuismut
705 2145 805 2173 cum
838 2132 948 2173 Deus
971 2129 1016 2172 in
1045 2129 1198 2173 eodem
1220 2137 1480 2173 testamento

89 2202 206 2247 dicat
232 2201 288 2246 ad
316 2201 535 2246 Abraham
554 2235 566 2254 ,
606 2220 626 2243 «
667 2201 735 2245 Sic
769 2200 848 2243 erit
877 2215 1026 2243 semen
1052 2208 1174 2243 tuum
1207 2200 1319 2243 sicut
1343 2198 1480 2242 stellae

94 2289 116 2315 n
139 2271 257 2326 coeli,
283 2281 326 2315 et
345 2271 456 2316 sicut
477 2286 604 2315 arena
630 2270 797 2314 maris³.
818 2288 837 2310 ιι
861 2272 954 2314 Hoc
973 2278 1020 2313 tu
1042 2270 1210 2312 irritum
1236 2268 1413 2319 faciens,
1439 2277 1483 2311 et

38 2348 43 2408 ᾗ
90 2351 259 2402 partem
278 2342 435 2386 Donati
457 2356 534 2400 pro
549 2357 636 2400 qua
656 2339 827 2384 nullum
849 2339 1143 2384 testimonium
1163 2340 1315 2383 recitas
1331 2353 1483 2396 super-

48 2450 55 2456 .
91 2411 315 2467 ordinans,
343 2431 364 2455 «
391 2415 442 2456 ln
466 2412 629 2471 paucis,
666 2411 828 2471 inquis,
859 2410 1110 2470 frequenter
1132 2419 1194 2453 est
1212 2411 1386 2463 veritas,
1414 2424 1484 2452 er-

91 2500 186 2529 rare
206 2483 444 2528 multorum
465 2492 530 2527 est
557 2502 567 2527 ;
591 2498 721 2526 »non
743 2481 989 2540 intelligens
1011 2480 1234 2541 quomodo
1252 2497 1275 2525 a
1300 2481 1482 2525 Domino

93 2554 260 2600 dictum
278 2554 348 2609 sit,
373 2568 536 2612 paucos
559 2553 720 2597 intrare
743 2567 818 2612 per
841 2562 1068 2611 angustam
1092 2561 1262 2611 portam
1290 2567 1418 2597 :cnm
1439 2561 1483 2595 et

147 2646 154 2663 ¹
182 2640 286 2673 For-te
303 2649 366 2672 non
382 2639 637 2672 demonstrastis.
656 2656 694 2662 —
711 2637 724 2661 3
743 2639 812 2671 Gal.
833 2650 878 2677 ιιι,
902 2622 1137 2671 15.-³'Gen.
1159 2649 1242 2678 xm,
1267 2651 1314 2679 ¹7·

1231 2692 1296 2731 33.
