1825 3264
359 217 443 258 154
728 246 733 250 .
792 230 825 256 s.
861 225 1094 256 Auens-run
1125 228 1309 257 81218001’1

356 294 488 339 verba
505 301 647 336 essent
660 306 712 336 ex
725 291 932 336 cathedra
945 292 1103 350 Moysi,
1118 307 1208 337 non
1221 292 1384 339 diceret
1396 294 1586 339 Veritas:
1606 311 1627 336 α
1641 297 1748 356 Quae

359 383 379 406 »
411 363 566 408 dicunt
587 361 730 406 facite.
766 380 786 404 »
814 362 858 407 Si
878 370 1024 406 autem
1045 363 1127 422 ipsi
1157 363 1234 423 qui
1264 364 1398 408 verba
1419 373 1566 408 sancta
1586 362 1750 409 dabant

355 435 492 480 sancti
515 442 678 488 essent,
705 448 794 477 non
816 433 979 478 diceret
999 451 1008 477 :
1034 452 1053 474 «
1079 435 1188 486 Quae
1205 432 1396 489 faciunt,
1421 433 1564 479 facere
1583 434 1747 491 nolite,

358 524 378 547 >›
403 505 558 549 dicunt
580 505 696 548 enim
719 513 762 548 et
787 519 878 548 non
899 502 1068 548 faciunt
1086 506 1116 547 ².
1146 523 1166 545 »
1191 503 1323 549 Nullo
1344 505 1508 565 quippe
1530 505 1662 550 modo
1681 504 1750 549 le-

355 576 470 634 gitur
489 591 573 620 uva
592 576 646 619 de
665 575 819 634 spinis,
835 574 938 635 quia
960 589 1189 634 nunquam
1208 574 1263 618 de
1285 575 1509 634 spinarum
1532 575 1750 620 radicibus
1773 581 1777 584 ”

354 647 492 691 oritur
510 665 518 691 z
541 645 616 690 sed
633 661 733 690 cum
755 661 800 690 se
822 645 1002 704 spinosis
1020 645 1194 704 sepibus
1216 645 1381 704 palmes
1398 646 1496 690 vitis
1509 645 1748 705 implicuit,

355 733 444 762 non
466 717 565 761 ideo
586 717 756 761 fructus
784 717 860 776 qui
891 714 980 760 illic
1001 715 1163 775 pendet
1186 716 1406 772 horretur,
1431 715 1508 761 sed
1531 716 1654 776 spina
1674 731 1749 761 ca-

353 798 496 842 vetur,
523 803 609 831 uva
632 786 897 846 decerpitur.

412 860 468 901 X.
507 859 681 918 Itaque,
708 867 758 902 ut
779 871 892 916 saepe
913 855 1020 909 dixi,
1049 864 1093 900 et
1113 856 1394 900 vehementer
1414 856 1606 911 inculco,
1636 871 1749 916 qua-

351 929 606 988 lescumque
628 944 706 973 nos
729 928 877 982 simus,
919 927 1056 972 securi
1084 926 1200 982 estis,
1235 927 1313 987 qui
1334 929 1474 971 Deum
1507 931 1682 972 Patrem
1705 936 1751 972 et

352 1001 443 1059 ejus
466 998 702 1043 Ecclesiam
720 1008 903 1042 matrem
918 998 1100 1042 habetiS.
1123 998 1330 1050 Quamvis
1347 998 1463 1043 enim
1481 996 1611 1042 simul
1627 997 1752 1042 hoedi

354 1085 456 1114 cum
478 1071 634 1114 ovibus
659 1079 905 1127 pascantur,
933 1083 1022 1113 non
1042 1069 1223 1113 stabunt
1245 1067 1299 1112 ad
1316 1067 1553 1112 dexteram.
1581 1070 1750 1121 Quam·
1791 1084 1793 1086 ·

350 1141 414 1185 vis
437 1141 566 1184 simul
582 1140 705 1199 palea
727 1155 828 1184 cum
841 1140 987 1183 tritico
1004 1139 1247 1194 trituretur,
1273 1154 1364 1184 non
1384 1138 1566 1183 intrabit
1582 1139 1629 1183 in
1644 1139 1751 1184 hor-

352 1225 474 1254 reum
488 1214 521 1254 2.
548 1211 755 1263 Quamvis
778 1209 908 1254 simul
933 1209 1068 1268 pisces
1093 1209 1197 1253 mali
1225 1224 1327 1253 cum
1353 1209 1480 1254 bonis
1508 1209 1623 1253 intra
1644 1210 1752 1254 retia

352 1281 579 1325 Dominica
601 1290 769 1334 natent,
790 1296 881 1324 non
898 1280 1127 1324 mittentur
1150 1280 1195 1323 in
1215 1280 1403 1324 vascula.
1429 1283 1567 1325 Nemo
1591 1278 1751 1338 glorie-

351 1361 423 1396 tur
440 1386 451 1406 ,
485 1367 565 1395 nec
588 1353 634 1395 in
655 1352 833 1396 homine
851 1351 995 1410 bono,
1015 1366 1145 1396 nemo
1168 1351 1285 1396 bona
1308 1353 1383 1396 Dei
1404 1351 1546 1410 fugiat
1564 1384 1576 1406 ,
1599 1365 1682 1396 nec
1703 1351 1752 1396 in

350 1423 529 1466 homine
550 1421 680 1466 malo.

409 1495 490 1536 XI.
521 1495 624 1537 Haec
647 1492 793 1547 vobis,
818 1491 1055 1537 Christiani
1078 1491 1282 1536 catholici
1310 1490 1466 1536 fratres
1486 1491 1749 1548 charissimi,

351 1578 431 1622 pro
460 1564 636 1621 negotio
657 1563 858 1622 praesenti
889 1563 1141 1607 suffecerint
1163 1581 1171 1607 :
1197 1578 1297 1622 quae
1324 1563 1359 1607 si
1380 1562 1593 1608 catholica
1612 1562 1751 1608 dilec-

352 1634 470 1678 tione
500 1634 694 1677 retinctis
709 1668 719 1687 ,
745 1648 845 1677 cum
868 1633 957 1678 sitis
985 1648 1099 1677 unus
1123 1648 1224 1692 grex
1246 1632 1301 1677 de
1323 1649 1412 1678 uno
1435 1642 1607 1693 pastore
1624 1648 1752 1679 secu-

352 1719 424 1747 rus
438 1738 448 1757 ,
469 1719 558 1747 non
581 1704 709 1747 nimis
738 1719 843 1748 curo
865 1703 986 1763 quod
1007 1703 1113 1747 mihi
1134 1702 1204 1747 vel
1228 1703 1477 1763 congregali
1498 1713 1658 1760 vestro,
1681 1704 1752 1750 vel

351 1784 466 1819 certe
501 1776 597 1819 cani
625 1785 794 1829 vestro,
833 1775 1101 1820 conviciatur
1144 1774 1330 1834 quilibet
1362 1775 1565 1820 inimicus
1586 1796 1597 1833 ς
1621 1775 1752 1820 dum-

349 1847 482 1890 modo
505 1861 574 1889 me
594 1848 726 1905 magis
747 1862 825 1906 pro
847 1856 987 1891 vestra
1001 1881 1012 1901 ,
1032 1861 1166 1906 quam
1187 1861 1267 1905 pro
1288 1861 1384 1890 mea
1405 1845 1662 1892 defensione
1682 1847 1751 1891 la-

353 1926 464 1961 trare
484 1916 721 1975 compellat
744 1937 751 1962 ;
773 1934 859 1977 qua
883 1927 1028 1962 tamen
1050 1918 1084 1961 si
1107 1933 1215 1977 opus
1237 1927 1347 1961 esset
1362 1917 1418 1961 ad
1439 1932 1631 1973 causam,
1649 1917 1750 1962 bre-

350 1989 522 2033 vissima
547 1988 837 2049 facillimaque
857 1999 1005 2034 uterer
1017 2024 1027 2043 ,
1053 1998 1195 2033 totum
1213 1989 1377 2033 scilicet
1392 1989 1493 2034 vitae
1510 2003 1619 2032 meae
1635 1997 1749 2033 tem-

354 2075 431 2118 pus
445 2069 679 2118 antequam
698 2061 964 2119 perciperem
980 2060 1247 2119 baptismum
1266 2060 1443 2115 Christi,
1464 2067 1682 2118 quantum
1694 2057 1751 2103 ad

352 2143 467 2172 meas
490 2130 751 2187 cupiditates
774 2145 1028 2190 erroresque
1051 2131 1221 2184 attinet,
1246 2145 1348 2174 cum
1371 2130 1576 2174 omnibus
1592 2129 1752 2188 impro-

352 2199 459 2242 bans
491 2209 532 2242 et
560 2199 776 2243 detestans
794 2235 805 2254 ,
841 2216 895 2244 ne
918 2201 963 2244 in
992 2202 1084 2260 ejus
1106 2201 1313 2259 temporis
1334 2199 1589 2244 defensione
1607 2214 1750 2244 meam

353 2268 530 2327 gloriam
556 2285 750 2329 quaerere
773 2270 942 2314 viderer
961 2305 972 2325 ,
1002 2286 1091 2315 non
1117 2269 1233 2314 illius
1258 2270 1334 2330 qui
1366 2284 1436 2314 me
1457 2285 1535 2329 per
1567 2263 1771 2329 gratiam'.

353 2355 473 2383 suam
499 2349 540 2384 et
562 2356 584 2383 a
606 2354 676 2383 me
693 2341 785 2399 ipso
802 2340 1015 2385 liberavit.
1051 2341 1176 2385 Unde
1198 2341 1318 2385 illam
1337 2341 1470 2385 vitam
1488 2355 1629 2385 meam
1647 2355 1750 2385 cum

353 2410 589 2468 vituperari
620 2411 750 2455 audio
767 2446 777 2465 ,
812 2411 1012 2471 quolibet
1038 2412 1183 2456 animo
1206 2412 1250 2456 id
1270 2410 1400 2456 faciat
1420 2412 1497 2472 qui
1513 2412 1597 2456 hoc
1617 2409 1745 2465 facit,

355 2494 443 2522 non
464 2495 598 2539 usque
618 2479 725 2526 adeo
741 2496 835 2525 sum
855 2481 1050 2541 ingratus
1064 2491 1113 2527 ut
1131 2482 1303 2528 doleam
1323 2501 1332 2528 :
1353 2491 1569 2543 quantum
1584 2482 1749 2542 quippe

407 2570 414 2584 ¹
437 2564 558 2595 Matth.
575 2576 667 2605 xxm,
684 2566 714 2598 3.
732 2583 772 2589 --
789 2572 800 2587 ²
820 2567 866 2598 ld.
893 2577 961 2599 xru.
