1825 3264
318 272 370 307 ⁶22
746 277 776 301 s.
815 271 1045 299 AnausTlm
1081 270 1258 297 Emscorl

378 347 469 388 XL.
504 346 762 385 Panum-us
786 336 893 381 dixit
915 354 924 379 :
950 353 969 376 «
992 335 1080 378 Nee
1106 332 1215 376 adeo
1248 332 1428 386 mirum,
1463 329 1585 391 quod
1619 328 1700 373 tibi

323 429 480 459 nomen
501 408 691 469 episcopi
712 406 858 450 illicite
878 405 1070 448 assumis.
1102 405 1206 446 Haec
1223 410 1286 445 est
1303 417 1401 445 vera
1420 399 1581 444 diaboli
1594 415 1701 444 con-

324 483 525 533 suetudo,
549 480 607 522 ita
631 478 808 520 demum
833 475 1032 533 decipere
1053 472 1087 515 si
1111 472 1285 515 sibimet
1299 469 1491 514 vindicet
1509 469 1702 514 vocabu-

323 554 413 596 lum
438 549 675 594 sanctitatis
692 583 702 602 ,
730 544 937 605 Apostolo
957 543 1221 603 praedicante
1243 560 1252 586 ε
1277 560 1297 583 «
1320 544 1409 586 Nec
1430 541 1591 584 mirum
1607 549 1671 583 est
1689 573 1700 594 ,

329 644 345 664 »
371 621 536 680 inquit,
565 619 598 662 si
630 621 719 677 ipse
758 619 932 662 Satanas
958 614 1236 672 transfigurat
1263 627 1307 656 se
1333 610 1455 656 velut
1489 609 1706 668 Angelum

327 711 346 733 >J
374 691 496 744 lucis,
521 699 564 733 et
586 689 801 733 ministros
818 702 917 731 suos
936 685 1057 746 quasi
1079 684 1297 728 ministros
1313 681 1492 742 justitiae
1512 683 1543 724 ¹.
1574 701 1591 722 »
1617 682 1707 725 Nec

327 762 482 805 mirum
507 768 569 803 est
590 774 692 816 ergo
714 757 832 817 quod
855 766 898 800 te
929 754 1039 799 falso
1066 754 1319 813 episcopum
1350 766 1492 796 vocas.
1530 753 1639 795 Nam
1665 758 1709 794 et

328 831 387 874 illi
412 830 552 887 angeli
587 829 770 888 perditi,
795 836 1005 872 amatores
1025 825 1240 884 virginum
1259 823 1580 867 mundanarum
1599 855 1610 875 ,
1632 821 1710 880 qui

326 917 497 946 carnem
522 899 842 958 corrumpendo
859 898 1052 957 corrupti
1065 905 1182 949 sunt,
1199 894 1300 939 licet
1319 894 1474 938 divinis
1491 892 1608 936 exuti
1625 891 1712 935 vir-

329 973 496 1016 tutibus
514 971 655 1028 angeli
677 985 766 1013 esse
784 968 1004 1021 desierint,
1025 982 1185 1011 nomen
1204 975 1348 1010 tamen
1366 964 1554 1008 retinent
1569 967 1714 1020 Ange-

330 1044 491 1095 lorum,
518 1056 695 1100 seseque
718 1055 888 1098 semper
909 1038 1099 1097 Angelos
1120 1045 1294 1096 putant,
1320 1035 1396 1096 qui
1418 1034 1563 1079 divina
1585 1033 1715 1077 soluti

331 1114 482 1157 militia
519 1113 563 1156 in
606 1111 843 1155 exercitum
885 1108 1047 1153 diaboli
1090 1107 1247 1151 similes
1288 1106 1555 1150 transierunt
1571 1138 1582 1158 ,
1624 1107 1716 1148 Deo

332 1191 490 1240 magno
500 1182 714 1225 clamante
731 1200 739 1225 :
760 1201 776 1221 «
794 1183 889 1224 Non
907 1178 1177 1239 permanebit
1191 1177 1372 1236 Spiritus
1386 1190 1508 1219 meus
1519 1175 1565 1217 in
1577 1173 1717 1218 homi-

335 1270 354 1292 »
383 1252 511 1295 nibus
533 1253 621 1294 istis
640 1252 682 1293 in
703 1260 938 1302 aeternum,
967 1248 1175 1307 quoniam
1196 1261 1296 1290 caro
1318 1254 1420 1289 sunt
1442 1248 1474 1288 ².
1503 1262 1522 1285 »
1548 1243 1719 1297 Quibus

333 1321 413 1364 reis
449 1336 498 1364 ac
529 1319 652 1363 vobis
683 1319 797 1362 dicet
829 1318 1037 1362 Dominus
1068 1316 1296 1361 Christus:
1331 1333 1351 1356 «
1397 1317 1462 1358 Ite
1494 1314 1540 1357 in
1572 1314 1719 1372 ignem

335 1409 355 1432 n
381 1399 616 1443 aeternum,
662 1404 795 1447 quem
831 1388 997 1447 paravit
1042 1390 1165 1430 Pater
1206 1400 1327 1429 meus
1361 1383 1538 1428 diabolo
1574 1392 1617 1427 et
1648 1398 1720 1426 an-

337 1479 356 1501 »
385 1460 488 1518 gelis
511 1461 600 1519 ejus
621 1461 652 1503 ³.
676 1478 694 1500 η
721 1460 762 1503 Si
786 1458 928 1517 angeli
951 1456 1050 1500 mali
1069 1472 1158 1500 non
1175 1465 1340 1510 essent,
1365 1454 1566 1499 diabolus
1587 1469 1722 1513 ange-

337 1531 400 1575 los
426 1547 514 1574 non
538 1531 740 1585 haberet,
764 1545 873 1589 quos
894 1538 936 1572 et
953 1537 1125 1572 sanctus
1145 1527 1376 1586 Apostolus
1398 1527 1442 1570 in
1464 1525 1539 1570 illo
1555 1526 1722 1585 judicio

339 1601 588 1656 resurgendi
619 1616 641 1642 a
685 1599 840 1643 sanctis
868 1598 1118 1642 hominibus
1154 1597 1259 1641 dicit
1287 1612 1377 1640 esse
1408 1596 1682 1639 damnandos
1711 1615 1720 1639 :

346 1690 362 1709 »
390 1669 568 1713 Nescitis
583 1670 788 1726 quoniam
802 1667 1290 1727 Angelosjudicabimus
1304 1667 1345 1709 ⁴?
1363 1685 1381 1707 »
1402 1667 1444 1710 Si
1460 1666 1553 1709 veri
1571 1664 1725 1722 Angeli

341 1749 496 1792 essent,
522 1738 733 1797 judicium
761 1739 804 1781 in
837 1738 1024 1797 Angelos
1065 1738 1137 1781 Dei
1160 1737 1358 1781 homines
1381 1752 1470 1780 non
1492 1736 1722 1779 haberent.

345 1810 411 1853 Sic
425 1825 601 1867 quoque
616 1808 810 1867 Apostoli
832 1810 1049 1866 sexaginta
1071 1842 1081 1862 ,
1107 1808 1184 1866 qui
1205 1823 1304 1851 cum
1337 1807 1520 1851 Domino
1551 1805 1726 1851 Christo

344 1878 573 1922 duodecim
598 1879 832 1931 derelictis,
866 1895 888 1921 a
917 1878 1002 1921 fide
1025 1887 1230 1936 apostatae
1253 1886 1522 1922 recesserunt
1538 1911 1548 1931 ,
1569 1877 1615 1920 in
1633 1886 1727 1920 tan-

344 1958 436 1991 tum
472 1949 722 1992 hominibus
759 1950 919 1992 miseris
953 1950 1099 1992 adhuc
1133 1958 1342 2007 putantur
1370 1947 1581 2007 Apostoli,
1606 1956 1657 1992 ut
1677 1963 1729 1991 ex
1779 1991 1783 1996 ,

346 2018 409 2060 his
432 2018 698 2060 Maniehaeus
719 2028 761 2061 et
794 2019 939 2061 caeteri
967 2018 1115 2062 multis
1144 2017 1364 2061 diabolicis
1405 2018 1530 2062 sectis
1570 2016 1729 2062 multas

344 2088 506 2130 animas
540 2088 789 2146 implicent,
826 2104 931 2147 quas
959 2098 1007 2132 ut
1030 2098 1233 2148 caperent
1259 2087 1593 2147 perdiderunt⁵.
1619 2091 1728 2133 Nam

345 2157 542 2215 profecto
566 2157 757 2214 perditus
778 2158 1069 2213 Maniehaeus,
1098 2158 1131 2201 si
1154 2168 1300 2202 tamen
1323 2157 1428 2212 fuit,
1454 2173 1544 2202 non
1570 2159 1615 2201 in
1647 2157 1730 2202 illis
1778 2184 1785 2188 -

348 2228 566 2283 sexaginta
589 2227 817 2285 ponendus
835 2237 916 2281 est,
936 2229 969 2271 si
988 2243 1146 2272 nomen
1169 2230 1259 2288 ejus
1274 2228 1471 2287 Apostoli
1486 2227 1600 2272 inter
1616 2227 1730 2272 duo-

345 2297 487 2340 decim
521 2298 770 2340 continetur
790 2332 800 2350 ,
840 2307 914 2341 aut
935 2299 979 2341 in
1003 2298 1147 2342 locum
1178 2298 1304 2342 Judae
1327 2297 1546 2342 traditoris
1570 2299 1731 2342 subro-
1793 2327 1797 2331 -

348 2377 447 2424 gato
478 2368 639 2410 Mathia
659 2403 668 2421 ,
697 2384 801 2411 voce
833 2369 991 2412 Christi
1018 2369 1240 2413 ordinatus
1264 2378 1342 2424 est,
1369 2378 1418 2413 ut
1435 2368 1732 2414 tertius-deci-

348 2450 443 2478 mus
460 2436 640 2491 Paulus,
658 2438 735 2496 qui
755 2452 843 2481 sese
867 2439 1175 2496 Apostolorum
1198 2440 1478 2483 novissimum
1501 2447 1728 2494 memorat,
1789 2465 1793 2467 -

399 2544 408 2557 ¹
441 2545 459 2566 2
478 2538 705 2578 Cor.x1,1r;,
732 2538 780 2569 15.
797 2555 836 2561 —
855 2543 866 2559 ²
886 2541 964 2571 Gen.
985 2550 1038 2579 w,
1059 2540 1089 2571 3.
1111 2557 1152 2564 —-
1173 2539 1186 2564 3
1203 2540 1323 2572 Mattli.
1347 2551 1424 2579 xxv,
1446 2540 1502 2581 41.
1525 2557 1566 2564 -
1583 2539 1600 2570 4
1621 2551 1634 2574 1
1655 2542 1727 2573 Cor.

352 2602 394 2624 vr,
418 2591 447 2622 3.
465 2608 504 2613 —
522 2590 534 2613 5
559 2593 626 2623 Pro
643 2592 816 2632 perierunt.
