1825 3264
346 248 428 287 380
782 258 816 284 s,
851 253 1082 283 nouswm
1114 255 1296 283 Emscom

344 325 448 369 nicis
469 323 631 367 horreis
651 320 798 377 condi,
819 320 1010 366 fructum
1025 337 1103 380 pro
1120 336 1249 381 opere
1264 330 1411 367 nostro
1433 332 1476 367 et
1497 322 1644 367 labore
1656 337 1727 367 ca-

344 395 527 454 piamus.
551 391 783 452 Apostolus
801 393 843 435 in
864 391 1055 452 Epistola
1074 407 1149 436 sua
1164 392 1270 437 dicit
1294 412 1302 437 ι
1324 412 1344 434 (ι
1362 396 1414 437 In
1433 393 1563 438 domo
1581 403 1726 437 autem

348 483 368 505 »
394 479 548 522 magna
564 479 651 507 non
667 463 807 508 solum
822 479 919 508 vasa
936 472 1037 507 sunt
1058 478 1185 507 aurea
1202 473 1245 508 et
1263 473 1481 523 argentea,
1498 464 1573 508 sed
1590 463 1725 522 etlig-

348 553 368 575 n
396 549 476 577 nea
501 543 544 578 et
566 533 712 578 fictilia
728 537 738 559 ¹
757 555 768 591 3
790 543 833 578 et
852 535 1053 594 quaedam
1076 533 1253 593 quidem
1272 535 1501 588 honorata,
1526 534 1727 593 quaedam

346 622 366 645 »
399 604 674 648 inhonorata.
707 622 726 645 »
753 607 838 650 Nos
867 619 1042 663 operam
1065 602 1235 659 demus,
1260 613 1303 648 et
1331 613 1546 664 quantum
1570 619 1726 663 possu-

343 689 439 718 mus
474 674 720 719 laboremus
737 710 748 730 ,
794 684 843 718 ut
879 690 952 719 vas
987 690 1167 719 aureum
1204 684 1246 718 et
1284 685 1538 734 argenteum
1576 675 1723 719 simus.

344 748 557 790 Caeterum
583 745 730 789 fictilia
751 761 848 789 vasa
871 746 1144 804 confringere
1166 746 1350 790 Domino
1367 745 1446 790 soli
1469 761 1721 790 concessum

344 824 421 868 est,
447 815 516 857 cui
539 815 657 873 virga
687 815 822 859 ferrea
847 816 947 860 data
965 818 1063 860 est2.
1083 819 1184 860 Esse
1205 831 1294 860 non
1317 825 1457 874 potest
1479 817 1614 875 major
1636 820 1722 860 Do-

344 885 463 929 mino
478 900 555 928 suo
572 887 767 941 servus33
785 901 864 930 nec
878 886 1108 946 quisquam
1127 886 1222 940 sibi,
1241 885 1361 946 quod
1378 886 1457 930 soli
1474 885 1584 929 Filio
1602 888 1726 929 Pater

342 957 510 1009 tribuit,
531 956 776 1001 vindicare:
804 967 852 1001 ut
876 973 920 1001 se
942 967 1067 1016 putet
1089 967 1164 1001 aut
1187 957 1244 1001 ad
1265 972 1407 1000 aream
1431 955 1728 1000 ventilandam

341 1035 383 1069 et
396 1027 681 1084 purgandam,
705 1026 845 1085 palam
865 1026 977 1070 ferre
992 1030 1080 1086 jam
1098 1042 1238 1086 posse,
1261 1037 1336 1071 aut
1354 1043 1377 1071 a
1394 1026 1616 1071 frumento
1628 1027 1728 1070 uni·
1786 1057 1788 1071 .
1807 1051 1813 1062 ι

341 1111 459 1139 versa
493 1097 655 1139 zizania
683 1097 877 1140 humano
895 1096 1060 1156 judicio
1086 1112 1297 1157 separare.
1338 1097 1533 1157 Superba
1557 1106 1619 1141 est
1649 1097 1727 1142 ista

341 1167 591 1220 obstinatio,
609 1176 652 1210 et
664 1167 865 1226 sacrilega
879 1169 1177 1227 praesumptio,
1195 1184 1326 1228 quam
1338 1168 1420 1213 sibi
1431 1168 1553 1213 furor
1568 1183 1727 1228 pravus

341 1238 532 1282 assumit.
571 1241 627 1282 Et
656 1238 763 1282 dum
795 1239 875 1283 sibi
904 1254 1074 1298 semper
1106 1240 1282 1300 quidam
1315 1239 1414 1299 plus
1446 1255 1579 1299 quam
1611 1240 1725 1284 mitis

334 1309 502 1369 justitia
525 1308 718 1368 deposcit
740 1320 990 1365 assumunt,
1016 1310 1070 1354 de
1099 1311 1289 1354 Ecclesia
1313 1320 1497 1370 pereunt
1522 1330 1530 1355 ε
1555 1320 1598 1354 et
1619 1309 1726 1354 dum

339 1395 382 1422 se
404 1379 639 1424 insolenter
661 1380 894 1436 extollunt,
918 1382 1012 1440 ipso
1035 1396 1113 1425 suo
1140 1391 1309 1425 tumore
1334 1383 1509 1435 caecati,
1534 1381 1725 1425 veritatis

339 1449 488 1493 lumen
512 1451 732 1494 amittunt.
768 1470 786 1491 «
814 1452 887 1494 His
919 1452 1124 1509 Cypriani
1142 1452 1284 1495 verbis
1306 1454 1444 1495 Deum
1463 1452 1659 1496 timentes
1678 1453 1724 1494 in

340 1519 528 1563 Ecclesia
540 1530 807 1575 tenerentur,
827 1523 901 1580 qui
920 1521 1080 1565 vellent
1098 1522 1152 1565 ab
1167 1537 1215 1566 ea
1228 1523 1415 1581 separari
1430 1532 1607 1581 propter
1619 1537 1725 1581 cog-

340 1591 451 1634 nitos
475 1591 633 1647 malos,
653 1592 813 1651 quibus
840 1592 983 1636 verbis
1011 1608 1083 1636 vos
1110 1592 1402 1646 damnamini,
1435 1593 1510 1652 qui
1540 1592 1725 1652 separati

341 1663 547 1705 accusatis
570 1672 612 1706 et
645 1663 794 1706 bonos.
830 1664 902 1706 His
929 1663 1069 1706 verbis
1092 1665 1336 1722 Cyprianus
1359 1672 1402 1707 et
1433 1679 1510 1707 nos
1544 1672 1662 1707 tenet
1681 1664 1727 1706 in

1800 1469 1804 1495 Ι

1797 1593 1802 1636 i

1793 1676 1802 1709 c

340 1730 471 1774 domo
506 1732 611 1786 Dei,
645 1734 767 1792 cujus
800 1732 1000 1776 decorem
1037 1732 1214 1790 dilexit3
1250 1734 1437 1786 etiamsi,
1467 1733 1587 1793 quod
1609 1748 1727 1777 nun-
1789 1758 1800 1768 ·

340 1815 470 1859 quam
491 1800 632 1845 facere
661 1803 881 1861 potuistis,
907 1818 929 1846 a
956 1802 1078 1846 vobis
1100 1812 1321 1847 accusatos
1351 1812 1393 1847 et
1411 1803 1726 1848 demonstratos

1787 1818 1799 1850 ὅ

340 1872 589 1926 traditores,
616 1882 658 1916 et
679 1873 899 1932 quoslibet
933 1873 1038 1917 alios
1070 1873 1205 1916 malos
1236 1888 1359 1917 nosse
1381 1888 1630 1931 possemus,
1669 1889 1724 1917 ne
1788 1888 1798 1919 ε

339 1940 456 1984 illam
481 1953 658 2001 propter
686 1958 783 1986 vasa
801 1943 914 1987 iacta
944 1944 988 1986 in
1011 1944 1320 1988 contumeliam
1349 1943 1612 1988 deseramus.
1648 1944 1723 1988 His

339 2012 482 2056 verbis
511 2014 638 2056 etiam
659 2029 735 2057 vos
758 2014 802 2056 in
830 2015 1086 2059 catholicam
1110 2029 1260 2073 pacem
1283 2024 1497 2058 correctos
1520 2014 1723 2072 pacificus

340 2083 613 2137 introducat,
641 2100 694 2128 ne
715 2084 984 2144 quibuslibet
1007 2086 1192 2144 peccatis
1215 2084 1364 2129 alienis
1387 2086 1497 2129 veris
1519 2101 1595 2129 seu
1616 2086 1725 2129 veris

339 2168 414 2197 seu
441 2153 552 2198 falsis
575 2155 747 2209 offensi,
773 2166 922 2200 contra
951 2157 1183 2200 Ecclesiam
1209 2157 1367 2201 Christi
1384 2157 1429 2200 in
1452 2165 1544 2201 toto
1558 2155 1725 2201 mundo

343 2224 573 2283 Scripturis
608 2226 945 2270 fructificantem
975 2237 1106 2286 atque
1138 2236 1428 2280 crescentem,
1459 2227 1571 2270 mala
1604 2236 1723 2271 tanta

332 2295 525 2353 jactetis,
558 2310 613 2338 ne
635 2306 816 2354 propter
840 2297 999 2340 zizania
1023 2297 1214 2340 triticum
1233 2296 1456 2350 accusetis,
1474 2312 1528 2340 ne
1548 2306 1725 2355 propter

342 2365 506 2422 paleam
542 2364 759 2410 frumenta
790 2366 1011 2420 deseratis,
1046 2382 1101 2410 ne
1134 2376 1312 2426 propter
1341 2381 1440 2411 vasa
1465 2366 1724 2411 inhonorata

340 2445 457 2477 extra
482 2437 661 2479 domum
686 2452 884 2494 magnam
908 2438 1178 2481 remaneatis.

399 2507 557 2549 XLIX.
585 2510 696 2551 Ecce
719 2518 935 2568 quantum
960 2524 1037 2553 nos
1059 2509 1135 2552 abs
1164 2518 1206 2552 te
1234 2517 1595 2553 commemoratus
1616 2508 1722 2552 bea-

390 2594 398 2611 ¹
421 2596 438 2619 2
454 2589 533 2621 Tim
555 2602 588 2631 ιι,
608 2600 660 2624 20.
677 2608 719 2617 --
734 2599 746 2614 ²
766 2593 845 2625 Psal.
864 2604 899 2634 ιι,
919 2605 952 2634 9.
967 2609 1007 2619 —
1023 2592 1035 2616 3
1053 2595 1143 2625 Joan.
1163 2603 1231 2627 xm,
1251 2593 1304 2625 26.

1786 1947 1797 1989 l

1782 2017 1796 2094 3
