1825 3264
312 242 397 281 416
752 249 785 278 s.
822 250 1051 281 ALGL‘STIM
1084 255 1264 283 muscom

312 328 351 362 te
373 318 547 363 creavit.
572 315 736 361 Deinde
757 319 951 363 contexis
975 334 1074 378 quae
1090 319 1170 364 tibi
1186 319 1298 364 hene
1319 334 1471 365 sonare
1485 320 1697 365 videban-

309 399 379 433 tur
406 408 413 433 :
445 391 622 432 «Fonte
647 387 881 433 deducitur
915 390 1055 445 rivus,
1080 398 1123 433 et
1145 399 1277 449 caput
1293 391 1487 436 membra
1505 407 1700 451 sequun-

306 469 392 504 tur.
429 462 542 505 Sano
583 460 723 519 capite
757 475 885 505 omne
912 476 1067 505 sanum
1090 470 1151 505 est
1176 476 1356 521 corpus,
1397 471 1440 506 et
1460 463 1494 507 si
1528 463 1635 522 quid
1655 463 1701 507 in

305 531 388 575 hoc
410 530 550 575 morbi
563 529 632 574 vel
650 530 744 574 vitii
758 540 836 585 est,
858 532 1004 576 omnia
1029 531 1222 576 membra
1245 531 1459 577 debilitat.
1475 533 1701 592 Originem

305 618 424 646 suam
448 602 634 661 respicit,
657 602 874 663 quidquid
897 604 941 647 in
967 603 1098 663 stirpe
1121 604 1341 663 processit.
1368 621 1389 645 »
1414 606 1471 648 Et
1488 613 1584 664 post
1604 604 1701 649 haec

306 674 429 732 quasi
459 674 503 717 in
534 682 730 718 extremo
753 673 977 718 concludis
1003 694 1012 719 z
1039 694 1053 714 (ι
1079 677 1174 719 Non
1194 684 1335 734 potest
1357 675 1565 720 innocens
1585 690 1672 719 esse
1687 709 1698 729 ,

306 744 383 803 qui
405 753 565 788 sectam
599 759 687 788 non
719 745 916 804 sequitur
953 745 1211 790 innocentis.
1243 765 1262 788 «
1303 749 1355 790 In
1389 746 1458 790 his
1494 746 1702 790 omnibus

303 816 445 859 verbis
471 816 555 859 tuis
578 818 827 861 Creatorem
862 831 1033 871 meum⁷
1059 826 1191 876 caput
1220 832 1365 860 meum
1384 851 1395 871 ‚
1431 832 1522 862 non
1558 817 1701 861 fecisti

306 885 387 929 nisi
427 886 677 930 traditorem
711 907 721 943 3
756 901 886 946 quem
927 886 1105 946 quidem
1134 901 1334 931 accusare
1368 895 1539 930 tantum
1563 921 1574 941 ,
1611 902 1699 931 non

306 956 563 1001 convincere
580 957 772 1016 potuisti.
790 960 882 1014 Ego
897 966 1040 1000 autem
1063 972 1143 1001 nec
1166 958 1257 1016 ejus
1278 956 1573 1000 innocentiam
1596 957 1701 1000 mihi

306 1028 573 1081 creatricem,
595 1027 664 1071 vel
687 1026 853 1072 fontem
879 1037 1064 1086 caputve
1081 1028 1300 1072 constituo
1320 1046 1329 1071 ε
1350 1026 1426 1071 sed
1448 1036 1495 1071 tu
1517 1026 1570 1071 ad
1590 1026 1703 1071 illud

306 1097 435 1152 redis,
459 1098 503 1141 in
525 1113 614 1157 quo
632 1097 867 1141 Petilianus
885 1099 1059 1151 erravit,
1085 1113 1140 1141 ne
1163 1098 1375 1157 cujusque
1391 1097 1436 1140 in
1455 1097 1701 1142 sanctifica-

306 1168 423 1212 tione
463 1168 729 1226 baptismatis
751 1168 948 1213 Christus
971 1169 1025 1212 sit
1054 1172 1175 1227 origo
1199 1177 1418 1228 caputque
1444 1168 1658 1212 nascentis
1691 1187 1701 1213 ι

306 1247 348 1281 et
371 1254 459 1282 non
489 1239 550 1283 vis
583 1238 730 1282 venire
760 1238 806 1281 in
836 1238 1117 1283 maledictum
1135 1273 1145 1293 ,
1169 1239 1224 1282 de
1246 1253 1335 1298 quo
1366 1238 1575 1297 scriptum
1599 1247 1664 1281 est
1688 1254 1699 1281 .·

310 1328 330 1349 u
365 1309 622 1354 Maledictus
643 1310 781 1353 omnis
805 1310 880 1368 qui
901 1324 1021 1368 spem
1052 1325 1174 1354 suam
1200 1309 1324 1368 ponit
1341 1310 1385 1352 in
1407 1310 1582 1353 homine
1607 1311 1624 1334 ²
1645 1327 1653 1352 ;
1677 1326 1696 1348 »

307 1394 408 1424 cum
431 1389 473 1423 te
495 1379 671 1424 aliunde
690 1395 779 1424 non
807 1379 1003 1424 involvas
1023 1415 1033 1436 ,
1065 1396 1120 1424 ne
1143 1395 1243 1424 curn
1267 1378 1463 1424 resilieris
1479 1414 1490 1435 ‚
1521 1380 1566 1423 in
1584 1378 1702 1422 aliud

308 1449 488 1495 recidas.

365 1523 503 1564 XLII.
525 1520 608 1564 Sed
626 1529 669 1564 et
685 1520 936 1565 testimonio
949 1536 1017 1564 me
1034 1520 1241 1565 admones
1254 1520 1308 1565 de
1327 1519 1574 1580 Scripturis‚
1596 1519 1702 1578 quid

309 1590 388 1634 tibi
412 1589 556 1634 adhuc
577 1590 632 1634 ad
654 1591 732 1634 ista
757 1593 1057 1650 respondeam.
1088 1591 1197 1635 Dicis
1221 1592 1358 1635 enim:
1379 1611 1397 1632 α
1419 1594 1602 1649 Propter
1618 1590 1701 1634 hoc

308 1662 516 1721 scriptum
535 1677 623 1705 esse
641 1681 649 1705 :
676 1681 695 1703 α
720 1664 769 1705 In
787 1661 998 1719 legalibus
1021 1671 1193 1721 patrum
1207 1672 1451 1707 vestrorum
1473 1676 1528 1705 ne
1543 1660 1702 1705 ambu-

312 1751 331 1771 η
354 1732 541 1775 laveritis
562 1734 594 1774 ².
617 1750 635 1772 »
663 1732 749 1775 Nec
773 1732 959 1775 advertis
990 1731 1155 1775 dictum
1181 1748 1269 1776 esse
1292 1732 1456 1777 Judaeis
1472 1767 1483 1786 ‚
1510 1742 1559 1776 ut
1589 1731 1702 1775 mala

306 1801 417 1846 facta
440 1811 611 1861 patrum
631 1817 811 1846 suorum
835 1818 924 1846 non
944 1803 1218 1846 imitarentur
1235 1838 1245 1858 ‚
1272 1819 1361 1847 non
1383 1812 1432 1847 ut
1454 1803 1508 1847 ab
1530 1801 1606 1846 illo
1624 1802 1701 1846 Dei

305 1872 471 1932 populo
494 1872 778 1917 scinderetur.
809 1873 852 1918 Si
873 1890 973 1931 crgo
1009 1875 1128 1917 licuit
1158 1874 1249 1932 regi
1276 1873 1412 1918 David
1429 1909 1440 1929 ,
1480 1871 1669 1918 Samueli
1688 1907 1698 1926 ,

312 1948 451 1999 Isaiae,
473 1945 686 1999 Jeremiae,
710 1945 952 2000 Zachariae,
979 1946 1232 2005 caeterisque
1253 1945 1411 1989 sanctis
1434 1960 1483 1989 ac
1508 1944 1701 2002 Prophe-

310 2016 362 2060 tis
399 2017 475 2059 Dei
513 2017 623 2060 inter
654 2026 977 2075 contemptores
1005 2016 1130 2075 Legis
1161 2017 1235 2060 Dei
1266 2016 1469 2060 mandata
1498 2029 1666 2059 servare
1687 2049 1698 2068 ‚

310 2095 440 2146 atque
462 2088 508 2130 in
525 2086 619 2131 illos
637 2088 750 2145 ipsos
775 2086 969 2131 mandati
993 2096 1326 2145 transgressores
1345 2085 1480 2129 multa
1504 2085 1634 2142 digna
1657 2092 1699 2127 et

308 2173 409 2201 vera
439 2158 568 2201 verba
592 2157 805 2218 jaculari,
832 2168 1004 2217 patrum
1032 2173 1210 2217 quoque
1239 2157 1312 2200 illa
1345 2165 1521 2216 peccata
1539 2155 1699 2215 quibus

310 2228 390 2272 sub
413 2231 562 2285 Moyse
585 2229 643 2272 ita
659 2228 942 2272 offenderunt
968 2231 1127 2281 Deum,
1150 2237 1199 2271 ut
1222 2242 1351 2271 nemo
1369 2241 1519 2271 corum
1544 2225 1701 2283 dignus

311 2309 418 2343 csset
437 2308 591 2342 terram
610 2298 900 2358 promissionis
915 2298 1091 2351 intrare,
1117 2313 1205 2341 non
1224 2297 1401 2351 imitari,
1417 2312 1505 2340 non
1528 2295 1697 2349 sectari,

310 2368 386 2413 scd
408 2369 609 2414 detestari
632 2385 680 2413 ac
703 2369 870 2427 fugere,
891 2380 933 2412 ct
950 2367 1044 2412 illos
1063 2368 1138 2427 qui
1158 2384 1206 2411 ea
1229 2367 1567 2421 committerent,
1583 2366 1700 2410 simi-

311 2440 496 2484 litudine
519 2440 670 2484 talium
692 2449 863 2499 patrum
879 2440 1118 2498 increpare,
1146 2455 1225 2483 nec
1248 2449 1393 2483 tamen
1409 2438 1491 2482 sibi
1514 2437 1698 2481 alterum

315 2511 526 2568 populum
540 2511 661 2570 quasi
680 2520 914 2570 purgatum
927 2519 968 2554 ct
983 2510 1199 2569 liquatum
1212 2508 1482 2568 separatione
1495 2506 1699 2564 sacrilega

363 2600 371 2613 ¹
397 2596 502 2625 Jcrcm
540 2606 613 2634 xvii„
635 2596 664 2626 Ξ).
684 2612 720 2617 -
742 2602 751 2616 ²
770 2594 884 2626 Ezech,
907 2605 960 2634 xx,
985 2595 1033 2626 18.
