1825 3264
288 278 452 308 CONTRA
483 279 747 308 canseomcu
778 279 1066 320 nonnis-rau,
1101 282 1183 310 nn.
1219 284 1249 310 1.
1378 270 1461 311 315

81 345 212 390 armis
231 344 496 404 perniciosos
516 345 794 404 expugnabat
830 360 994 391 errores
1016 367 1029 404 ·,
1065 361 1145 392 nec
1172 347 1464 392 contentiosos

80 424 289 475 tanquam
307 415 572 470 mitissimus,
597 429 677 460 nec
700 413 946 461 dialecticos
967 425 1176 477 tanquam
1197 416 1464 477 simplicissi-

81 500 178 531 mus
198 484 478 530 formidabat.

136 557 258 600 XVI.
293 557 413 602 Nosti
435 556 549 601 enim
575 571 710 615 quam
731 557 916 601 maxime
943 556 1060 616 apud
1087 559 1253 603 Sto'i'cos
1280 558 1465 617 viguisse

78 627 275 686 quamvis
295 636 339 671 et
358 627 438 686 ipsi
457 627 676 686 Epicurei,
701 641 810 686 quos
832 627 1045 686 imperitia
1068 626 1314 672 liberalium
1337 627 1466 672 disci-

78 696 295 756 plinarum
337 713 427 742 non
462 697 602 742 solum
638 713 728 742 non
764 697 982 756 pudebat,
1021 712 1173 744 verum
1222 699 1351 742 etiam
1388 697 1462 742 de-

78 766 293 822 lectabat,
339 768 548 827 quasdam
590 767 842 827 disputandi
870 767 1039 827 regulas
1075 768 1237 828 quibus
1278 768 1463 828 quisque

76 851 179 882 usus
230 838 410 881 minime
448 837 623 883 falletur
648 873 660 893 ,
708 854 752 882 se
788 839 933 897 potius
960 848 1003 883 et
1033 848 1180 884 tenere
1218 848 1262 882 et
1306 837 1463 883 docere

71 906 311 966 jactabant.
336 909 454 960 Quid
475 917 537 953 est
571 909 687 953 enim
710 907 829 953 aliud
853 908 1099 964 dialectica,
1138 924 1271 969 quam
1309 909 1462 967 peritia

77 976 359 1036 disputandi?
389 979 514 1031 Quod
543 978 640 1024 ideo
670 980 954 1039 aperiendum
983 980 1155 1039 putavi,
1196 980 1300 1039 quia
1331 979 1461 1023 etiam

76 1046 211 1106 ipsam
263 1048 370 1092 mihi
401 1067 421 1091 «
453 1049 639 1108 objicere
672 1049 867 1104 voluisti,
918 1050 1042 1109 quasi
1082 1049 1327 1093 christianae
1374 1064 1464 1093 non

77 1128 290 1176 congruat
321 1119 511 1174 veritati,
537 1129 580 1164 et
603 1120 700 1166 ideo
729 1135 799 1165 me
822 1119 1021 1165 doctores
1039 1120 1168 1165 vestri
1183 1118 1305 1163 velut
1322 1119 1466 1164 homi-

77 1202 178 1231 nem
212 1187 487 1233 dialecticum
509 1191 663 1234 merito
680 1189 939 1249 fugiendum
961 1190 1104 1249 potius
1129 1198 1172 1233 et
1199 1189 1462 1243 cavendum,

77 1273 209 1318 quam
233 1257 523 1303 refellendum
553 1260 954 1320 revincendumque
986 1260 1249 1304 censuerint.
1286 1278 1303 1300 n
1339 1257 1467 1312 Quod

78 1343 177 1372 cum
209 1328 288 1372 tibi
316 1344 404 1374 non
434 1331 750 1388 persuaserint,
785 1345 886 1374 nam
915 1339 956 1374 te
997 1330 1199 1374 adversus
1227 1344 1306 1373 nos
1336 1329 1467 1373 etiam

78 1398 308 1442 scribendo
330 1397 552 1458 disputare
581 1415 671 1444 non
694 1399 856 1458 piguit3
879 1408 927 1443 tu
946 1408 1091 1443 tamen
1113 1400 1158 1442 in
1176 1413 1246 1442 me
1272 1396 1470 1441 dialecti-

79 1483 174 1513 cam
196 1469 447 1513 criminatus
469 1484 529 1524 es,
550 1485 640 1528 quo
658 1468 828 1513 falleres
850 1470 1096 1528 imperitos,
1120 1468 1304 1527 illosque
1323 1466 1470 1512 lauda-

79 1553 146 1582 res
161 1539 237 1597 qui
260 1538 524 1597 disputando
543 1554 713 1583 mecum
735 1538 944 1597 congredi
966 1539 1212 1583 noluerant.
1234 1536 1318 1582 Sed
1340 1546 1388 1581 tu
1409 1536 1472 1581 vi-

63 1607 238 1653 ‘delicet
260 1624 349 1653 non
365 1608 591 1653 dialectica
612 1609 765 1662 uteris,
791 1623 890 1652 cum
925 1618 1076 1653 contra
1103 1623 1181 1652 nos
1210 1607 1385 1652 scribis?
1414 1609 1472 1651 Ut

80 1677 187 1737 quid
204 1687 247 1722 te
268 1692 368 1736 ergo
397 1679 442 1722 in
474 1687 646 1723 tantum
676 1678 928 1737 disputandi
960 1678 1200 1737 periculum
1229 1676 1467 1737 projecisti,

81 1764 181 1794 cum
204 1748 426 1807 disputare
446 1764 536 1793 non
555 1750 760 1793 noveris?
779 1751 869 1793 Aut
892 1749 927 1792 si
955 1749 1089 1803 nosti,
1120 1763 1198 1792 cur
1220 1746 1472 1792 dialecticus

81 1818 350 1865 dialecticam
374 1819 631 1873 criminaris,
656 1821 715 1863 ita
729 1820 799 1864 vel
817 1820 1089 1873 temerarius,
1106 1818 1174 1862 vel
1189 1818 1398 1876 ingratus,
1423 1825 1473 1860 ut

82 1898 158 1934 aut
176 1889 436 1948 imperitiam
459 1904 546 1948 qua
569 1890 749 1935 vinceris
778 1905 867 1934 non
895 1888 1107 1944 refrenes,
1133 1897 1207 1933 aut
1229 1887 1472 1932 doctrinam

82 1975 169 2020 qua
186 1960 349 2020 juvaris
369 1962 568 2004 accuses?
592 1961 777 2019 Inspicio
798 1975 1040 2005 sermonem
1066 1970 1216 2014 tuum,
1242 1960 1373 2003 istum
1402 1959 1471 2017 ip-

82 2045 179 2075 sum
201 2046 333 2091 quem
349 2030 404 2074 ad
427 2046 495 2076 me
515 2031 740 2090 scripsisti,
766 2030 894 2076 video
916 2041 958 2076 te
979 2031 1182 2091 quaedam
1205 2030 1377 2088 copiose
1398 2043 1472 2073 or-

83 2110 272 2161 nateque
292 2101 520 2161 explicare,
539 2103 624 2147 hoc
638 2111 717 2156 est,
735 2102 1008 2163 eloquenter,
1030 2101 1232 2161 quaedam
1247 2115 1349 2145 vero
1369 2099 1474 2144 sub-

85 2170 218 2216 tiliter
239 2181 483 2232 arguteque
508 2172 737 2227 disserere,
763 2173 846 2216 hoc
869 2181 954 2225 est,
984 2171 1236 2227 dialectice,
1265 2179 1308 2214 et
1330 2179 1474 2214 tamen

84 2241 380 2301 eloquentiam
413 2243 774 2302 dialecticamque
796 2242 1092 2301 reprehendis.
1128 2242 1170 2286 Si
1192 2241 1318 2285 noxia
1349 2248 1472 2294 sunt,

84 2326 220 2372 quare
237 2312 321 2356 hoc
342 2310 473 2357 facis?
495 2314 530 2357 si
552 2328 642 2358 non
660 2322 779 2368 sunt,
799 2327 879 2356 cur
894 2312 1060 2370 arguis?
1080 2311 1165 2356 Sed
1182 2326 1237 2354 ne
1252 2311 1381 2354 etiam
1397 2323 1475 2352 nos

84 2382 206 2427 verbi
242 2383 533 2427 controversia
571 2392 799 2442 torqueat,
839 2397 939 2426 cum
965 2397 1030 2425 res
1066 2382 1155 2439 ipsa
1188 2378 1472 2436 intelligatur,

85 2453 230 2496 minus
246 2451 536 2496 laborandum
551 2461 614 2496 est
628 2453 735 2511 quid
751 2452 1002 2496 hominibus
1019 2465 1112 2494 eam
1132 2464 1286 2494 vocare
1301 2448 1477 2508 placue-

85 2522 157 2567 rit.
194 2523 380 2567 Proinde
413 2522 447 2566 si
475 2522 684 2582 eloquens
716 2521 788 2566 ille
823 2520 1108 2581 appellandus
1140 2529 1229 2575 est,
1270 2520 1345 2579 qui
1387 2534 1477 2563 non

86 2592 228 2639 solum
242 2593 416 2652 copiose
433 2602 478 2639 et
491 2602 659 2648 ornate,
678 2591 754 2639 sed
771 2592 901 2639 etiam
916 2592 1126 2638 veraciter
1137 2589 1267 2650 dicit,
1283 2590 1476 2649 itemque
