1825 3264
326 248 411 289 410
766 261 799 287 s.
836 257 1067 289 mausum
1097 261 1278 290 nrxscom

325 325 608 385 sequentibus
629 340 729 370 cum
747 327 1069 372 communicare
1085 327 1310 383 noluisset,
1330 337 1450 374 actus
1464 338 1528 373 est
1548 329 1594 373 in
1614 329 1706 374 exi-

327 396 450 440 lium.
470 414 491 437 »
513 398 608 440 Imo
629 397 706 456 qui
724 399 815 456 jam
833 396 1014 443 traditor
1031 397 1130 453 fuit,
1156 413 1407 458 permanere
1423 399 1552 444 etiam
1571 400 1707 444 haere-

326 467 437 511 ticus
458 466 612 522 voluit,
634 476 683 510 ut
695 466 853 512 falsum
876 469 1083 512 honorem
1103 469 1148 512 in
1163 469 1253 528 ipsa
1272 478 1394 528 parte
1410 469 1706 514 Donatihabe-

327 546 414 591 ret,
432 537 507 596 qui
526 537 742 582 haberein
764 538 987 584 Catholica
1004 538 1174 583 nullum
1193 549 1350 599 posset,
1366 549 1452 584 tam
1467 539 1705 587 manifestis

328 607 573 652 traditionis
589 623 677 651 suae
691 609 818 667 gestis
831 609 1005 667 publico
1013 608 1180 670 judicio
1197 611 1405 654 reseratis.
1425 612 1529 655 Haec
1543 619 1591 654 tu
1612 625 1710 670 pro-

331 677 446 722 fecto
468 677 574 721 falsa
598 692 688 722 esse
712 678 909 723 dicturus
930 694 973 723 es
988 714 999 734 ,
1025 689 1068 724 et
1098 695 1178 739 pro
1199 679 1350 724 vestris
1379 679 1638 740 majoribus,
1662 689 1712 724 ut

336 747 573 808 plurimum
604 751 763 808 possis,
799 760 949 795 contra
980 760 1149 796 nostros
1177 750 1257 795 alia
1288 754 1549 811 prolaturus.
1584 749 1713 804 Quod

334 819 512 879 quidem
536 819 715 865 forsitan
739 837 827 866 non
841 822 1019 878 valebis,
1053 839 1142 867 non
1164 821 1424 868 inveniendo
1444 821 1550 882 quid
1564 821 1714 882 profe-

335 905 417 934 ras.
445 890 530 935 Sed
543 890 612 935 fac
630 900 672 935 te
690 892 916 946 invenisse,
939 894 1006 938 fac
1023 893 1253 953 protulisse
1275 902 1497 937 :tanta-ne
1510 891 1616 936 furis
1633 893 1715 935 im-

316 960 544 1021 ‚pudentia
559 996 569 1015 ,
597 972 647 1006 ut
664 963 739 1006 abs
766 972 809 1006 te
834 963 1011 1022 prolatis
1033 964 1166 1022 magis
1186 962 1423 1008 contendas
1445 961 1562 1007 credi
1582 976 1715 1021 opor·

335 1039 440 1083 tere,
469 1047 598 1090 quam
615 1033 673 1075 eis
697 1048 796 1091 quae
816 1032 1097 1091 proferuntur
1119 1050 1141 1078 a
1164 1034 1321 1077 nobis?
1344 1036 1432 1077 Aut
1454 1033 1570 1076 enim
1587 1042 1630 1076 et
1645 1031 1716 1077 hic

335 1111 377 1146 et
401 1102 486 1146 illic
510 1102 690 1146 fuerunt
706 1103 955 1155 traditores,
977 1105 1037 1149 sic
1060 1114 1103 1149 et
1124 1114 1173 1148 tu
1195 1104 1339 1164 aliqua
1362 1105 1516 1149 recitas
1532 1103 1588 1147 de
1608 1117 1718 1148 con·

336 1172 517 1216 fossione
542 1182 787 1218 nostrorum
815 1193 824 1219 ι
850 1175 970 1219 autsi
985 1174 1151 1235 aliquid
1168 1185 1294 1235 putas
1324 1183 1476 1219 contra
1509 1183 1673 1219 vestros
1695 1188 1719 1217 a

336 1244 491 1287 nostris
514 1259 602 1288 esse
619 1245 873 1300 confictum,
894 1261 971 1291 cur
992 1261 1082 1290 non
1105 1236 1152 1290 et>
1169 1261 1192 1289 a
1213 1246 1360 1290 vestris
1380 1254 1532 1290 contra
1552 1253 1720 1289 nostros

336 1314 420 1358 hoc
437 1314 550 1358 idem
575 1315 701 1359 nobis
722 1325 875 1375 putare
896 1316 1160 1361 conceditis?
1184 1319 1300 1375 Ergo
1316 1332 1396 1375 pro
1418 1316 1618 1360 humanis
1634 1313 1721 1359 fac-

338 1384 413 1439 tis,
435 1394 509 1428 aut
526 1394 568 1428 et
591 1387 692 1429 hinc
712 1396 754 1430 et
773 1386 875 1431 inde
895 1387 1199 1442 manifestatis,
1221 1396 1296 1430 aut
1316 1402 1366 1430 ex
1384 1397 1572 1446 utroque
1587 1385 1721 1429 latere

337 1455 526 1508 incertis,
553 1471 606 1499 ne
628 1458 703 1516 qui
726 1457 771 1501 in
793 1473 930 1501 unum
956 1461 1094 1502 Deum
1117 1457 1333 1503 credimus
1347 1456 1580 1516 litigemus,
1600 1454 1722 1515 quod

337 1536 504 1570 certum
526 1536 568 1570 et
586 1527 782 1572 divinum
797 1545 956 1573 munus
977 1540 1057 1586 est,
1077 1530 1123 1572 in
1143 1529 1304 1574 Christi
1329 1528 1464 1587 gratia
1480 1526 1721 1572 concorde-

337 1613 450 1643 mus.
471 1601 582 1643 Cum
605 1600 722 1643 enim
744 1610 861 1658 gesta
891 1603 1103 1661 majorum
1125 1609 1373 1645 nostrorum
1400 1608 1530 1659 atque
1553 1607 1722 1643 vestro-

340 1683 435 1711 rum
456 1669 557 1712 hinc
576 1679 706 1729 atque
728 1670 831 1715 inde
847 1672 1062 1715 contraria
1077 1672 1315 1715 recitantur
1337 1670 1462 1714 nobis
1484 1677 1607 1714 tanto
1623 1676 1723 1728 post

340 1739 472 1793 natis,
498 1740 532 1782 si
550 1754 629 1784 nec
650 1739 802 1785 saltem
824 1742 1025 1785 dubitare
1056 1743 1347 1800 permittitur,
1374 1740 1481 1800 quid
1503 1739 1723 1799 iniquius?

343 1809 384 1853 Si
400 1818 543 1853 autem
561 1811 842 1869 permittitur,
865 1812 969 1871 quid
983 1811 1294 1855 sufficientius?
1311 1813 1462 1869 Neque
1480 1809 1595 1853 enim
1613 1809 1723 1853 sicut
1790 1864 1791 1867 Ἴ

340 1880 554 1923 incertum
577 1890 640 1924 cst
661 1897 682 1924 a
706 1882 866 1941 quibus
889 1883 1076 1926 extiterit
1100 1880 1342 1925 traditionis
1365 1880 1528 1924 malum
1545 1915 1555 1934 ,
1581 1881 1640 1924 sic
1661 1880 1722 1922 in-

340 1959 506 1994 certum
529 1961 592 1996 est
613 1968 635 1995 a
659 1968 746 2012 quo
761 1953 968 2012 j'ubeatur
990 1951 1113 1996 reddi
1136 1952 1322 1996 turbatae
1339 1952 1456 2009 pacis
1477 1950 1660 1994 bonum.
1790 2003 1791 2007 Ἰ

401 2025 581 2067 XXXV.
614 2028 675 2068 Ac
699 2040 775 2083 per
797 2025 881 2068 hoc
898 2024 974 2084 qui
998 2039 1075 2081 pro
1091 2023 1257 2066 incerto
1275 2021 1415 2066 alieno
1432 2020 1547 2065 malo
1573 2035 1724 2080 pacem

341 2094 500 2138 Christi
538 2095 728 2153 respuit,
764 2095 1000 2138 certissime
1037 2094 1175 2137 malus
1218 2102 1281 2137 est
1317 2112 1326 2137 :
1366 2090 1725 2151 quandoquidem
1792 2119 1793 2122 =

341 2162 586 2222 Cyprianus
603 2181 682 2209 nee
702 2181 780 2224 pro
795 2175 910 2209 certa
928 2165 1239 2224 permixtorum
1258 2162 1419 2207 malitia
1443 2162 1721 2215 zizaniorum,
1787 2172 1794 2179 ·

342 2250 491 2294 pacem
522 2236 710 2280 deseruit
732 2236 1073 2289 frumentorum,
1098 2236 1174 2295 qui
1196 2235 1387 2278 scribens
1409 2234 1464 2276 ad
1485 2232 1726 2276 Maximum
1789 2253 1791 2259 ·

343 2305 451 2351 dixit
476 2325 484 2350 :
516 2326 534 2348 «
561 2310 616 2351 Et
640 2308 673 2351 si
695 2306 900 2351 videntur
934 2307 978 2349 in
1002 2305 1192 2349 Ecclesia
1225 2319 1314 2348 esse
1344 2303 1520 2357 zizania,
1545 2317 1635 2347 non
1657 2311 1726 2346 ta·
1785 2359 1789 2368 ¹

346 2392 445 2420 men
467 2377 669 2437 impediri
691 2377 823 2421 debet
845 2376 951 2420 fides
970 2385 1045 2420 aut
1067 2376 1251 2420 charitas
1271 2384 1431 2428 nostra,
1456 2382 1506 2418 ut
1518 2373 1726 2434 quoniam

344 2449 503 2492 zizania
525 2465 615 2493 esse
642 2449 687 2492 in
712 2448 901 2494 Ecclesia
927 2448 1168 2502 cernimus,
1194 2447 1273 2506 ipsi
1305 2445 1359 2490 de
1390 2445 1580 2490 Ecclesia
1605 2458 1726 2488 rece·

345 2520 520 2573 damus,
543 2539 563 2562 »
587 2523 685 2566 Non
709 2521 816 2564 dixit
831 2555 841 2574 ,
869 2521 1146 2579 Suspicamur
1168 2518 1415 2577 opinamur,
1437 2517 1723 2570 arbitramur,
1783 2519 1787 2542 ἲ

346 2590 614 2648 conjicimus,
634 2591 850 2635 credimus
869 2610 876 2635 :
894 2591 984 2644 sed,
1004 2609 1024 2632 «
1038 2590 1269 2644 crenimus,
1286 2607 1305 2630 »
1323 2587 1451 2632 dixit.
1465 2588 1503 2631 Ο
1521 2586 1722 2643 verbum,
1782 2592 1786 2620 ¹»
