1825 3264
290 245 452 273 com-M
484 244 686 271 u'r'rsms
719 245 954 282 rETiLnM,
992 246 1073 271 Lm.
1112 245 1176 270 111.
1349 233 1431 271 175

41 312 206 356 victum
227 319 271 355 et
289 310 533 370 abjectum,
562 325 586 354 a
619 309 772 354 nostris
801 312 922 353 essel
963 309 1242 368 susceptum?
1268 326 1288 350 »
1314 307 1429 361 Quid

42 395 168 440 ergo,
192 381 299 436 (sine
320 380 452 440 hujus
471 378 725 440 praejudicio
741 377 924 423 dixerim
941 413 952 433 ,
992 380 1067 438 qui
1100 393 1274 423 causam
1307 392 1430 422 suam

40 451 207 496 ,bonam
227 449 297 495 vel
314 450 542 510 probavit,
567 448 635 494 vel
656 449 886 509 persuasit,
916 447 1054 506 >tales
1074 449 1190 507 apud
1208 464 1282 493 vos
1316 463 1430 492 non-

41 521 151 570 dum
167 521 330 567 detecti
344 555 356 575 ,
388 536 488 566 cum
511 521 762 580 baptizant,
782 519 892 580 quid
912 519 968 563 ab
986 519 1046 564 eis
1061 519 1286 577 accipitur,
1306 518 1431 574 fides,

42 607 99 638 an
121 595 294 638 reatus?
316 595 415 639 Non
434 592 588 652 utique
617 592 725 637 fides
744 613 756 650 3
785 592 888 652 quia
910 607 998 636 non
1028 590 1194 635 habent
1215 591 1436 635 conscien-

42 664 147 709 tiam
167 674 315 710 sancte
336 664 503 719 dantis,
519 679 619 724 quae
646 663 798 708 abluat
820 663 1083 723 accipientis.
1124 661 1209 707 Sed
1238 677 1317 706 nee
1341 677 1434 706 rea-

40 743 137 789 tus,
168 744 346 795 propter
378 733 490 779 illud
519 733 720 780 additum
756 735 940 779 verbum
967 752 976 778 :
1006 735 1158 777 «Nam
1191 732 1265 792 qui
1303 732 1434 776 fidem

39 805 177 850 sciens
198 821 222 849 a
238 803 406 864 perfido
432 805 685 864 sumpserit,
720 820 809 850 non
840 804 972 848 fidem
996 803 1208 863 percipit,
1234 801 1311 846 sed
1337 817 1433 845 rea-

39 883 152 920 tum.
179 892 200 917 u
226 877 295 920 Ab
317 876 407 920 istis
429 885 576 920 autem
606 891 707 921 cum
730 875 1055 935 baptizarentur
1078 873 1297 927 homines,
1322 887 1434 931 qua-

37 943 100 990 les
123 945 306 990 fuissent
339 946 492 1007 utique
520 947 785 992 nescierunt.
812 945 999 991 Proinde
1023 960 1113 989 non
1136 945 1191 988 ab
1226 943 1286 987 eis
1318 943 1433 987 aoei-

38 1015 200 1075 piendo
235 1015 392 1071 fidem,
416 1017 518 1076 quia
559 1032 650 1062 non
681 1017 904 1062 habebant
934 1016 1244 1062 conscientiam
1286 1022 1433 1058 sancte

39 1086 182 1133 dantis
206 1108 218 1145 3
242 1103 333 1134 non
349 1088 603 1149 accipiendo
625 1090 752 1134 etiam
772 1098 943 1134 reatum
959 1124 970 1144 ,
993 1088 1095 1149 quia
1117 1103 1206 1132 non
1230 1087 1431 1139 scientes,

40 1158 118 1202 sed
152 1159 394 1204 nescientes
433 1175 584 1204 eorum
616 1159 817 1214 crimina,
844 1158 1050 1218 baptizati
1082 1166 1212 1212 sunt,
1237 1157 1328 1201 sine
1350 1155 1437 1200 fide

44 1237 90 1273 et
110 1230 202 1274 sine
223 1239 347 1275 reatu
367 1239 682 1275 remanserunt.
709 1233 806 1276 Non
827 1239 930 1274 sunt
959 1244 1062 1288 ergo
1083 1229 1127 1273 in
1162 1243 1346 1272 numero
1369 1235 1437 1270 ta·-

41 1297 152 1344 lium
170 1301 500 1359 flagitiosorum.
529 1302 615 1347 Sed
637 1316 718 1345 nec
744 1302 790 1346 in
814 1316 998 1345 numero
1019 1309 1202 1360 possunt
1220 1315 1308 1343 esse
1329 1297 1438 1342 fide-

41 1369 179 1428 lium,
202 1372 306 1431 quia
323 1372 435 1416 sicut
456 1387 536 1416 nec
558 1381 728 1416 reatum
745 1407 756 1427 ,
781 1373 841 1416 ita
863 1387 944 1416 nec
965 1371 1098 1416 fidem
1131 1371 1187 1414 ab
1222 1370 1281 1413 eis
1320 1370 1436 1413 acci-

42 1455 148 1501 pere
181 1451 436 1502 potuerunt.
479 1445 538 1488 At
581 1458 653 1488 eos
698 1444 746 1486 in
791 1457 975 1487 numero
1015 1440 1213 1485 fidelium
1255 1456 1277 1484 a
1317 1439 1438 1484 vobis

40 1514 259 1559 cernimus
293 1514 518 1574 deputari,
554 1530 636 1560 nec
672 1529 847 1559 censere
881 1528 1149 1574 quemquam
1171 1521 1367 1557 vestrum
1389 1520 1439 1556 ut

38 1584 333 1645 baptizentur,
358 1586 434 1631 sed
456 1594 600 1631 ratum
623 1587 786 1631 habere
816 1587 937 1646 quod
969 1584 1177 1644 baptizati
1199 1593 1318 1628 sunt.
1343 1587 1438 1627 Ac·
1470 1587 1482 1602 ¹

39 1665 253 1715 ceperunt
274 1657 422 1718 itaque
440 1656 597 1715 fidem3
620 1672 701 1702 nec
725 1666 870 1701 tamen
891 1657 947 1700 ab
969 1656 1029 1699 eis
1047 1663 1333 1714 acceperunt,
1359 1653 1435 1713 qui

38 1740 129 1771 non
151 1727 373 1773 habebant
389 1728 699 1773 conscientiam
727 1736 875 1772 sancte
896 1726 1039 1771 dantis
1055 1761 1066 1781 ,
1107 1741 1207 1786 quae
1229 1724 1429 1769 ablueret

39 1796 301 1856 accipientis.
329 1797 454 1843 Unde
475 1813 578 1858 ergo
595 1799 883 1859 acceperunt?
908 1799 1020 1842 Hinc
1049 1805 1218 1854 satago,
1254 1796 1337 1840 hoc
1359 1811 1437 1839 ur-

47 1877 200 1926 genter
229 1864 481 1929 interrogo',
517 1871 602 1915 hoc
635 1879 686 1915 ut
719 1870 1031 1929 respondeatur
1061 1867 1437 1912 vehementissime

39 1938 210 1999 flagito.

97 2012 348 2056 XXXVIII.
381 2013 584 2071 Inspicite
611 2027 730 2055 nunc
754 2011 1038 2063 petilianum,
1066 2024 1119 2052 ne
1142 2009 1225 2052 hoc
1247 2021 1436 2066 respon—

41 2079 164 2131 deat,
195 2080 263 2125 vel
286 2097 341 2126 ne
372 2082 457 2126 hoc
486 2081 750 2141 respondere
787 2097 877 2126 non
912 2079 1101 2139 potuisse
1140 2078 1437 2138 deprehensus

41 2162 272 2212 appareat,
298 2167 376 2212 per
402 2162 569 2198 nostras
597 2151 885 2198 contumelias
915 2151 1100 2196 inaniter
1122 2150 1317 2208 evagari,
1349 2148 1436 2193 cri-

42 2223 281 2268 minantem
298 2259 309 2278 ,
330 2233 373 2269 et
404 2224 513 2268 nihil
536 2226 795 2284 probantem
820 2245 830 2282 3
856 2233 899 2268 et
917 2223 994 2267 ubi
1013 2222 1126 2267 forte
1149 2230 1333 2266 conatur
1356 2235 1437 2279 pro

42 2306 171 2340 causa
200 2295 324 2355 quasi
345 2296 599 2355 pugnaciter
623 2296 838 2350 resistere,
873 2295 1039 2353 ubique
1076 2291 1282 2337 facillime
1305 2306 1437 2350 supc-

42 2365 128 2410 rati
151 2385 162 2410 z
186 2366 240 2410 ad
262 2367 346 2411 hoc
369 2377 516 2412 tamen
537 2382 675 2411 unum
699 2367 881 2411 omnino
903 2365 1013 2410 nihil
1037 2364 1298 2422 respondere
1315 2360 1437 2421 quod

43 2435 306 2496 quaerimus,
334 2437 376 2482 Si
412 2437 675 2482 conscientia
705 2446 852 2481 sancte
889 2435 1033 2480 dantis
1055 2432 1311 2487 attenditur,
1337 2447 1438 2491 quae

94 2545 105 2561 ¹
124 2541 170 2571 De
189 2538 382 2581 recipiendis
400 2539 633 2571 Donatistarum
649 2537 770 2571 clericis
781 2542 910 2571 servato
926 2548 981 2569 suo
992 2537 1108 2579 cuique
1126 2535 1247 2568 honore
1267 2534 1330 2578 egit
1344 2534 1428 2568 Car-

46 2592 236 2638 thaginense
256 2595 433 2629 Concilium
450 2594 502 2628 die
519 2605 587 2629 xm-
605 2596 695 2637 Sept.
709 2604 792 2627 anno
808 2594 884 2636 4⁰¹·
