1825 3264
477 277 530 304 niz
563 276 749 304 UNITATE
781 277 999 305 Echnsm.
1350 269 1437 307 223

0 354 2 362 ·
51 350 195 387 autem
239 341 408 386 velleris
450 342 663 402 populum
715 342 859 386 Israel.
906 344 1116 387 Novimus
1156 343 1272 387 enim
1318 343 1438 389 illam

47 411 271 472 quondam
299 420 472 471 gentem
501 411 638 457 divini
666 412 923 456 sacramenti
957 415 1090 470 gratia
1114 422 1320 473 tanquam
1350 430 1440 459 coe-

46 482 142 528 lesti
176 497 272 528 rore
313 482 531 542 perfusam
551 504 562 541 3
583 484 706 544 eujus
743 483 934 527 muneris
970 499 1047 543 per
1080 499 1231 529 omnes
1273 485 1319 530 in
1353 486 1439 530 cir-

48 553 169 598 cuitu
211 562 381 611 gentes,
414 554 516 614 quia
545 568 596 598 eo
629 554 867 607 carebant,
896 562 1104 614 tanquam
1131 555 1296 599 siccitas
1328 565 1437 600 erat.

47 627 153 669 Erat
168 632 313 668 autem
333 625 450 684 apud
471 624 594 668 illum
612 624 825 684 populum
843 625 927 669 hoc
947 639 1106 669 munus
1127 626 1170 669 in
1193 625 1368 679 vellere,
1394 626 1439 670 id

48 705 128 749 est,
159 697 204 740 in
231 694 444 739 velamine
478 705 522 740 et
553 697 675 756 quasi
698 697 742 739 in
770 696 886 740 nube
914 697 1083 750 secreti,
1109 697 1210 755 quia
1239 696 1438 741 nondum

46 765 192 810 fuerat
210 765 465 810 revelatum.
504 769 630 811 Nunc
657 775 802 810 autem
828 766 1026 810 videmus
1051 766 1201 810 orbem
1226 776 1435 811 terrarum

40 838 130 898 jam
157 837 346 882 revelato
369 853 465 881 rore
485 838 670 896 saginari
693 853 769 896 per
791 837 1075 895 Evangelium
1103 838 1277 881 Domini
1302 839 1437 882 nostri

46 910 150 953 Jesu
174 909 362 964 Christi,
399 908 520 969 quod
551 919 653 953 tunc
677 909 721 952 in
744 908 820 953 illo
844 909 1032 968 tegmine
1055 910 1325 968 figurabatur
1352 929 1361 954 :
1385 909 1439 952 il-

47 977 135 1023 lam
158 994 260 1024 vero
278 989 451 1038 gentem
475 980 630 1024 amisso
651 979 898 1024 sacerdotio
916 979 1036 1039 quod
1055 979 1263 1035 habebat,
1281 980 1382 1039 quia
1396 980 1441 1023 in

52 1049 284 1109 Scripturis
306 1065 397 1093 non
418 1049 621 1107 intelligit
642 1049 879 1104 Christum,
904 1058 1113 1109 tanquam
1142 1049 1187 1093 in
1214 1050 1327 1094 sicco
1350 1048 1443 1093 vel-

49 1118 140 1163 lere
176 1119 443 1163 remansisse.
489 1122 575 1164 Nec
612 1120 657 1162 in
699 1119 857 1163 talibus
898 1128 1045 1163 tamen
1087 1135 1231 1164 rerum
1262 1120 1437 1179 figuris,

47 1191 247 1250 quamvis
270 1205 357 1234 non
380 1189 553 1234 videam
584 1189 691 1250 quid
720 1189 790 1233 hic
818 1188 935 1233 aliud
958 1190 1089 1248 possit
1110 1189 1317 1247 intelligi,
1342 1190 1442 1234 volo

48 1276 297 1321 quaeramus
315 1260 569 1306 Ecclesiam.
592 1264 772 1305 Prorsus
791 1276 891 1320 quae
908 1260 1089 1320 alicujus
1111 1260 1179 1304 vel
1195 1260 1290 1305 talis
1307 1261 1442 1305 inter-

47 1332 302 1392 pretationis
321 1331 542 1390 indigent,
565 1331 739 1375 interim
762 1346 1023 1390 seponamus
1059 1350 1067 1375 :
1092 1346 1182 1375 non
1207 1332 1310 1391 quia
1336 1330 1443 1375 falsa

49 1413 166 1459 sunt,
201 1419 300 1464 quae
327 1404 411 1448 hoc
439 1401 572 1447 modo
597 1402 652 1447 de
676 1401 836 1447 talibus
866 1411 1077 1462 tanquam
1105 1401 1342 1447 involucris
1373 1403 1445 1445 in-

47 1473 328 1534 terpretando
361 1473 616 1529 solvuntur,
654 1472 730 1517 sed
762 1473 864 1532 quia
901 1472 971 1518 vel
1006 1473 1289 1531 interpretem
1319 1487 1443 1532 quae-

48 1553 168 1600 runt,
196 1544 300 1590 nolo
327 1544 373 1588 in
397 1545 456 1589 eis
479 1553 625 1589 nostra
647 1543 821 1603 ingenia
844 1552 1180 1603 comparentur,
1201 1542 1276 1587 sed
1297 1552 1444 1602 aperta

48 1616 203 1659 veritas
232 1615 407 1670 clamet,
440 1615 600 1669 luceat,
633 1615 678 1658 in
705 1614 931 1659 obturatas
956 1628 1079 1658 aures
1103 1614 1333 1672 irrumpat,
1361 1612 1445 1657 dis-

49 1685 349 1730 simulantium
377 1686 525 1730 oculos
554 1685 706 1743 feriat,
737 1700 867 1729 nemo
895 1685 941 1728 in
975 1685 1034 1728 eis
1070 1684 1246 1728 latebris
1276 1692 1445 1743 quaerat

49 1753 169 1800 falsae
199 1771 289 1801 suae
319 1755 545 1800 sententiae
579 1755 742 1810 locum,
779 1769 954 1800 omnem
982 1763 1189 1798 conatum
1222 1753 1446 1798 contradi-

49 1825 177 1871 cendi
198 1825 467 1881 confundat,
494 1842 668 1871 omnem
691 1826 882 1870 frontem
905 1825 1172 1885 impudentis
1202 1824 1351 1868 elidat.

106 1899 186 1940 xl.
213 1899 250 1941 Ο
274 1897 507 1942 Donatistae
529 1932 539 1953 ,
571 1898 774 1941 Genesim
801 1896 947 1955 legite.
985 1915 1006 1939 α
1027 1899 1106 1940 Per
1138 1896 1444 1955 memetipsum

53 1984 75 2009 »
105 1967 262 2027 juravi,
278 1967 385 2012 dicit
405 1968 629 2022 Dominus,
645 1970 827 2026 Propter
840 1966 961 2026 quod
980 1966 1117 2010 fecisti
1132 1967 1316 2011 verbum
1342 1967 1442 2020 hoc,

56 2054 78 2079 »
114 2046 158 2081 et
180 2052 268 2082 non
287 2037 519 2097 pepercisti
541 2037 630 2080 filio
649 2045 725 2081 tuo
750 2036 1043 2080 amantissimo
1064 2044 1242 2095 propter
1255 2050 1342 2090 me,
1364 2034 1446 2078 nisi

55 2125 77 2149 n
113 2108 375 2152 benedicens
404 2108 660 2152 benedicam
685 2116 748 2162 te,
774 2115 816 2151 et
830 2106 1056 2167 implendo
1078 2107 1272 2166 implebo
1294 2100 1443 2151 semen

55 2197 77 2221 n
112 2187 238 2223 tuum
276 2188 487 2240 tanquam
521 2178 664 2223 stellas
694 2179 823 2234 coeli,
851 2187 894 2222 et
917 2187 1124 2239 tanquam
1148 2193 1321 2222 arenam
1347 2193 1446 2237 quae

57 2267 78 2292 n
113 2265 235 2295 secus
263 2266 381 2295 oram
406 2251 533 2294 maris
555 2258 645 2304 est,
671 2259 714 2294 et
741 2248 996 2294 haereditate
1028 2249 1264 2308 possidebit
1299 2263 1446 2293 semen

59 2338 80 2363 n
107 2329 241 2365 «tuum
255 2321 448 2366 civitates
464 2321 826 2375 adversariorum,
843 2331 885 2365 ct
901 2321 1212 2365 benedicentur
1228 2320 1270 2363 in
1284 2319 1447 2363 semine.

62 2408 82 2431 n
118 2399 194 2435 tuo
206 2406 356 2436 omnes
371 2399 520 2449 gentes
534 2401 676 2446 terrae,
692 2391 794 2451 quia
808 2390 1025 2435 obaudisti
1042 2405 1192 2435 vocem
1213 2405 1350 2433 meam
1366 2392 1394 2432 ¹.
1423 2406 1443 2429 n

58 2461 171 2514 Quid
184 2460 240 2506 ad
253 2461 348 2505 haec
366 2460 532 2505 dicitis?
551 2464 619 2505 An
640 2460 895 2505 Judaeorum
915 2460 1141 2505 nobiscum
1161 2460 1446 2519 perversitate

59 2530 336 2585 contenditis,
362 2538 413 2574 ut
435 2529 586 2574 dicatis
600 2529 646 2573 in
667 2529 758 2575 solo
778 2529 943 2589 populo
956 2538 1060 2575 nato
1081 2545 1131 2574 ex
1154 2544 1285 2575 carne
1307 2529 1444 2574 Abra-

109 2621 117 2638 ¹
135 2618 216 2650 Gen.
233 2625 311 2657 xxn,
334 2615 452 2648 16-20.
