1825 3264
247 266 409 296 comum
443 269 706 297 CRESCOMUM
742 267 1028 307 οοΝΑΤιεΤΑΜ,
1065 269 1146 296 Lm.
1185 270 1249 295 111.
1363 256 1446 295 445

62 332 244 387 falsum,
269 347 368 376 cum
391 332 444 376 sit
466 342 703 392 utrumque
727 331 872 376 divina
894 333 1075 377 veritate
1098 332 1315 392 prolatum
1334 352 1346 389 3
1369 331 1450 376 nisi

0 401 6 410 '
62 404 165 464 quia
193 403 324 448 iidem
347 404 428 463 ipsi
454 403 558 449 boni
582 404 761 463 verique
782 404 1029 459 Christiani,
1064 404 1141 463 qui
1161 419 1238 463 pcr
1267 418 1311 447 se
1336 403 1449 462 ipsos

61 474 188 519 multi
221 485 350 530 sunt,
375 475 419 518 in
452 476 772 535 comparatione
801 474 1016 520 malorum
1047 474 1344 534 falsorumque
1375 474 1448 518 iti-

61 544 160 589 dem
195 546 321 604 pauci
350 555 465 590 sunt.
501 547 569 591 Sic
602 545 740 590 multa
767 560 897 603 grana
925 545 1085 604 quibus
1110 546 1263 589 horrea
1293 559 1449 603 magna

4 643 8 647 -
60 615 352 675 complentur,
382 632 519 676 pauca
550 617 731 661 dicimus
760 617 804 660 in
844 615 1168 676 comparatione
1205 615 1444 675 palearum.

62 688 131 732 Sic
152 688 298 740 etiam,
325 697 374 732 ut
393 687 448 732 de
470 690 562 748 ipso
581 689 655 733 Dei
679 697 937 732 testamento
956 688 1113 742 dicam,
1137 686 1256 746 quod
1283 685 1448 731 factum

60 766 124 801 est
141 758 195 802 ad
216 759 434 802 Abraham
453 759 508 802 de
523 759 687 802 semine
709 761 802 819 ejus
823 757 943 817 quod
971 767 1032 802 est
1054 758 1273 812 Christus,
1298 755 1450 801 multae

59 838 161 873 sunt
191 827 327 873 stellae
360 845 469 888 quas
504 843 733 873 numerare
764 845 851 873 non
884 844 1133 888 possumus,
1166 829 1327 888 quibus
1362 837 1448 872 tam

61 898 224 958 grande
245 899 408 943 coelum
430 898 628 959 undique
651 898 985 958 circumfulget,
1016 908 1059 943 ct
1087 914 1244 958 paucas
1268 898 1450 942 dicimus

59 969 104 1013 in
122 970 446 1029 comparatione
468 985 609 1013 arenae
627 970 771 1014 maris.
793 973 924 1014 Forte
945 969 1081 1014 stellae
1099 969 1451 1028 significaverunt

59 1039 270 1098 spiritales
301 1040 589 1094 Christianos,
622 1040 751 1083 maris
785 1049 930 1084 autem
964 1055 1093 1083 arena
1122 1038 1342 1094 carnales,
1374 1055 1451 1098 per

59 1126 168 1170 quos
190 1119 233 1154 et
255 1125 304 1154 ex
327 1111 487 1170 quibus
504 1111 633 1154 etiam
655 1111 838 1154 haereses
861 1120 904 1154 et
925 1111 1154 1154 schismata
1167 1110 1280 1153 fiunt
1302 1127 1309 1150 :
1334 1119 1451 1153 utro-

59 1196 145 1240 que
171 1190 315 1225 tamen
339 1195 495 1239 genere
519 1180 673 1241 plenus
698 1190 761 1225 est
789 1181 978 1225 mundus
995 1217 1004 1235 ‚
1037 1182 1138 1240 quia
1161 1180 1276 1224 idem
1304 1181 1450 1225 Domi-

60 1267 142 1296 nus
157 1251 261 1296 dicit
279 1271 286 1296 :
302 1270 322 1293 «
338 1255 450 1309 Ager
465 1261 527 1296 est
542 1252 611 1295 hic
634 1252 848 1295 mundus¹
875 1270 883 1295 :
908 1270 927 1292 υ
943 1260 985 1295 et
999 1252 1148 1310 tuipse
1170 1251 1251 1294 tibi
1272 1251 1451 1295 veritate

61 1333 347 1383 extorquente
371 1321 541 1377 dixisti,
571 1341 591 1364 (ι
618 1325 668 1366 In
690 1338 851 1366 nomen
880 1323 1165 1367 christianum
1197 1331 1314 1366 totus
1337 1337 1451 1381 quo·-

59 1394 166 1438 tidie
182 1395 366 1439 vertitur
380 1393 572 1439 mundus
588 1429 597 1438 .
619 1412 638 1435 n
661 1397 742 1438 Per
767 1403 907 1439 totum
931 1395 1062 1452 igitur
1081 1410 1248 1452 agrum,
1269 1394 1352 1438 hoc
1369 1403 1448 1448 est,

59 1480 138 1525 per
156 1474 296 1510 totum
318 1466 533 1510 mundum
553 1464 788 1515 frumenta,
809 1480 885 1524 per
907 1475 1048 1509 totum
1071 1465 1246 1518 zizania,
1273 1465 1374 1524 quia
1397 1464 1452 1508 de

59 1545 248 1597 utroque
272 1536 380 1580 dixit
401 1538 476 1597 qui
498 1535 590 1580 falli
612 1552 701 1580 non
724 1544 867 1595 potest
888 1555 896 1580 :
927 1555 946 1577 «
969 1535 1104 1580 Sinite
1127 1545 1313 1595 utraque
1342 1550 1453 1579 cres-

64 1625 84 1647 »
109 1622 206 1651 cere
229 1623 368 1667 usque
385 1607 440 1650 ad
461 1622 640 1651 messem
667 1625 706 1651 ».

121 1680 320 1722 LXXVI.
347 1678 593 1723 Cohibeant
620 1678 769 1737 itaque
793 1692 837 1720 se
864 1675 1188 1721 frumentorum
1211 1691 1288 1734 per
1311 1685 1452 1720 totum

62 1749 279 1792 mundum
310 1757 429 1792 tanta
452 1749 653 1793 ubertate
671 1747 955 1792 crescentium
979 1748 1100 1806 impii
1129 1746 1384 1801 desertores,
1411 1755 1454 1790 et

62 1834 151 1864 non
169 1818 360 1863 audeant
376 1822 431 1863 de
449 1818 739 1879 quorumdam
755 1818 1018 1862 zizaniorum
1036 1827 1330 1876 separatorum
1349 1832 1456 1875 pau-

62 1891 190 1935 citate
212 1890 398 1949 gloriari.
426 1889 554 1942 Quod
578 1890 610 1933 si
634 1888 894 1946 gloriantur,
918 1889 1046 1931 ctiam
1073 1889 1115 1930 in
1140 1888 1221 1932 hoc
1241 1889 1334 1947 ipso
1354 1903 1455 1947 pro-

61 1961 224 2005 cedunt
244 1961 448 2004 adversus
473 1974 545 2004 cos
563 1959 694 2002 iidem
717 1957 779 2002 illi
798 1959 1172 2010 Maximianenses‚
1194 1958 1360 2017 judicio
1384 1958 1453 2001 di-

62 2032 179 2086 vino,
202 2030 258 2075 ad
280 2046 352 2075 eos
369 2032 414 2074 in
436 2030 637 2075 omnibus
655 2028 1008 2082 confundendos,
1032 2037 1074 2071 ct
1098 2029 1130 2072 si
1153 2029 1336 2087 sapiant,
1358 2045 1456 2073 cor-

63 2102 264 2160 rigendos
287 2102 472 2162 appositi
496 2121 503 2145 2
522 2116 632 2161 quos
651 2099 791 2144 multo
812 2099 1033 2158 pauciores
1056 2099 1321 2157 praefidentia
1341 2098 1456 2142 mul-

64 2172 261 2217 titudinis
278 2188 367 2217 suae
383 2173 596 2232 persecuti
619 2180 736 2224 sunt,
757 2180 801 2214 ct
816 2169 1117 2230 persequendo
1132 2169 1187 2212 ad
1200 2185 1321 2214 suam
1338 2185 1455 2214 com-

63 2244 318 2288 munionem
353 2243 522 2304 aliquos
563 2258 713 2287 eorum
756 2242 903 2286 denuo
944 2250 1282 2295 converterunt,
1320 2258 1368 2286 ac
1397 2243 1456 2286 sic

63 2314 524 2373 caeterosjustissimos,
550 2329 638 2373 quo
658 2313 937 2372 paucissimos
955 2311 1242 2370 reliquerunt.

123 2388 346 2429 Lxxvu.
375 2404 395 2426 «
419 2387 516 2429 Non
532 2419 543 2439 ,
572 2385 715 2443 inquis
732 2419 742 2437 ‚
779 2383 1073 2427 communicat
1093 2383 1245 2426 Oriens
1264 2383 1420 2426 Africae
1441 2417 1452 2438 ,

66 2471 147 2500 nec
170 2455 314 2499 Africa
335 2455 516 2498 Orienti.
548 2473 566 2495 n
592 2457 690 2499 Non
708 2469 827 2505 sane,
853 2452 926 2496 sed
946 2453 989 2495 in
1013 2452 1143 2511 paleis
1166 2453 1378 2496 haereticis
1399 2454 1455 2496 ab

66 2542 163 2571 area
181 2526 403 2570 Dominica
427 2525 633 2584 separatis
660 2543 668 2568 :
698 2525 740 2567 in
762 2523 994 2567 frumentis
1016 2532 1160 2567 autem
1175 2524 1396 2568 catholicis
1413 2531 1456 2568 ct

114 2611 222 2643 Manli
262 2623 331 2649 xm,
358 2611 409 2642 38*
