1825 3264
270 273 434 306 cotvrnA
465 276 730 304 cnuscomcu
762 273 1051 314 Dominsnm,
1086 275 1168 302 ΠΒ.
1205 275 1253 302 11.
1377 262 1462 302 363

78 354 123 391 et
146 345 257 391 sicut
273 343 473 390 homines
494 342 549 387 de
567 356 748 402 corpore
765 342 962 391 exierunt
980 376 991 397 ‚
1011 356 1091 387 nec
1109 352 1434 388 resurrexerunt
1449 376 1461 397 ,

79 432 160 462 nec
180 417 282 462 vitae
297 415 436 460 ullum
452 415 654 460 meritum
671 429 771 474 quae
789 421 885 473 post
905 413 1018 458 hanc
1038 413 1170 476 vitam
1194 413 1464 473 promittitur

79 488 344 533 habuerunt.
367 487 436 531 Ab
453 487 552 546 ipsis
567 500 668 545 ergo
684 485 786 541 diis,
806 485 882 546 qui
905 485 1197 544 baptizantur,
1221 486 1333 530 sicut
1354 484 1460 541 dixi,

76 574 179 605 vere
200 574 224 603 a
245 558 429 603 mortuis
450 557 741 617 baptizantur,
767 554 811 600 id
834 564 925 611 est,
947 556 1023 614 qui
1045 556 1089 599 in
1113 570 1263 600 eorum
1286 555 1463 600 nomine

74 629 380 689 baptizantur,
401 628 502 688 quia
528 637 572 672 et
591 628 671 687 ipsi
689 643 777 672 non
798 627 844 671 in
866 626 1043 671 nomine
1065 625 1338 671 sacerdotum
1362 640 1459 670 suo-

74 714 190 755 rum,
211 699 287 744 sed
301 699 483 743 deorum
500 697 554 743 de
577 698 735 758 quibus
748 713 857 743 vana
873 696 1125 757 opinantur,
1145 711 1188 740 se
1205 697 1461 740 sanctificari

73 779 246 831 putant.
261 771 457 816 Christus
478 779 623 815 autem
646 769 893 824 resurrexit,
911 777 954 813 et
975 768 1102 813 vivit:
1123 767 1305 828 proinde
1316 768 1392 828 qui
1406 768 1462 812 ab

71 840 148 887 illo
159 841 418 901 baptizatur,
435 857 523 886 non
544 840 684 886 solum
696 857 773 901 per
784 841 1123 894 bonum,verum
1138 841 1265 884 etiam
1279 854 1355 898 per
1367 854 1460 884 rna-

70 912 164 957 lum
180 912 427 957 ministrum
446 912 624 972 perditis
644 912 839 957 moribus
856 921 1078 956 mortuum
1097 945 1108 966 ,
1133 926 1221 956 non
1245 926 1267 954 a
1285 919 1458 956 mortuo

78 982 337 1042 baptizatur.
365 984 433 1028 Ab
456 983 660 1042 illossenim
681 983 939 1042 baptizatur,
957 982 1148 1042 quivivit
1163 982 1209 1026 in
1225 990 1455 1034 aeternum,

70 1063 113 1098 et
136 1054 190 1098 de
212 1070 300 1113 quo
322 1054 486 1098 dictum
503 1064 565 1098 est
593 1055 635 1098 in
667 1053 922 1113 Evangelio,
948 1054 1068 1113 quod
1091 1053 1220 1097 etiam
1256 1053 1314 1096 ibi
1343 1067 1458 1097 com-

70 1125 307 1168 memoravi
331 1143 340 1169 ι
372 1144 391 1167 «
416 1128 512 1184 Ipse
534 1134 596 1169 est
613 1125 943 1185 quibaptizatin
964 1125 1123 1184 Spiritu
1137 1133 1302 1168 sancto.
1333 1142 1352 1164 υ

128 1197 290 1240 XXXI.
319 1198 411 1240 Hoc
427 1204 473 1239 tu
489 1196 534 1240 in
550 1195 741 1255 Epistola
760 1211 870 1250 mea,
886 1205 1100 1256 quantum
1114 1195 1310 1240 indicant
1323 1196 1458 1240 verba

70 1275 162 1322 tua,
187 1282 278 1311 non
300 1266 546 1312 intellexisti
569 1286 578 1312 :
599 1267 701 1314 nolo
718 1268 832 1312 enim
852 1268 1009 1322 dicere,
1034 1282 1187 1327 parum
1209 1266 1456 1326 intelligens

69 1341 273 1387 fraudare
293 1341 486 1388 voluisti.
511 1344 646 1388 Miror
668 1352 812 1388 autem
831 1343 951 1403 quod
973 1344 1104 1389 verba
1129 1342 1215 1387 illic
1234 1358 1330 1387 mea
1348 1358 1454 1387 con-

68 1414 295 1473 sequentia
328 1429 417 1458 non
440 1413 675 1459 adverteris
690 1450 701 1469 ,
727 1424 803 1459 aut
825 1415 880 1458 ab
903 1415 962 1458 eis
984 1413 1345 1458 dissimulandum
1371 1430 1456 1473 pu-

68 1485 238 1530 taveris.
267 1485 403 1529 Paulo
424 1495 520 1544 post
539 1487 702 1545 quippe
728 1485 895 1546 subjeci
918 1495 961 1529 et
983 1485 1097 1540 dixi,
1128 1504 1148 1527 «
1175 1487 1284 1530 Nam
1316 1486 1350 1529 si
1372 1486 1455 1529 hoc

65 1555 163 1601 loco
179 1565 403 1601 mortuum
416 1556 666 1602 intellexero
681 1573 807 1616 pecca
816 1567 952 1601 torem
963 1557 1287 1616 baptizatorem,
1302 1556 1454 1601 eadem

67 1627 140 1672 illa
174 1636 468 1687 consequetur
501 1628 762 1684 absurditas,
787 1638 836 1672 ut
867 1629 1063 1688 quisquis
1093 1628 1223 1672 etiam
1247 1643 1270 1671 a
1292 1627 1455 1672 latente

66 1698 202 1757 impio
234 1697 366 1744 fuerit
397 1699 661 1758 baptizatus,
693 1708 902 1759 tanquam
939 1715 960 1743 a
997 1707 1170 1743 mortuo
1211 1698 1455 1758 baptizatus

66 1769 252 1814 inaniter
268 1770 384 1814 lotus
407 1771 476 1815 sit.
499 1772 595 1815 Non
615 1771 732 1814 enim
757 1771 837 1825 ait,
862 1771 947 1823 Qui
968 1770 1212 1829 baptizatur
1236 1785 1258 1813 a
1280 1779 1454 1814 mortuo

65 1840 296 1886 manifesto
322 1860 331 1886 :
354 1841 430 1886 sed
455 1841 654 1887 absolute
673 1842 794 1896 dicit,
831 1858 854 1886 a
885 1851 1073 1886 mortuo.
1116 1844 1220 1885 Haec
1247 1840 1452 1885 manifes-

66 1912 173 1957 tatio
193 1912 427 1957 verborum
448 1912 537 1957 illic
556 1927 768 1968 meorum,
792 1927 921 1973 quem
946 1913 1002 1956 de
1035 1927 1188 1957 somno
1209 1911 1279 1955 vel
1311 1912 1453 1971 potius

66 1981 121 2026 de
136 1982 226 2041 ipsa
249 1992 390 2028 morte
412 1999 501 2028 non
522 1983 758 2028 excitaret?
780 1987 837 2028 Et
860 1992 1004 2028 tamen
1025 1992 1066 2027 te
1095 1998 1184 2027 non
1213 1982 1415 2026 excitavit
1439 2001 1449 2028 z

66 2062 109 2097 et
137 2053 315 2113 iusuper
347 2053 469 2114 quod
492 2070 573 2113 ego
608 2064 758 2099 contra
789 2053 1049 2098 Petilianum
1081 2052 1299 2107 dixeram,
1331 2053 1453 2113 quasi

65 2133 218 2169 contra
252 2139 321 2168 me
350 2123 498 2169 dicens
526 2125 826 2169 vehementius
855 2124 985 2169 etiam
1016 2124 1282 2169 confirmasti
1307 2143 1316 2169 :
1341 2123 1453 2168 sicut

65 2197 207 2239 solent
227 2194 447 2249 homines,
472 2195 674 2255 injectam
703 2196 899 2253 sagittam
934 2193 1167 2240 nesciendo
1196 2192 1448 2248 excludere,

65 2264 192 2310 altius
222 2265 350 2310 etiam
381 2266 643 2325 penitusque
679 2265 882 2325 defigere.
918 2266 1146 2311 Asseruisti
1179 2266 1294 2310 enim
1336 2280 1452 2309 mor-

65 2345 192 2382 tuum
233 2351 323 2381 non
371 2336 704 2394 intelligendum
752 2336 832 2380 nisi
871 2345 1143 2395 peccatorem
1190 2335 1418 2394 baptistam
1437 2370 1448 2390 ,

65 2416 109 2451 et
149 2406 320 2451 nullum
356 2416 627 2466 peccatorem
664 2406 968 2466 excipiendum
995 2426 1004 2452 ι
1030 2416 1073 2451 et
1101 2405 1200 2450 ideo
1221 2406 1342 2467 quod
1370 2421 1452 2465 ego

64 2476 286 2533 dicebam,
325 2488 476 2523 contra
509 2488 552 2523 te
589 2478 868 2524 concluditur
884 2513 894 2533 ‚
934 2495 1013 2523 nec
1053 2478 1272 2524 occultum
1313 2479 1450 2538 excipi

61 2563 186 2608 posse
202 2582 214 2604 ,
240 2549 319 2593 ubi
341 2548 487 2593 nullus
520 2549 745 2609 excipitur,
780 2549 1060 2608 Rebaptizate
1097 2549 1228 2608 igitur
1246 2564 1318 2594 eos
1339 2565 1450 2609 quos

64 2619 118 2663 ab
161 2619 341 2664 occultis
397 2620 697 2679 peccatoribus
756 2620 995 2680 baptizatos
1035 2634 1128 2666 esse
1178 2620 1445 2675 constiterit,
