1825 3264
376 213 457 250 172
796 218 829 247 s.
866 218 1096 248 Arcts'nm
1129 220 1310 249 Brrscom

372 287 551 332 adhibet
573 285 820 344 exemplum
845 285 1022 330 Joannis
1040 320 1051 341 ,
1082 285 1203 345 quod
1225 301 1325 330 eum
1348 285 1652 340 discusserint,
1689 288 1765 346 qui

372 359 426 402 ab
449 372 500 401 eo
518 355 786 415 quaesierunt
814 371 945 416 quem
975 372 1020 401 se
1044 371 1133 400 esse
1161 355 1351 400 diceret¹
1372 392 1382 412 ,
1405 357 1525 417 quod
1544 357 1634 415 ipse
1655 371 1766 417 quo-

370 443 456 488 que
493 427 742 471 discusserit
776 443 848 472 eos
884 428 1043 488 quibus
1067 428 1124 472 ait
1152 447 1159 472 :
1191 446 1210 469 «
1235 429 1466 472 Generatio
1488 427 1763 487 viperarum,

373 517 393 540 »
420 500 516 559 quis
539 499 661 543 vobis
683 498 873 544 ostendit
893 498 1044 558 fugere
1068 500 1122 543 ab
1146 499 1206 543 ira
1227 501 1471 543 ventura2‘?
1490 517 1509 540 »
1539 498 1658 552 Quid
1681 499 1766 544 hoc

370 569 425 614 ad
457 584 577 627 rem,
603 569 711 629 quid
735 570 818 614 hoc
842 568 897 613 ad
920 572 1123 614 causam?
1155 573 1268 614 Deus
1298 569 1454 614 Joanni
1486 569 1767 628 perhibuerat
1820 591 1821 594 ¹

371 641 669 685 testimonium
687 640 1056 686 excellentissimae
1075 642 1313 686 sanctitatis
1331 641 1560 701 prophetia
1582 639 1766 700 praecla-
1822 671 1823 690 1

370 711 535 756 tissima
559 711 833 771 praecedente
847 747 857 767 ‚
885 722 926 756 et
944 712 1122 772 quando
1144 721 1402 772 conceptus,
1429 721 1472 756 et
1493 710 1671 772 quando
1689 726 1767 755 na-

370 792 439 827 tus
470 792 548 827 est.
583 783 849 836 Quaerebant
885 793 1030 828 autem
1063 783 1126 828 illi
1154 785 1244 844 jam
1272 783 1499 828 credentes
1530 798 1619 828 esse
1649 798 1768 827 sanc·
1818 798 1821 835 ,¹

369 863 461 898 tum
483 888 494 908 ,
537 869 773 913 quemnam
798 870 842 899 se
874 853 1038 898 diceret
1072 870 1161 898 essc
1204 863 1452 899 sanctorum
1472 888 1483 907 ,
1526 852 1596 897 vel
1621 862 1769 897 utrum
1818 859 1821 887 ἱ

367 926 457 984 ipse
495 935 604 969 esset
638 935 812 970 sanctus
851 935 1101 970 sanctorum
1141 926 1261 986 quod
1295 935 1358 970 est
1388 925 1585 971 Christus
1627 926 1766 969 Jesus.

370 998 508 1039 Tanta
548 997 710 1055 quippe
749 997 883 1055 gratia
923 997 984 1040 illi
1021 997 1295 1051 habebatur,
1343 1008 1391 1040 ut
1428 996 1639 1040 continuo
1677 1010 1771 1039 cre·
1816 991 1818 1047 ᾗ

366 1065 543 1109 deretur
579 1066 796 1126 quidquid
836 1067 891 1109 de
944 1082 987 1110 se
1034 1067 1125 1125 ipse
1175 1067 1364 1110 dixisset.
1424 1066 1465 1110 Si
1505 1074 1651 1109 autem
1685 1065 1770 1110 hoc

367 1137 571 1196 exemplo
605 1137 809 1180 asseritur
841 1136 1027 1196 quilibet
1056 1153 1175 1181 nunc
1209 1135 1507 1181 discutiendus
1539 1151 1628 1181 esse
1662 1135 1772 1195 bap-

367 1208 492 1262 tista,
519 1206 737 1267 quidquid
773 1206 827 1251 de
864 1222 908 1251 se
945 1208 1130 1268 quisque
1164 1208 1357 1262 dixerit,
1394 1206 1642 1251 credendus
1671 1206 1766 1250 erit.
1814 1246 1815 1249 ,

368 1278 474 1330 Quis
497 1287 561 1321 est
584 1286 731 1321 autem
755 1278 906 1332 fictus,
938 1293 1068 1337 quem
1086 1279 1201 1337 fugit
1224 1279 1376 1338 utique
1392 1313 1402 1333 ,
1428 1278 1538 1322 sicut
1558 1277 1771 1336 scriptum
1814 1290 1815 1294 ’

367 1356 446 1402 est,
476 1347 658 1406 Spiritus
682 1356 857 1391 sanctus
872 1382 882 1402 ,
908 1348 1015 1407 quin
1034 1348 1089 1391 de
1110 1364 1154 1392 se
1177 1349 1340 1407 optime
1359 1349 1476 1393 credi
1493 1347 1613 1402 velit,
1639 1356 1771 1407 atque
1813 1366 1815 1372 ’

365 1418 411 1461 id
450 1427 546 1475 agat
581 1417 742 1478 quibus
785 1417 927 1462 verbis
962 1419 1228 1477 potueritssi'
1263 1421 1359 1463 Jam
1396 1433 1498 1476 ergo
1536 1433 1637 1462 cum
1676 1416 1771 1461 fue-

366 1488 421 1532 rit
450 1489 740 1547 interrogatus
774 1488 976 1548 quisnam
1000 1490 1075 1544 sit,
1105 1499 1147 1532 et
1181 1488 1452 1548 responderit
1488 1503 1532 1533 se
1566 1503 1654 1533 esse
1692 1488 1771 1532 Dei

366 1559 540 1603 fidelem
563 1560 927 1620 dispensatorem,
960 1576 1040 1605 nec
1078 1562 1333 1621 cujusquam
1370 1560 1561 1605 criminis
1598 1558 1770 1604 macula
1810 1572 1812 1622 j

367 1629 579 1689 pollutam
623 1631 783 1674 habere
821 1632 1132 1676 conscientiam
1157 1667 1167 1685 ,
1216 1632 1310 1675 haec
1342 1633 1422 1675 crit
1461 1640 1553 1675 tota
1599 1631 1769 1675 discus-
1809 1650 1812 1679 ς

365 1701 455 1755 sio,
489 1716 543 1744 an
583 1702 712 1745 etiam
746 1717 885 1746 mores
926 1704 1019 1761 ejus
1054 1711 1096 1746 et
1128 1702 1216 1746 vita
1260 1701 1512 1761 diligentius
1555 1700 1770 1746 intuenda

366 1773 462 1816 est?
492 1775 556 1816 Ita
575 1788 677 1816 sane
717 1792 726 1817 :
762 1772 836 1818 sed
880 1789 968 1818 non
1013 1774 1096 1817 hoc
1128 1773 1339 1832 scriptum
1369 1782 1433 1816 est
1466 1771 1615 1817 fecisse
1645 1771 1770 1827 illos,
1808 1803 1810 1805 >

367 1842 443 1901 qui
478 1844 693 1886 Joannem
729 1844 775 1886 in
807 1842 978 1888 deserto
1020 1842 1220 1888 Jordanis
1258 1845 1640 1902 interrogaverunt
1673 1842 1769 1902 quis

364 1914 527 1956 esset4.

424 1984 607 2026 XXXV.
646 1981 772 2026 Unde
805 1983 887 2028 hoc
918 1983 1165 2043 exemplum
1202 1983 1255 2027 ad
1289 1998 1382 2027 rem
1420 1982 1474 2027 de
1508 1997 1596 2042 qua
1629 1983 1769 2040 agitur

367 2053 547 2096 omnino
571 2068 659 2097 non
683 2054 886 2112 pertinet.
909 2054 1048 2112 Magis
1069 2054 1318 2113 Apostolica
1340 2053 1413 2098 illa
1436 2054 1647 2097 sententia
1669 2053 1769 2097 satis

366 2124 480 2167 hanc
498 2124 657 2168 incutit
674 2139 841 2179 curam,
866 2125 944 2168 ubi
967 2126 1024 2168 ait
1047 2145 1054 2169 :
1085 2145 1104 2167 α
1134 2126 1379 2170 probentur
1405 2126 1618 2185 primum,
1644 2134 1687 2168 et
1708 2125 1768 2168 sic

369 2213 388 2235 »
417 2194 664 2238 ministrent
694 2195 865 2239 nullum
890 2196 1055 2240 crimen
1079 2197 1290 2240 habentes
1306 2199 1337 2239 5.
1364 2215 1383 2235 »
1411 2196 1540 2248 Quod
1564 2210 1665 2239 cum
1684 2195 1768 2240 sol-

367 2264 485 2309 licite
513 2280 561 2309 ac
586 2264 640 2308 de
666 2280 786 2309 more
808 2266 1044 2325 utrobique
1078 2282 1189 2325 pene
1213 2266 1268 2310 ab
1290 2266 1494 2311 omnibus
1520 2265 1621 2320 fiat,
1650 2265 1768 2313 unde
1799 2304 1802 2310 .

367 2345 454 2379 tam
474 2336 603 2380 multi
625 2337 799 2395 reprobi
822 2347 915 2396 post
940 2347 1114 2396 tempus
1133 2346 1263 2396 gestae
1286 2336 1616 2396 dispensationis
1637 2336 1774 2396 hujus.

366 2408 533 2452 inventi
549 2417 667 2464 sunt,
689 2409 767 2453 nisi
787 2411 888 2469 quia
904 2419 947 2454 et
964 2410 1152 2454 humana
1174 2409 1396 2469 diligentia
1413 2409 1671 2468 plerumque
1684 2407 1771 2452 fal-.

417 2515 424 2530 ¹
456 2510 547 2540 Joan.
583 2520 613 2550 ι,
646 2519 698 2542 22.
716 2527 757 2534 —
774 2518 786 2533 ²
805 2510 925 2543 Matth.
947 2522 998 2551 ιιι,
1018 2522 1050 2552 7.
1067 2529 1107 2535 —
1124 2510 1138 2535 ³
1157 2513 1231 2554 Sap.
1268 2523 1302 2553 1,
1332 2512 1362 2544 5.
1378 2529 1419 2536 -
1437 2509 1453 2534 A
1471 2513 1565 2542 Joan-
1597 2521 1607 2541 ι
1621 2535 1630 2550 ,
1649 2518 1703 2542 22·
1720 2522 1763 2533 ···
1798 2543 1800 2546 .

373 2563 385 2587 5
411 2576 420 2596 ι
452 2564 532 2596 Tim.
557 2575 604 2606 ιιι,
634 2576 681 2599 ιο.
