1825 3264
347 266 431 304 296
783 273 814 299 s.
853 272 1083 299 Aters'ruvr
1118 272 1299 299 EPISCOPI

345 349 489 400 perat,
517 338 815 393 annuntiavit,
841 337 966 397 primi
988 344 1186 396 parentes
1209 336 1348 380 carnis
1371 346 1529 381 nostrae
1544 372 1555 392 ,
1575 352 1656 382 nec
1686 338 1731 382 in

344 425 524 471 poenam
557 410 705 455 mortis
744 407 1017 463 incidissent,
1053 423 1132 452 nec
1161 405 1216 451 de
1249 407 1347 452 loco
1372 407 1589 453 felicitatis
1621 408 1730 453 exis-

344 490 455 526 sent.

404 552 585 595 LXXII.
612 552 886 610 Quapropter
906 564 981 594 vos
1003 548 1232 603 carissimi,
1254 547 1414 608 quibus
1435 548 1548 593 hanc
1577 550 1733 608 episto-

343 622 432 666 lam
454 621 621 676 scribo,
651 629 919 680 praeceptum
937 618 1117 678 pastoris
1141 619 1218 678 qui
1245 619 1431 662 animam
1447 633 1567 662 suam
1588 619 1734 678 posuit

342 707 422 751 pro
443 691 598 736 ovibus
618 691 721 745 suis,
747 699 790 734 et
811 704 928 734 nunc
950 689 1212 747 glorificatus
1234 697 1277 733 et
1304 689 1516 733 exaltatus
1534 687 1655 734 sedet
1675 688 1731 734 ad

341 763 559 807 dexteram
583 762 659 806 Dei
681 762 834 816 Patris,
859 761 990 805 corde
1007 759 1257 805 fidelissimo
1283 769 1325 805 et
1348 761 1593 805 firmissimo
1623 760 1729 805 reti-

341 843 441 877 nete
468 833 649 876 dicentis
677 851 687 877 ;
716 851 736 874 «
760 834 869 885 Quae
897 840 1000 875 sunt
1021 846 1121 875 oves
1143 832 1273 886 meae',
1305 846 1457 875 vocem
1479 845 1620 874 meam
1655 846 1733 874 au-

340 922 360 946 »
383 902 584 957 diunt,et
601 911 845 963 sequuntur
862 905 971 946 me1.
995 920 1014 943 η
1035 901 1225 946 Audistis
1242 903 1335 962 ejus
1355 917 1505 946 vocem
1525 899 1732 945 manifes-

339 975 570 1029 tissimam,
596 989 685 1018 non
708 973 847 1018 solum
878 988 955 1031 per
984 975 1144 1030 Legem
1175 973 1292 1031 ejus,
1324 981 1367 1016 et
1403 972 1662 1031 Prophetas,
1689 980 1732 1015 ct

340 1044 556 1098 Psalmos‚
587 1045 663 1087 sed
696 1044 825 1087 etiam
859 1058 935 1101 per
961 1057 1007 1086 os
1032 1041 1256 1100 proprium
1280 1040 1625 1085 commendantis
1647 1044 1734 1085 Ec-

339 1113 512 1157 clesiam
537 1129 657 1156 suam
683 1111 891 1156 futuram.
925 1114 982 1155 Et
1003 1126 1052 1155 ea
1074 1126 1174 1171 quae
1203 1110 1419 1170 praedixit,
1444 1111 1736 1171 quemadmo-

339 1183 446 1228 dum
462 1200 512 1227 ex
529 1184 682 1229 ordine
698 1192 928 1228 consecuta
946 1183 1054 1235 sint,
1081 1182 1126 1226 in
1148 1183 1331 1227 Actibus
1353 1192 1396 1227 et
1419 1182 1572 1226 litteris
1593 1186 1735 1242 Apos-

340 1254 560 1310 tolorum,
602 1271 701 1315 quae
737 1254 983 1298 divinarum
1018 1254 1338 1312 Scripturarum
1377 1269 1590 1298 canonem
1615 1269 1737 1298 com-

341 1324 463 1383 plent
476 1361 486 1378 ,
507 1326 692 1383 legendo
711 1324 966 1384 perspicitis.
990 1326 1086 1368 Non
1106 1333 1169 1368 est
1185 1325 1369 1369 obscura
1390 1325 1573 1384 quaestio
1586 1325 1631 1368 in
1649 1341 1737 1385 qua

341 1409 416 1438 vos
449 1393 626 1449 fallant,
662 1410 770 1454 quos
800 1395 890 1453 ipse
922 1394 1132 1438 Dominus
1164 1394 1364 1454 praedixit
1401 1394 1572 1439 futuros
1604 1404 1736 1455 atque

341 1464 533 1507 dicturos
561 1484 568 1508 :
600 1484 616 1504 «
642 1467 754 1508 Ecce
776 1465 847 1508 hic
869 1465 1141 1509 estChristus
1158 1499 1169 1518 ‚
1197 1480 1297 1509 ecce
1319 1464 1407 1510 illic
1430 1484 1439 1510 :
1465 1480 1564 1510 ecce
1586 1465 1631 1508 in
1658 1464 1736 1509 de-

344 1552 363 1574 »
389 1543 503 1578 serto
517 1537 550 1588 ²,
593 1552 612 1575 »
645 1536 767 1593 quasi
803 1534 878 1577 ubi
917 1550 1005 1578 non
1029 1543 1090 1578 est
1124 1534 1367 1594 frequentia
1401 1533 1696 1579 multitudinis
1723 1553 1732 1580 :

346 1622 366 1644 «
389 1606 500 1647 Ecce
524 1605 568 1646 in
592 1604 820 1659 cubiculis,
850 1623 869 1645 »
896 1605 1015 1664 quasi
1031 1604 1083 1647 in
1101 1606 1253 1649 secreti
1275 1605 1584 1650 traditionibus
1607 1614 1738 1665 atque

342 1674 564 1718 doctrinis.
596 1676 774 1719 Habetis
799 1675 1034 1719 Ecclesiam
1055 1677 1222 1735 ubique
1248 1676 1456 1732 diffundi,
1483 1687 1526 1721 et
1547 1691 1738 1722 crescere

340 1759 479 1804 usque
503 1746 555 1788 ad
572 1761 769 1790 messem.
791 1747 968 1789 Habetis
986 1747 1206 1791 civitatem
1220 1782 1230 1802 ,
1250 1747 1306 1791 de
1321 1764 1409 1808 qua
1432 1749 1523 1806 ipse
1545 1748 1621 1807 qui
1642 1762 1738 1791 eam

341 1816 554 1871 condidit,
581 1819 639 1862 ait
664 1837 673 1862 ε
699 1838 718 1860 «
740 1821 835 1862 Non
854 1818 1157 1877 potestcivitas
1173 1819 1381 1863 abscondi
1396 1834 1527 1878 super
1544 1827 1737 1863 montem

345 1905 364 1928 n
381 1888 660 1932 constituta3.
685 1907 705 1929 »
726 1892 822 1947 Ipsa
839 1898 902 1932 est
915 1904 1017 1947 ergo
1035 1905 1134 1948 quae
1156 1905 1246 1934 non
1268 1891 1312 1933 in
1336 1890 1479 1949 aliqua
1502 1898 1624 1949 parte
1645 1899 1736 1934 ter—

340 1973 511 2012 rarum,
548 1959 623 2002 sed
651 1959 818 2019 ubique
847 1959 1069 2003 notissima
1098 1969 1176 2003 est.
1222 1962 1322 2004 Haec
1358 1959 1618 2019 temporales
1655 1959 1736 2004 ali·

339 2027 518 2086 quando
537 2028 666 2072 etiam
688 2029 734 2072 in
756 2029 842 2072 suis
865 2027 1097 2074 frumentis
1115 2030 1280 2088 patitur
1301 2038 1595 2088 tempestates,
1619 2038 1670 2073 ut
1690 2029 1736 2074 in

339 2098 602 2157 quibusdam
625 2099 729 2143 locis
756 2115 844 2144 non
862 2110 1207 2158 cognoscantur3
1233 2100 1308 2144 sed
1329 2109 1475 2144 tamen
1498 2101 1628 2144 etiam
1647 2099 1735 2144 illic

340 2168 476 2213 latent
507 2188 516 2213 :
545 2185 688 2230 neque
716 2171 832 2214 enim
870 2170 963 2214 falli
998 2180 1141 2230 potest
1173 2172 1319 2216 divina
1352 2173 1586 2227 sententia,
1619 2187 1734 2232 quo-

338 2240 454 2283 niam
476 2249 675 2284 crescunt
698 2256 837 2300 usque
855 2240 910 2286 ad
925 2257 1124 2286 messem.

398 2312 604 2354 LXXIII.
642 2313 795 2370 ltaque
836 2320 879 2354 et
916 2311 960 2355 in
999 2311 1092 2355 aliis
1129 2310 1331 2370 gentibus
1371 2327 1484 2371 saepe
1519 2312 1732 2357 nonnulla

339 2380 535 2424 membra
559 2380 760 2424 Ecclesiae
786 2380 1126 2440 praevalentibus
1148 2383 1362 2426 haeresum
1384 2391 1427 2426 et
1449 2383 1730 2427 schismatum

341 2449 641 2505 seditionibus,
662 2465 803 2510 pressa
826 2461 958 2510 atque
977 2452 1237 2496 obumbrata
1257 2461 1382 2510 sunt3
1407 2461 1450 2497 et
1471 2462 1616 2497 tamen
1628 2453 1730 2512 quia

342 2517 527 2573 inerant,
555 2523 685 2579 paulo
699 2530 797 2580 post
816 2520 938 2565 nullo
954 2521 1186 2566 dubitante
1207 2521 1458 2568 claruerunt
1485 2542 1492 2568 :
1514 2531 1557 2568 et
1571 2522 1617 2567 in
1638 2523 1728 2581 ipsa

392 2608 398 2622 ¹
421 2604 510 2633 Joan.
534 2614 564 2645 x,
582 2612 634 2646 27.
652 2623 691 2628 —-
709 2612 720 2627 2
745 2605 863 2637 Maith.
885 2617 975 2638 xxiv.
993 2603 1046 2638 ⁴23.
1069 2621 1110 2629 —
1127 2604 1139 2630 ³
1159 2607 1206 2639 Id.
1226 2618 1257 2640 v.
1282 2618 1331 2639 10.
