1825 3264
327 234 408 273 136
761 238 792 268 s.
831 239 1061 269 Aucus-rim
1094 242 1274 270 nrlscom

326 312 369 354 in
399 309 648 354 hominibus
670 306 862 366 pessimis
881 341 892 361 ‚
929 306 974 349 in
1006 306 1208 365 operibus
1235 307 1375 351 earnis
1397 307 1527 350 vitam
1552 319 1711 350 eonsu-

325 380 545 425 mentibus
561 413 572 433 ,
599 387 642 422 et
671 392 852 435 regnum
874 376 1088 421 coelorum
1120 392 1210 421 non
1238 376 1523 436 possessuris,
1549 384 1592 419 et
1614 374 1714 420 ideo

324 467 403 496 nec
427 449 481 494 ad
500 449 676 493 barbam
698 452 843 493 Aaron
861 483 872 502 ‚
903 463 983 492 nec
1007 447 1061 492 ad
1083 463 1202 492 oram
1225 447 1469 491 vestimenti
1490 447 1582 506 ejus
1599 481 1610 501 ‚
1635 461 1715 492 nec

324 522 379 566 ad
410 520 546 565 ullam
573 519 893 564 contextionem
920 518 1047 563 vestis
1079 517 1351 562 sacerdotalis
1378 516 1712 576 pertinentibus.

326 592 408 637 Ubi
431 592 546 636 enim
570 591 785 651 positurus
814 605 857 634 es
885 605 983 650 quae
1006 588 1238 649 Apostolus
1263 597 1490 645 enumerat
1528 606 1547 629 «
1572 588 1717 632 Mani-

328 682 349 706 »
376 664 483 708 festa
516 678 646 722 opera
674 662 835 717 carnis,
865 678 964 722 quae
987 670 1089 706 sunt
1109 696 1119 716 ,
1156 661 1299 721 inquit
1321 696 1332 715 ,
1380 658 1716 715 fornicationes,

329 752 351 777 »
376 733 685 787 immunditiae,
722 733 926 787 luxuriae,
971 731 1186 777 idolorum
1224 731 1436 785 servitus,
1480 730 1716 786 veneficia,

331 823 350 847 »
378 804 614 848 inimicitiae
633 839 643 859 ,
681 804 982 848 contentiones
1000 839 1011 858 ,
1041 802 1338 847 aemulationes
1357 836 1368 857 ,
1409 800 1719 856 animositates,

331 894 352 918 >›
379 876 685 931 dissensiones,
711 876 919 929 bae-reses,
949 873 1148 928 invidiae,
1168 873 1418 927 ebrietates,
1445 872 1720 917 comessatio-

335 969 352 989 »
379 963 454 991 nes
470 983 480 1002 ,
508 957 550 992 et
572 948 638 991 his
657 947 811 991 similia
834 967 841 991 :
863 963 962 1006 quae
985 945 1175 1006 praedico
1195 945 1318 989 vobis
1333 980 1344 1000 ,
1381 945 1492 989 sicut
1513 943 1691 1003 praedixi
1710 978 1721 998 ‚

333 1037 352 1060 »
379 1018 585 1077 quoniam
615 1018 689 1076 qui
723 1016 824 1061 talia
858 1026 1024 1075 agunt,
1066 1031 1251 1074 regnum
1286 1015 1362 1059 Dei
1400 1030 1489 1058 non
1530 1013 1726 1072 posside-

333 1107 353 1129 »
382 1089 559 1132 bunt1?
584 1106 603 1129 »
632 1090 864 1146 Sequestro
883 1086 1189 1130 fornicationes
1206 1121 1216 1139 ‚
1243 1101 1342 1145 quae
1360 1085 1545 1129 latenter
1567 1084 1726 1129 admit-

332 1167 487 1202 tuntur
513 1178 520 1201 :
554 1156 851 1201 immunditias
876 1157 1161 1215 interpretare
1183 1165 1232 1200 ut
1252 1156 1442 1200 volueris
1459 1191 1470 1211 ,
1505 1165 1728 1216 sequestro

330 1239 373 1273 et
394 1229 505 1288 ipsas
525 1247 534 1272 2
552 1227 640 1272 illic
665 1243 879 1287 ponamus
902 1237 945 1272 et
967 1228 1174 1272 veneficia
1192 1263 1202 1283 ,
1230 1228 1332 1287 quia
1359 1242 1488 1272 nemo
1505 1237 1569 1271 est
1587 1225 1729 1286 palam

333 1299 559 1343 confector
590 1297 803 1357 datorque
835 1313 1103 1341 venenorum
1141 1317 1150 1342 ε
1187 1306 1411 1357 sequestro
1443 1306 1486 1341 et
1516 1298 1727 1352 haereses,

333 1370 542 1429 quiahoc
565 1367 696 1413 vultis
725 1388 733 1412 ε
763 1368 982 1413 idolorum
1014 1370 1265 1413 servitutem
1300 1368 1445 1413 nescio
1475 1378 1625 1413 utrum
1652 1367 1731 1413 de-

335 1442 461 1484 beam
503 1449 803 1499 sequestrare,
847 1440 1206 1501 quandoquidem
1242 1440 1476 1500 Apostolus
1513 1440 1574 1484 ibi
1608 1441 1733 1500 ponit

336 1511 586 1565 avaritiam,
624 1526 723 1570 quae
754 1509 928 1570 publice
966 1511 1140 1555 insanit.
1183 1511 1258 1555 His
1290 1526 1392 1570 ergo
1423 1511 1698 1571 sequestratis
1718 1546 1729 1566 ,

339 1582 528 1626 nulli-ne
551 1583 668 1641 apud
685 1597 760 1626 vos
782 1580 1006 1636 luxuriosi,
1033 1580 1144 1625 nulli
1161 1582 1302 1637 avari,
1330 1581 1439 1625 nulli
1455 1582 1732 1641 pertinaciter

343 1658 584 1701 inimicitias
605 1667 854 1702 exercentes
870 1693 880 1712 ,
905 1658 1016 1702 nulli
1034 1658 1320 1712 contentiosi,
1347 1657 1511 1712 aemuli,
1535 1659 1727 1714 animosi,

341 1729 678 1773 dissensionibus
696 1730 940 1784 studentes,
962 1729 1120 1784 invidi,
1144 1730 1327 1785 ebriosi,
1352 1730 1735 1774 comessationibus

340 1804 568 1844 vacantes?
590 1801 780 1844 Nulli-ne
803 1800 920 1860 apud
959 1816 1034 1845 vos
1065 1800 1171 1844 tales
1204 1810 1492 1859 unguuntur,
1524 1811 1567 1845 et
1593 1802 1638 1845 in
1669 1801 1735 1845 bis

341 1873 456 1914 intus
479 1872 571 1915 noti
600 1871 901 1929 manifestique
919 1872 1197 1916 moriuntur?
1228 1872 1269 1916 Si
1293 1871 1436 1916 nullos
1465 1871 1596 1924 dieis3
1621 1887 1736 1932 quo-

341 1943 457 1985 niam
479 1941 622 1986 studio
645 1942 937 1986 contentionis
957 1951 1103 2002 aperte
1124 1943 1317 1986 mentiris
1332 1978 1342 1996 ,
1367 1941 1467 1986 vide
1490 1958 1546 1986 ne
1567 1942 1622 1985 de
1641 1942 1736 1986 tali-

342 2013 423 2056 bus
445 2015 532 2071 ipse
555 2013 622 2057 sis.
646 2013 688 2058 Si
711 2022 853 2057 autem
877 2014 932 2057 ab
951 2013 1201 2074 hujusmodi
1227 2023 1418 2058 remotus
1442 2029 1502 2070 es,
1527 2029 1615 2058 non
1638 2028 1736 2058 cor-

345 2084 455 2139 poris
471 2084 762 2141 separatione,
786 2084 861 2127 sed
880 2085 980 2128 vitae
999 2084 1368 2140 dissimilitudine,
1394 2094 1435 2128 et
1458 2085 1564 2129 tales
1588 2084 1736 2128 turbas

345 2154 507 2197 circum
536 2153 683 2197 altaria
719 2163 860 2198 vestra
893 2169 1067 2213 gemens
1102 2156 1344 2214 conspicisf,
1382 2156 1489 2214 quid
1511 2155 1735 2210 dicemus,

347 2225 447 2283 quia
485 2224 580 2268 oleo
613 2234 759 2268 sancto
796 2225 918 2268 uncti
939 2235 1040 2269 sunt
1062 2261 1072 2280 ,
1114 2235 1156 2269 et
1177 2226 1287 2269 sicut
1311 2225 1542 2284 Apostolus
1571 2225 1738 2286 liquida

346 2295 526 2338 veritate
549 2294 777 2338 confirmat
794 2329 804 2349 ,
847 2310 1028 2353 regnum
1054 2296 1130 2339 Dei
1158 2311 1245 2340 non
1267 2295 1582 2355 possidebunt:
1610 2311 1739 2340 num-

347 2363 453 2423 quid
476 2364 621 2407 barbae
644 2368 789 2409 Aaron
811 2374 853 2409 et
875 2380 961 2409 orae
985 2365 1229 2410 vestimenti
1251 2367 1342 2425 ejus
1359 2365 1564 2425 sacrilega
1581 2367 1737 2426 injuria

348 2433 545 2479 facienda
563 2443 641 2489 est,
669 2444 716 2479 ut
739 2435 800 2478 ibi
823 2450 895 2480 eos
917 2435 1141 2495 ponendos
1160 2436 1450 2481 arbitremur?
1478 2437 1616 2482 Absit.
1644 2438 1738 2481 Dis-

347 2519 473 2547 cerne
493 2519 595 2562 ergo
613 2505 780 2550 visibile
801 2515 998 2552 sanctum
1015 2519 1327 2553 sacramentum
1343 2543 1353 2563 ,
1377 2507 1497 2568 quod
1519 2522 1609 2552 esse
1628 2516 1670 2552 et
1691 2509 1735 2552 in

398 2595 404 2609 ¹
429 2588 495 2621 Gal.
517 2599 549 2626 v,
575 2600 623 2630 19.
