1825 3264
284 321 448 353 conTaA
478 323 742 353 enuscomtm
771 322 1059 365 nomer-isram,
1094 325 1177 353 Lm.
1214 326 1272 353 ιν.
1399 313 1482 354 507

98 388 330 445 volebant,
357 390 574 450 requirere
594 392 792 451 quisnam
817 391 1043 450 episcopus
1063 400 1172 435 esset
1192 391 1481 450 Carthaginis.

98 461 264 505 Omitto
292 461 409 505 enim
441 459 586 506 dicere
608 495 619 516 ,
654 460 774 520 quod
800 459 978 505 sortasse
1009 459 1248 505 Orientales
1272 461 1484 506 haereticis

96 531 245 592 aliquo
263 530 395 576 modo
414 547 458 576 se
476 533 638 577 sociare
655 540 947 576 tentaverant.
964 531 1046 577 Sed
1063 541 1111 576 tu
1130 532 1263 577 homo
1274 531 1481 591 prudens,

96 616 197 646 cum
227 601 358 646 velles
387 601 553 647 solvere
589 602 874 662 quaestionem
892 636 903 657 ,
937 617 1038 646 curn
1077 602 1156 646 tibi
1195 601 1279 646 dici
1304 611 1446 661 posset
1471 621 1481 649 ε

97 673 142 718 Si
175 672 271 717 haec
302 673 362 717 ita
391 682 513 728 sunt,
548 681 598 718 ut
626 672 865 718 Orientales
905 673 1140 717 scriberent
1178 671 1233 717 ad
1267 676 1484 717 Donatum

94 751 306 794 vestrum,
322 743 692 803 quemadmodum
708 760 731 788 a
748 744 1055 789 communione
1072 752 1312 788 vestrorum
1329 744 1485 788 Orien-

93 812 198 856 tales
221 821 367 871 postea
384 812 616 872 disgregati
635 824 737 858 sunt
759 833 768 859 ι
797 813 1056 873 respondisti
1075 823 1119 858 et
1136 813 1278 858 dixisti
1296 833 1304 858 :
1330 833 1350 856 «
1371 815 1484 867 Quia

92 882 138 926 in
154 882 409 941 recipiendis
420 883 578 927 iterum
590 885 741 928 vestris
753 885 969 928 damnatae
982 899 1121 928 causae
1139 899 1227 928 non
1242 892 1483 942 potuerunt

94 967 263 997 servare
295 954 597 998 constantiam.
623 957 680 998 Et
696 955 904 1013 scriptum
927 962 991 998 cst
1021 972 1040 995 «
1065 954 1150 1007 Qui
1166 954 1367 1013 jungitur
1389 954 1481 999 for-

98 1040 119 1064 »
140 1022 330 1078 nicariae,
348 1038 486 1067 unum
508 1039 664 1083 corpus
685 1033 749 1068 est
770 1026 799 1067 ¹.
825 1024 936 1068 »Ubi
956 1033 1119 1068 vestros
1137 1039 1255 1068 nunc
1277 1025 1480 1068 atrociter

93 1094 330 1147 accusasti,
372 1094 405 1138 si
438 1095 483 1138 in
516 1110 642 1139 causa
677 1095 1081 1139 Maximianensium
1116 1110 1206 1138 non
1239 1104 1477 1154 potuerunt

91 1179 258 1208 servare
278 1165 562 1209 constantiam
581 1200 591 1219 ,
617 1164 915 1209 execrabiliter
939 1164 1192 1209 damnando
1214 1164 1443 1224 sacrilegos
1463 1200 1474 1220 ,

90 1234 405 1279 honorabiliter
417 1235 692 1294 suscipiendo
712 1235 954 1280 damnatos.
979 1235 1094 1279 Illud
1111 1236 1226 1279 enim
1247 1237 1302 1279 de
1324 1237 1481 1280 Orien·-

90 1305 248 1351 talibus
270 1307 448 1351 omnino
471 1323 560 1351 non
582 1308 763 1367 probas,
791 1308 872 1352 hoc
891 1306 946 1351 de
963 1307 1114 1351 vestris
1136 1307 1260 1351 audis
1282 1316 1325 1351 et
1346 1307 1476 1366 legis,

91 1385 135 1422 et
149 1377 309 1431 cernis,
335 1386 378 1422 et
389 1377 572 1437 judicas.

150 1450 272 1493 LIII.
295 1449 431 1494 Juhes
457 1464 524 1493 me
548 1448 797 1509 relinquere
814 1447 1052 1493 Ecclesiam
1071 1447 1352 1505 traditorum,
1373 1463 1484 1509 quos

90 1533 171 1563 nec
196 1534 272 1563 vos
302 1520 420 1578 apud
448 1535 550 1574 nos,
572 1535 652 1563 nec
687 1520 867 1579 majores
889 1520 1018 1564 vestri
1042 1518 1158 1579 apud
1180 1521 1360 1579 majores
1384 1535 1485 1564 nos·

90 1598 202 1645 tros,
234 1591 493 1635 convincere
514 1606 563 1635 ac
595 1591 891 1634 demonstrare
913 1599 1152 1649 potuerunt
1178 1610 1185 1634 :
1223 1606 1332 1650 quos
1366 1606 1485 1635 nunc

90 1661 122 1705 si
144 1660 481 1706 demonstrasses
507 1697 517 1717 ,
557 1677 708 1706 eorum
737 1661 905 1706 facinus
931 1662 1184 1721 crimenque
1200 1662 1451 1706 damnarem
1472 1682 1484 1718 3

89 1747 179 1776 non
203 1742 380 1791 propter
401 1747 473 1777 eos
495 1741 559 1777 tot
584 1733 800 1791 gentium,
823 1732 984 1791 quibus
1004 1732 1143 1790 ignoti
1165 1742 1283 1786 sunt,
1303 1731 1486 1777 catholi-

91 1817 186 1846 cam
215 1803 465 1847 societatem
499 1803 757 1846 desererem.
794 1802 878 1846 Sed
902 1802 1000 1846 vide
1024 1818 1110 1861 qua
1143 1801 1488 1846 consideratione

92 1873 204 1918 nolis
217 1874 261 1918 in
275 1874 584 1919 communione
601 1883 747 1917 nostra
766 1888 917 1917 eorum
938 1882 1211 1917 mortuorum
1231 1873 1487 1918 memoriam

91 1945 201 1999 fieri,
234 1959 421 2003 quorum
444 1944 556 1988 facta
582 1959 671 1988 non
703 1944 931 1998 novimus,
958 1959 1144 2003 quorum
1170 1945 1298 1988 etiam
1321 1944 1482 1988 bonam

91 2016 203 2060 inter
223 2029 322 2060 suos
343 2014 502 2059 famam
526 2015 785 2073 posteritatis
806 2014 1074 2058 successione
1098 2014 1351 2059 didicimus:
1380 2030 1482 2059 cum

91 2086 135 2129 in
174 2094 313 2130 vestra
348 2084 658 2129 communione
695 2084 786 2128 sine
824 2083 911 2127 ulla
947 2083 1257 2141 degradatione
1302 2086 1478 2138 vivant,

91 2171 280 2217 quorum
312 2155 425 2200 mala
446 2154 634 2199 sensistis
653 2189 663 2208 ,
688 2169 877 2214 quorum
900 2153 1118 2212 sacrilegia
1142 2154 1476 2200 condemnastis.

150 2229 265 2271 LIV.
292 2225 438 2271 Audes
456 2226 560 2270 mihi
583 2224 726 2270 dicere
750 2226 881 2269 homo
904 2226 1094 2283 prudens
1114 2245 1121 2270 :
1148 2245 1164 2266 «
1194 2226 1272 2270 Ille
1292 2228 1366 2286 qui
1389 2236 1479 2272 tra-

92 2296 220 2352 didit,
235 2307 276 2342 te
293 2298 468 2342 creavit:
494 2297 688 2342 nesciens
711 2296 833 2340 illum
857 2311 946 2340 esse
967 2308 1202 2341 creatorem
1223 2307 1419 2342 nostrum
1434 2299 1479 2342 in

92 2382 145 2412 eo
162 2368 523 2427 quodChristiani
537 2382 686 2411 sumus
700 2385 708 2411 ε
724 2367 798 2426 qui
818 2375 882 2410 est
899 2376 1066 2411 creator
1081 2377 1224 2412 noster
1237 2369 1280 2412 in
1295 2384 1345 2413 eo
1360 2370 1481 2428 quod

90 2438 289 2483 homines
306 2454 477 2484 sumus:
498 2438 696 2498 quamvis
712 2452 792 2480 nec
809 2436 932 2480 illum
949 2453 1079 2496 quem
1099 2447 1224 2497 putas
1241 2449 1480 2484 creatorem

90 2523 255 2562 meum,
286 2508 341 2552 de
361 2508 591 2552 traditione
619 2507 872 2551 conviceris.
899 2509 993 2565 Ego
1016 2517 1158 2553 autem
1180 2525 1265 2554 non
1289 2511 1480 2568 rependo

92 2579 174 2623 tibi
197 2580 309 2623 hanc
333 2579 550 2637 injuriam,
567 2593 647 2622 nec
671 2586 812 2631 tuum,
829 2592 908 2621 nec
931 2577 1135 2631 filiorum,
1157 2579 1225 2624 vel
1248 2589 1474 2639 nepotum,

143 2675 149 2688 ¹
176 2668 341 2704 1C0r.v1,
367 2665 413 2697 16.
