1825 3264
341 218 423 256 <264
770 227 801 255 s.
839 228 1068 256 Aucusmm
1102 231 1282 258 Enscom

337 299 382 342 in
404 297 467 340 his
490 294 694 338 membris
713 294 799 338 suis
822 294 904 339 hoc
929 305 1201 354 agnosceret,
1221 312 1320 356 quae
1342 305 1443 340 sunt
1461 296 1506 341 in
1528 298 1721 356 AEgypto

338 369 383 411 in
398 366 590 410 millibus
605 380 826 409 servorum
847 366 939 420 Dei,
963 367 1039 426 qui
1055 382 1132 426 ner
1151 382 1342 410 eremum
1357 376 1503 411 sancta
1519 367 1722 411 societate

336 438 521 490 vivunt,
547 434 858 495 perfectionem
892 437 1099 496 praecepti
1127 437 1376 496 Evangelici
1407 436 1629 481 studentes
1657 446 1720 481 te-

335 523 453 562 nere,
474 523 563 568 quo
585 507 752 552 dictum
772 516 836 552 est
866 527 874 553 :
902 527 923 550 «
944 509 1017 552 Vis
1043 508 1260 567 perfectus
1281 524 1371 552 esse
1390 510 1408 550 ?
1425 507 1560 563 Vade,
1583 509 1723 552 vende

343 602 360 622 »
379 580 524 625 omnia
539 595 638 640 quae
664 579 818 634 habes,
833 588 876 624 et
898 579 953 624 da
975 579 1256 640 pauperibus,
1282 590 1325 625 et
1342 579 1524 624 habebis
1546 579 1724 624 thesau-

336 670 355 693 »
378 666 476 695 rum
503 652 549 694 in
576 649 712 705 coelis,
739 659 782 695 et
813 651 936 705 veni,
975 666 1154 711 sequere
1192 666 1262 695 me
1283 654 1323 692 ¹:
1359 670 1379 693 η
1406 655 1577 704 Quanto
1609 651 1725 695 enim

332 721 486 766 melius
505 721 566 765 ibi
584 721 787 765 secretius
809 736 999 780 pascere,
1025 731 1068 765 et
1089 722 1266 776 cubare,
1285 721 1330 766 id
1355 731 1435 776 est,
1454 721 1724 782 requiescere

334 791 470 837 Filius
484 792 560 836 Dei
578 791 815 846 diceretur,
842 807 973 852 quam
996 792 1041 836 in
1063 793 1202 836 turbis
1223 793 1430 853 inquietis
1458 792 1724 837 furiosorum

332 861 764 916 circumcellionum,
780 861 900 922 quod
918 861 1080 906 malum
1103 862 1262 907 Africae
1281 863 1509 923 proprium
1523 871 1602 906 est.
1616 865 1724 907 Nam

332 934 387 977 de
402 937 593 992 AEgypto
615 934 672 977 ita
699 936 828 977 Isa'l'as
851 935 1109 993 prophetat:
1142 954 1159 973 «
1185 934 1267 979 Illo
1284 935 1355 979 die
1377 935 1459 979 erit
1482 934 1615 979 altare
1639 937 1725 978 Do-

332 1022 352 1045 »
390 1005 494 1048 mini
512 1005 557 1047 in
581 1004 756 1063 regione
773 1006 1099 1063 AEgyptiorum,
1125 1014 1168 1049 et
1186 1005 1339 1049 titulus
1358 1007 1414 1049 ad
1438 1007 1546 1049 fines
1571 1020 1726 1050 eorum

330 1092 349 1115 »
386 1075 569 1118 Domino
587 1109 597 1128 ,
623 1084 666 1117 et
688 1075 769 1118 erit
797 1075 841 1118 in
863 1075 1036 1132 signum
1063 1075 1109 1118 in
1131 1084 1344 1119 aeternum
1370 1076 1555 1120 Domino
1589 1076 1636 1119 in
1658 1089 1727 1119 re-

332 1166 348 1185 »
386 1145 514 1203 gione
539 1146 863 1204 AEgyptiorum.
892 1146 1111 1199 Quoniam
1132 1145 1386 1191 clamabunt
1412 1146 1466 1191 ad
1489 1147 1725 1191 Dominum

331 1235 350 1256 »
386 1214 590 1259 adversus
613 1232 699 1271 eos,
723 1217 798 1276 qui
817 1218 875 1260 eis
897 1232 1139 1276 pressuram
1155 1218 1402 1262 faciebant:
1424 1226 1467 1262 et
1486 1218 1626 1261 mittet
1642 1216 1725 1261 illis

329 1304 348 1326 »
386 1286 596 1329 Dominus
615 1286 860 1340 hominem,
883 1288 959 1346 qui
981 1287 1120 1331 salvos
1145 1303 1217 1332 eos
1240 1286 1383 1343 faciet,
1405 1287 1609 1348 judicans
1631 1302 1724 1332 ser-

330 1374 348 1395 »
385 1355 505 1399 vabit
527 1371 613 1400 eos.
640 1356 912 1415 Etcognitus
934 1357 1014 1400 erit
1038 1358 1246 1401 Dominus
1271 1358 1509 1417 AEgyptiis:
1535 1367 1578 1401 et
1598 1358 1724 1401 time·

330 1445 350 1467 »
387 1427 707 1485 buntAEgyptii
730 1428 961 1471 Dominum
982 1428 1026 1470 in
1045 1427 1120 1472 illo
1143 1428 1229 1482 die,
1256 1438 1299 1472 et
1317 1428 1479 1472 facient
1498 1428 1722 1483 sacrificia,

327 1515 345 1537 »
382 1506 425 1540 et
446 1506 545 1541 vota
570 1498 826 1555 promittent
851 1498 1062 1551 Domino,
1088 1507 1132 1542 et
1154 1498 1353 1543 reddent.
1382 1502 1438 1543 Et
1472 1499 1600 1543 feriet
1635 1502 1724 1543 Do-

330 1585 349 1607 »
386 1567 529 1610 minus
549 1568 777 1626 AEgyptios
797 1568 945 1626 plaga,
967 1578 1010 1612 et
1031 1569 1202 1612 sanabit
1223 1585 1295 1614 eos
1317 1586 1394 1614 sua
1415 1569 1723 1625 misericordia,

331 1658 347 1677 »
384 1647 426 1680 et
443 1647 755 1681 convertentur
774 1639 828 1682 ad
845 1640 1095 1692 Dominum,
1117 1640 1373 1685 etcxaudiet
1388 1656 1477 1694 eos,
1499 1649 1543 1684 et
1555 1640 1727 1685 sanabit

330 1725 348 1748 »
387 1722 459 1750 eos
481 1711 512 1750 ².
538 1726 557 1748 »
576 1707 692 1760 Quid
710 1708 764 1752 ad
787 1710 881 1752 haec
903 1708 1088 1752 dicunt?
1111 1713 1253 1763 Quare
1276 1727 1365 1755 non
1389 1711 1722 1756 communicant

325 1776 550 1833 Ecclesiae,
574 1794 673 1838 quae
694 1778 903 1838 praedicta
922 1788 1005 1832 est,
1034 1782 1350 1840 AEgyptiorum
1374 1784 1392 1825 Ρ
1414 1786 1504 1826 Aut
1523 1783 1558 1826 si
1582 1781 1726 1840 praefi-

327 1851 554 1908 guratione
578 1851 830 1909 prophetica
853 1854 1070 1910 AEgyptus
1095 1852 1311 1896 mundum
1337 1853 1565 1911 significat,
1587 1867 1725 1913 quare

327 1934 414 1964 non
438 1921 764 1964 communicant
782 1920 989 1965 Ecclesiae
1012 1922 1128 1966 orbis
1149 1932 1362 1966 terrarum
1385 1925 1402 1966 Ρ

384 1992 525 2034 XLII.
555 1991 741 2035 Proinde
759 2001 1084 2051 perscrutentur
1109 1993 1350 2052 Scripturas
1367 2028 1377 2048 ,
1402 2003 1445 2038 et
1463 2002 1613 2039 contra
1635 2002 1725 2037 tam

329 2061 467 2104 multa
490 2062 752 2116 testimonia,
778 2063 938 2121 quibus
973 2063 1218 2108 ostenditur
1241 2064 1433 2109 Ecclesia
1451 2064 1611 2109 Christi
1632 2073 1724 2109 toto

332 2139 544 2174 terrarum
575 2132 681 2175 orbe
703 2131 911 2187 diffundi,
936 2132 1006 2177 vel
1028 2149 1166 2178 unum
1192 2135 1416 2193 proferant
1438 2145 1526 2179 tam
1555 2145 1723 2180 certum

330 2210 373 2244 et
393 2210 479 2244 tam
503 2202 783 2246 manifestum
807 2219 938 2263 quam
964 2203 1036 2248 illa
1060 2214 1176 2260 sunt,
1202 2221 1292 2265 quo
1315 2206 1614 2250 demonstrent
1636 2209 1723 2250 Ec-

331 2270 502 2315 clesiam
515 2273 671 2317 Christi
687 2274 859 2332 periisse
877 2274 931 2317 de
943 2284 1098 2318 caetera
1112 2275 1312 2333 gentibus
1326 2311 1336 2329 ,
1357 2277 1458 2320 etin
1472 2275 1562 2320 sola
1578 2276 1724 2321 Africa

328 2345 597 2398 remansisse,
623 2354 832 2404 tan-quam
855 2345 910 2388 ab
927 2344 1011 2390 alio
1031 2346 1168 2401 initio,
1183 2362 1272 2390 non
1290 2347 1345 2390 ab
1364 2347 1621 2401 Jerusalem,
1647 2348 1725 2392 sed

328 2429 350 2457 3
373 2415 638 2473 Carthagine
653 2450 664 2468 ‚
686 2416 763 2460 ubi
783 2417 922 2475 primo
939 2417 1191 2476 episcopum
1211 2427 1362 2462 contra
1384 2418 1636 2477 episcopum
1656 2417 1724 2462 le-

333 2494 557 2527 vaverunt.
574 2486 615 2530 Si
634 2495 778 2530 autem
793 2486 974 2531 velimus
989 2487 1229 2547 intelligere
1250 2491 1466 2533 Donatum
1483 2489 1736 2548 principem=
1805 2501 1807 2504 ⁴

386 2575 393 2588 ¹
414 2569 525 2601 Matlh.
550 2581 617 2611 xix,
638 2572 862 2605 21.-²1sai.
885 2583 954 2615 xxx,
977 2581 1087 2614 19-22.
1746 2552 1749 2554 >
