1825 3264
437 280 491 308 nn:
524 277 710 308 nurui-1⁴:
742 281 958 311 EchEstJe.
1305 274 1388 313 227

14 359 154 406 quens
179 345 267 390 otio
293 344 526 403 diligentiae
551 361 651 391 cum
689 348 765 391 Dei
786 349 941 392 timore
963 348 1223 407 legentibus.
1262 352 1392 395 Acci·-

9 416 178 474 piamus
206 429 280 474 per
310 430 356 460 os
387 418 509 460 Isa‘iae
530 417 665 462 sancti
701 417 848 463 divina
870 433 1070 478 responsa
1091 454 1101 474 ‚
1133 429 1175 464 et
1200 421 1292 479 ejus
1316 435 1392 465 ora

10 494 217 546 tanquam
262 485 340 530 Dei
367 485 540 531 oracula
582 487 860 533 sciscitemur.
910 488 1072 533 Sileant
1099 490 1393 534 humanarum

10 556 340 601 contentionum
362 558 553 602 animosa
583 565 627 601 et
656 558 895 617 perniciosa
921 560 1159 603 certamina
1181 578 1190 604 z
1211 560 1394 604 incline-

8 640 106 670 mus
121 639 268 670 aurem
284 627 420 671 verbo
443 628 534 671 Dei.
562 627 681 671 Dicat
701 630 829 671 Isa'i'as
851 628 928 671 ubi
949 628 1184 672 Ecclesiam
1200 638 1393 674 sanctam

9 698 101 740 Deo
122 696 341 741 revelante
361 697 626 756 praeviderit,
647 706 697 741 ut
714 698 757 741 in
774 697 916 742 verbis
938 698 1087 742 futura
1109 698 1291 743 dicentis
1304 700 1396 758 jam

8 781 127 811 nunc
148 767 378 826 praesentia
391 767 630 812 videamus.
648 785 669 810 κ
695 767 878 827 Repleta
899 777 985 824 est,
1007 769 1175 828 inquit,
1194 770 1397 813 universa

10 854 32 880 »
42 846 155 882 terra
170 847 221 882 ut
233 846 468 897 cognoscat
482 838 732 893 Dominum,
747 848 796 882 ut
810 853 921 899 aqua
935 839 1073 883 multa
1085 840 1251 898 operiat
1261 854 1394 883 mare.

0 923 34 950 ι»
45 910 103 952 Et
114 908 196 951 erit
207 907 252 951 in
270 907 342 952 illa
365 907 435 952 die
445 908 564 952 radix
575 910 599 952 J
602 923 707 963 esse,
719 917 761 953 et
770 909 847 968 qui
858 919 1040 968 exurget
1052 910 1317 969 principium
1329 910 1400 952 ha-

12 993 33 1019 »
44 976 203 1022 bei-ein
219 978 430 1033 nationes,
441 979 485 1022 in
499 993 600 1022 eum
611 987 759 1038 gentes
771 980 1073 1038 sperabant1.»
1086 980 1295 1024 Radicem
1312 981 1335 1022 J
1340 994 1405 1022 es·

8 1049 285 1093 seChristum
298 1063 387 1093 esse
401 1063 452 1093 ex
463 1050 627 1093 semine
636 1049 774 1094 David
782 1050 1024 1094 secundum
1036 1065 1211 1094 carnem
1225 1059 1396 1104 natum,

8 1117 156 1162 nullus
177 1133 357 1178 quoquo
379 1119 511 1162 modo
535 1119 806 1163 Christianus
826 1119 1001 1177 ignorat
1027 1139 1034 1164 :
1057 1121 1135 1164 etsi
1153 1120 1404 1164 contentio-

27 1202 77 1232 us
91 1199 172 1244 est,
196 1203 298 1234 curn
320 1190 531 1249 Apostolo
554 1189 795 1235 contendat
817 1193 852 1244 ²,
878 1191 955 1249 qui
977 1191 1062 1235 hoc
1084 1191 1335 1236 testimonio
1355 1191 1401 1233 in

8 1259 182 1304 Litteris
203 1261 288 1304 suis
309 1261 462 1305 utitur.
492 1263 599 1304 Item
625 1260 732 1304 dixit
759 1280 767 1304 :
796 1279 817 1302 «
842 1261 1114 1307 Germinabit
1137 1270 1180 1304 et
1204 1262 1404 1305 florescet

10 1347 31 1371 u
51 1330 180 1374 Israel
196 1365 207 1386 ‚
232 1338 277 1374 et
297 1330 535 1389 replebitur
552 1330 668 1375 orbis
684 1339 895 1374 terrarum
910 1329 1055 1375 fructu
1078 1333 1167 1390 ejus
1180 1331 1211 1373 ³.
1237 1350 1253 1371 ·›
1270 1329 1404 1374 Isra'cl

41 1415 166 1461 empe
187 1401 302 1446 filius
324 1400 409 1445 suit
440 1404 583 1457 Isaac,
615 1415 749 1460 nepos
781 1402 1021 1455 Abraham,
1047 1403 1117 1445 cui
1142 1402 1402 1460 promissum

57 1480 75 1516 t
101 1472 224 1531 quod
246 1472 292 1515 in
313 1472 477 1516 semine
496 1472 588 1531 ejus
608 1470 973 1515 benedicerentur
995 1485 1144 1515 omnes
1168 1479 1318 1529 gentes
1342 1471 1358 1494 4
1390 1487 1399 1514 :

41 1540 131 1586 uod
147 1555 296 1586 semen
323 1542 547 1587 Christum
570 1541 881 1600 interpretatur
899 1541 1150 1600 Apostolus.
1176 1541 1307 1584 Venit
1327 1555 1404 1583 au-

29 1626 99 1656 em
120 1612 318 1657 Christus
338 1627 391 1656 ex
406 1612 572 1656 semine
599 1611 818 1655 Abraham
836 1625 916 1668 per
941 1614 1065 1655 Isaac
1080 1621 1123 1655 et
1148 1625 1226 1669 per
1249 1609 1400 1663 Israel,

36 1689 56 1725 t
75 1682 300 1741 deinceps,
325 1682 435 1726 sicut
449 1683 747 1741 generationes
762 1681 815 1725 ad
830 1690 976 1726 ortum
997 1681 1155 1726 Christi
1177 1681 1402 1740 pertinen-

91 1751 366 1812 Evangelista
388 1753 578 1797 contexit
596 1755 627 1796 ⁵.
646 1752 731 1806 Qui
754 1766 858 1811 ergo
875 1751 972 1796 vult
991 1761 1142 1796 contra
1157 1751 1396 1810 disputare,

65 1823 278 1868 ntradicat
307 1822 547 1882 Evangelio
569 1857 580 1878 ,
617 1832 746 1882 neget
776 1837 827 1866 ex
865 1823 1027 1866 semine
1063 1821 1194 1866 Israel
1233 1821 1400 1865 venisse

48 1893 248 1949 hristum,
275 1904 324 1938 ut
340 1895 474 1953 possit
490 1909 647 1952 negare
664 1892 785 1954 quod
798 1896 928 1937 Isa‘i'as
942 1892 1069 1938 dicit:
1084 1911 1104 1934 «
1126 1891 1400 1937 Germinabit

55 1973 99 2008 et
120 1965 320 2009 florescet
342 1964 500 2019 Israel,
527 1974 570 2008 et
592 1963 835 2023 replebitur
858 1963 976 2008 orbis
1003 1972 1216 2007 terrarum
1251 1961 1398 2004 fructu

59 2035 172 2094 ejus:
186 2052 207 2075 ι)
221 2037 330 2077 Item
352 2033 484 2078 dicit:
509 2053 527 2073 «
544 2037 639 2092 Ego
662 2036 775 2076 Deus
790 2033 971 2091 primus,
989 2041 1032 2074 et
1053 2032 1098 2074 in
1114 2032 1180 2074 his
1200 2045 1300 2088 quae
1323 2028 1400 2072 ad-

57 2103 234 2147 venient
260 2117 342 2161 ego
367 2118 479 2146 sum.
507 2102 723 2146 Viderunt
756 2110 924 2159 gentes,
953 2110 997 2144 et
1018 2101 1261 2144 timuerunt
1294 2099 1401 2142 fines

56 2175 228 2218 terraes’.
243 2191 263 2215 »
284 2175 377 2218 Hoc
396 2182 458 2217 est
474 2172 595 2233 quod
617 2172 718 2216 alibi
742 2173 963 2230 Scriptura
982 2172 1108 2216 dixit:
1130 2171 1333 2214 «Primus
1359 2177 1402 2212 ct

57 2245 336 2299 novissimus,
353 2246 368 2271 ⁷
388 2253 438 2288 ut
464 2244 518 2288 sit
545 2264 566 2283 α
595 2252 637 2287 et
658 2266 681 2286 ω
708 2277 718 2297 ,
747 2258 848 2302 quae
880 2251 982 2286 sunt
1015 2241 1170 2286 litterae
1201 2241 1247 2284 in
1279 2240 1404 2298 signo

50 2314 172 2359 hristi
190 2314 394 2359 omnibus
417 2323 576 2358 notae.»
591 2316 674 2357 Pro
689 2328 741 2357 eo
756 2313 873 2356 enim
892 2311 1086 2372 quodibi
1108 2321 1187 2365 est,
1216 2329 1234 2351 «
1258 2311 1405 2354 novis·

61 2386 210 2440 simus,
236 2403 256 2426 »
283 2379 354 2428 hic
376 2385 565 2443 positum
587 2393 668 2437 est,
698 2401 715 2422 «
736 2392 780 2427 et
798 2384 842 2427 in
865 2383 930 2426 his
951 2397 1051 2441 quae
1069 2382 1302 2425 advenient
1324 2393 1405 2437 ego

58 2469 171 2502 sum.
188 2475 206 2498 n
220 2455 332 2500 Huic
344 2469 448 2514 ergo
469 2452 807 2499 manifestationi
820 2453 1141 2507 contradicunt,
1157 2450 1234 2511 qui
1247 2449 1406 2495 nolunt

63 2559 75 2581 ¹
93 2556 167 2590 lsai.
186 2568 231 2598 xi,
255 2567 277 2599 9
295 2559 328 2589 et
352 2566 457 2588 10.-
474 2561 486 2577 ²
508 2557 602 2588 Rom.
621 2565 677 2596 xv,
702 2563 751 2586 12.
769 2571 810 2577 —
826 2551 840 2576 3
862 2554 934 2585 Isa'i.
968 2551 1120 2590 xxv11,6.
1136 2549 1205 2581 -4
1226 2552 1306 2584 Gen.
1326 2561 1403 2587 xxn,

41 2609 123 2646 8.-
137 2610 153 2636 5
167 2611 268 2646 nauh
299 2622 323 2645 ι.
338 2627 380 2635 -
394 2608 501 2643 ⁶1sai.
526 2620 590 2652 ni,
609 2609 640 2652 4.
658 2622 698 2634 ——
712 2615 727 2642 7
746 2611 847 2651 Apoc.
873 2617 950 2648 xxii,
974 2605 1024 2639 ¹3.

1130 2662 1188 2699 15.
