1825 3264
296 229 458 260 comma
491 230 691 260 LITTERAS
724 232 958 270 PE'MLIAM,
994 232 1076 260 Lm.
1115 233 1180 258 ιιι.
1360 221 1438 258 191

61 309 218 354 invitos
243 307 438 366 sequitur
460 305 560 352 talia
582 306 836 360 sentientes,
862 316 912 351 ut
934 306 1039 352 dum
1064 308 1296 351 exhorrent
1323 305 1445 367 quod

59 377 179 425 nefas
189 386 255 423 est
266 377 434 433 dicere,
453 377 671 435 corrigant
683 376 803 438 quod
818 377 910 422 ausi
927 387 1029 422 sunt
1044 378 1234 423 credere.
1259 377 1447 422 Proinde

61 449 120 495 ita
139 448 246 493 dicit
268 467 278 494 :
314 467 334 491 «
361 448 405 494 Si
445 449 701 494 resurrectio
743 456 1014 492 mortuorum
1051 463 1140 492 non
1172 457 1235 492 est
1255 483 1266 503 ,
1305 461 1448 507 neque

65 537 86 562 ι
109 518 306 565 Christus
336 519 564 564 resurrexit
589 538 598 564 ι
629 518 664 562 si
686 526 831 562 autem
853 518 1051 563 Christus
1076 533 1164 562 non
1187 518 1415 562 resurrexit
1435 552 1446 572 ,

64 606 85 632 »
110 589 248 635 inanis
269 598 333 635 est
351 588 601 649 praedicatio
623 597 784 644 nostra,
805 603 912 633 vana
934 597 997 632 est
1013 596 1056 632 et
1075 588 1180 632 fides
1203 598 1341 631 vestra
1361 590 1373 613 ¹
1395 608 1406 644 3
1425 606 1445 628 n

62 659 311 704 invenimur
332 668 479 704 autem
495 669 538 704 et
554 659 649 704 falsi
666 668 791 705 testes
806 659 900 714 Dei,
924 659 1133 719 quoniam
1154 657 1450 703 testimonium

61 727 247 775 diximus
269 728 476 775 adversus
506 733 644 775 Deum
662 764 673 784 ‚
699 729 801 789 quia
826 729 1049 774 suscitavit
1069 728 1290 774 Christum
1319 743 1450 788 quem

60 813 151 846 non
173 800 394 845 suscitavit
421 820 430 846 2
462 810 513 846 ut
534 802 642 845 dum
663 800 818 845 timent
840 800 983 845 dicere
1013 799 1243 854 Christum
1266 814 1354 843 non
1381 814 1451 842 re-

61 870 308 926 surrexisse,
331 879 375 915 et
395 879 551 916 caetera
573 871 684 916 mala
702 887 750 915 ac
768 870 930 915 nefaria
944 886 1043 930 quae
1062 878 1306 930 sequuntur
1323 903 1334 924 ,
1358 884 1454 913 cor·

62 941 207 1000 rigant
239 941 361 1002 quod
391 942 524 987 stulte
556 942 877 1003 infideliterque
899 943 1128 996 dixerunt,
1154 956 1242 986 non
1273 955 1363 985 esse
1384 940 1453 983 re-

61 1013 375 1058 surrectionem
407 1022 697 1058 mortuorum.
736 1014 779 1059 Si
812 1029 916 1073 ergo
947 1012 1072 1058 tollas
1094 1012 1214 1072 quod
1242 1013 1287 1056 in
1315 1011 1454 1071 capite

63 1083 396 1129 ratiocinationis
419 1085 549 1145 hujus
572 1094 636 1129 est
657 1085 879 1144 positum:
910 1084 953 1129 Si
976 1083 1232 1128 resurrectio
1254 1091 1454 1126 mortuo-

62 1169 160 1199 rum
173 1170 262 1199 non
274 1163 338 1199 est
354 1174 362 1199 ε
379 1155 657 1200 malecaetera
666 1155 782 1200 dicta
796 1164 920 1209 sunt,
935 1165 980 1199 et
995 1153 1206 1213 Apostolo
1223 1151 1454 1197 tribuenda

61 1234 180 1270 sunt.
197 1226 240 1272 Si
249 1235 394 1271 autem
405 1226 556 1271 reddas
569 1227 686 1271 unde
696 1226 889 1285 pendent
901 1235 944 1271 et
954 1227 1000 1269 in
1013 1225 1189 1270 exordio
1198 1225 1452 1270 constituas:

63 1297 339 1341 Resurrectio
352 1306 627 1341 mortuorum
640 1312 730 1342 non
738 1305 816 1350 est,
829 1305 944 1341 recte
953 1305 1292 1356 consequentur,
1304 1297 1455 1353 Neque

62 1366 260 1411 Christus
283 1367 533 1422 resurrexit,
556 1377 600 1411 et
617 1367 756 1411 inanis
771 1375 834 1411 est
853 1367 1105 1426 praedicatio
1126 1375 1296 1418 nostra,
1316 1364 1456 1408 inanis

62 1445 177 1483 estet
187 1436 291 1482 fides
299 1446 455 1492 vestra,
473 1447 516 1482 et
528 1446 683 1482 caetera
695 1452 794 1497 quae
807 1452 1000 1482 connexa
1009 1445 1112 1481 sunt
1128 1437 1296 1481 :ethaeo
1311 1435 1458 1480 omnia

64 1506 121 1553 ab
140 1507 348 1566 Apostolo
366 1508 481 1552 bene
502 1517 546 1552 et
560 1507 798 1567 prudenter
818 1508 934 1552 dicta
950 1516 1068 1561 sunt,
1094 1507 1301 1567 quoniam
1323 1506 1457 1565 quid·

64 1575 172 1636 quid
194 1576 298 1622 mali
320 1578 507 1633 habent,
530 1576 613 1622 illis
636 1577 944 1638 imputandum
968 1587 1032 1622 est
1052 1577 1129 1638 qui
1148 1577 1365 1635 negabant
1388 1591 1457 1619 re-

65 1649 377 1693 surrectionem
400 1659 689 1694 mortuorum.
718 1649 785 1694 Sic
802 1649 932 1693 etiam
949 1649 994 1693 in
1017 1648 1198 1707 epistola
1215 1663 1327 1701 mea,
1353 1646 1459 1692 tolle

65 1718 186 1778 quod
203 1719 391 1778 positum
414 1730 478 1765 est
505 1739 514 1764 ;
543 1739 563 1762 «
587 1720 630 1765 Si
652 1719 746 1764 talis
763 1721 947 1779 quisque
968 1719 1011 1762 in
1037 1719 1172 1778 gratia
1189 1718 1370 1778 spiritali
1391 1732 1460 1761 re-

65 1789 275 1846 nascitur,
298 1791 436 1850 qualis
458 1799 521 1834 est
539 1789 611 1834 ille
629 1805 652 1833 a
673 1805 762 1849 quo
784 1790 1045 1849 baptizatur,
1070 1799 1232 1834 etcum
1255 1789 1459 1833 manifes-

66 1867 136 1905 tus
167 1869 231 1904 est
260 1860 337 1920 qui
366 1861 559 1920 baptizat
586 1861 719 1905 homo
748 1861 919 1915 bonus,
954 1861 1046 1919 ipse
1078 1860 1153 1904 dat
1183 1859 1344 1914 fidem,
1369 1861 1460 1918 ipse

67 1929 188 1989 origo
216 1940 259 1975 et
291 1931 412 1975 radix
443 1941 663 1991 caputque
695 1931 910 1976 nascentis
934 1939 1025 1988 est,
1056 1945 1158 1975 cum
1187 1939 1330 1974 autem
1354 1929 1460 1972 latet

67 1999 260 2059 perfidus
281 2001 539 2060 baptizator,
560 2011 666 2045 tunc
685 2002 871 2060 quisque
889 2017 911 2045 a
925 2001 1098 2045 Christo
1113 1999 1294 2059 percipit
1308 1998 1457 2052 tidem,

67 2079 174 2115 tunc
196 2087 220 2116 a
242 2072 415 2116 Christo
435 2071 557 2116 ducit
576 2072 805 2128 originem,
830 2080 935 2115 tunc
958 2071 1004 2114 in
1020 2071 1193 2116 Christo
1218 2070 1458 2123 radicatur,

67 2150 174 2186 tunc
209 2142 382 2188 Christo
409 2142 550 2201 capite
583 2141 819 2201 gloriatur:
844 2161 863 2183 υ
899 2140 999 2186 tolle
1034 2142 1114 2185 ista
1149 2140 1267 2185 unde
1300 2141 1462 2199 pendet

67 2211 191 2272 quod
207 2213 426 2272 sequitur,
450 2221 493 2256 et
513 2211 640 2257 valde
663 2213 845 2272 pessime
863 2212 1029 2257 dictum
1049 2213 1244 2272 mihique
1264 2212 1463 2255 tribuen-

69 2281 176 2327 dum
199 2292 263 2327 est
289 2302 299 2328 :
334 2302 355 2326 «
378 2282 633 2342 Optandum
662 2292 725 2327 est
753 2283 957 2328 omnibus
992 2283 1070 2342 qni
1099 2282 1378 2341 baptizantur
1413 2291 1462 2324 ut

68 2351 356 2412 baptizatores
376 2354 565 2412 perfidos
586 2354 776 2397 habeant
797 2364 840 2398 et
867 2354 1069 2412 ignorent
1095 2368 1181 2396 eos.
1211 2351 1463 2404 Quamlibet

3 2437 5 2444 ⁴
71 2423 188 2468 enim
204 2423 342 2468 bonos
363 2422 613 2478 habuerint,
633 2424 831 2468 Christus
854 2432 918 2467 est
940 2423 1090 2482 utique
1111 2420 1458 2480 incomparabili«

73 2501 138 2539 ter
161 2493 339 2549 melior,
370 2493 447 2553 qui
469 2503 575 2538 tunc
595 2494 677 2538 erit
703 2493 910 2553 baptizati
932 2502 1064 2552 caput
1079 2526 1090 2546 ‚
1126 2492 1160 2537 si
1183 2492 1372 2552 perfidus
1399 2492 1465 2536 la·

124 2584 134 2599 ¹
165 2589 175 2610 ι
197 2578 272 2611 Cor.
294 2588 349 2619 xv,
376 2577 425 2610 13.
