1825 3264
323 271 484 299 comim
517 273 779 301 cnisscommi
816 271 1105 312 non.i·i·1>1·AM‚
1142 275 1223 300 Lus.
1264 276 1319 300 u.
1448 265 1528 302 2321)

144 351 240 380 mus
267 336 434 381 triturae
457 336 596 396 pulvis
621 353 696 397 per
719 338 848 382 inane
870 337 1067 384 sublatus
1087 374 1096 394 ‚
1129 347 1228 383 ante
1250 339 1531 384 novissimum

142 406 436 452 ventilationis
458 417 627 468 tempus
655 408 812 454 existis.
841 411 933 454 Vox
962 409 1151 470 denique
1185 410 1531 468 arrogantissima

140 486 271 537 atque
294 476 514 523 falsissima
537 489 677 524 vestra
700 488 763 523 est
784 478 880 534 illa,
902 495 990 524 non
1012 488 1159 524 nostra
1180 498 1189 524 ;
1217 499 1237 522 «
1259 479 1375 533 Quid
1395 480 1531 539 paleae

140 566 161 590 »
179 563 276 593 curn
302 548 523 595 frumento
543 553 585 594 ¹?
611 569 630 592 »
656 549 776 611 quod
797 549 852 594 de
869 552 1044 595 somniis
1065 566 1278 596 vanorum
1297 560 1340 596 et
1360 550 1526 596 revela-

140 619 335 664 tionibus
358 621 676 680 Prophetarum
702 621 909 666 Jeremias
931 622 989 666 ait
1008 640 1016 665 :
1043 630 1085 666 et
1109 631 1314 682 tanquam
1330 620 1384 665 de
1406 621 1532 665 nobis

138 699 182 735 et
206 691 327 736 vobis
355 691 521 736 dictum
554 693 638 747 sit,
672 692 982 737 Parmenianus
1015 692 1097 737 hoc
1131 692 1279 736 scribit
1300 695 1332 735 ².
1370 694 1527 745 Quaere

136 777 313 822 quoque
331 778 354 806 a
371 764 653 808 Maximiano:
671 763 778 807 nihil
794 762 914 807 aliud
931 763 985 807 de
1003 778 1047 807 se
1069 764 1188 808 dicit.
1212 765 1308 808 Non
1331 771 1394 807 est
1416 762 1533 806 enim

136 832 244 876 alius
266 834 411 892 impiae
434 834 648 893 superbiae
670 843 815 878 tumor
836 833 953 893 apud
976 849 1125 878 omnes
1154 834 1230 893 qui
1257 849 1302 877 se
1325 849 1348 877 a
1371 832 1532 878 Christi

136 903 303 948 unitate
325 904 595 959 discindunt,
621 920 752 964 quam
769 920 812 948 se
825 904 936 948 solos
955 905 1222 949 Christianos
1239 919 1329 948 esse
1346 905 1527 963 jactare,

143 984 185 1018 et
218 974 426 1020 damnare
453 985 631 1021 caeteros
651 1011 662 1031 ,
699 991 788 1020 non
818 975 956 1020 solum
982 975 1142 1036 quibus
1168 989 1319 1020 eorum
1347 973 1396 1018 lis
1430 982 1532 1018 nota

135 1054 220 1099 est,
245 1047 528 1090 verumetiam
552 1046 713 1106 quibus
740 1061 892 1090 eorum
915 1061 996 1089 nec
1017 1061 1177 1089 nomen
1202 1045 1400 1089 auditum
1421 1053 1499 1088 est.

197 1118 378 1161 LXXII.
406 1119 514 1162 Nam
543 1116 653 1161 illud
679 1132 809 1176 quam
833 1116 1052 1175 eleganter
1072 1116 1151 1160 tibi
1170 1116 1284 1160 visus
1304 1131 1347 1160 es
1369 1115 1528 1170 dicere,

134 1186 252 1246 quod
281 1202 382 1231 cum
404 1202 486 1246 ego
508 1187 563 1230 de
588 1190 863 1231 Testamento
889 1186 965 1230 Dei
986 1184 1183 1229 dixissem
1212 1205 1219 1228 :
1251 1203 1270 1226 «
1296 1187 1422 1230 Nunc
1445 1200 1530 1229 un-

134 1256 381 1317 decumque
407 1256 626 1317 prolatum
639 1266 703 1301 est
725 1257 951 1301 recitetur:
976 1254 1330 1315 respondendum
1352 1256 1527 1315 putasti.

134 1327 255 1387 quod
274 1330 366 1388 jam
382 1329 463 1373 hoc
482 1328 795 1373 confessionem
814 1327 1006 1372 criminis
1025 1327 1198 1379 habeat,
1225 1335 1266 1370 et
1289 1325 1387 1370 ideo
1409 1326 1530 1370 dixe-

136 1398 241 1454 rim,
264 1416 286 1443 a
309 1414 593 1460 quocumque
622 1399 838 1459 prolatum
863 1407 926 1442 est
949 1398 1153 1442 recitetur
1169 1432 1180 1452 ‚
1201 1397 1304 1456 quia
1324 1397 1440 1456 apud
1461 1412 1530 1441 me

137 1478 333 1525 constat,
359 1480 403 1514 et
422 1487 444 1515 a
468 1471 624 1515 nostris
646 1478 844 1514 exustum
869 1504 879 1524 ‚
906 1478 949 1512 et
971 1485 993 1512 a
1015 1468 1136 1512 vobis
1160 1477 1376 1512 servatum
1399 1477 1531 1527 atque

135 1541 367 1600 prolatum.
397 1545 460 1587 Ita
483 1557 586 1586 vero
609 1541 642 1585 si
669 1542 851 1585 veritate
871 1540 1059 1585 confisus
1077 1574 1088 1594 ‚
1106 1555 1127 1582 a
1143 1539 1407 1583 Maximiano
1425 1537 1530 1583 velis

135 1611 319 1671 proferri
349 1612 545 1657 codicem
569 1612 693 1671 Legis
713 1648 723 1670 ,
747 1613 866 1656 unde
890 1612 1041 1656 recites
1077 1610 1247 1654 Dathan
1265 1644 1276 1664 ,
1303 1610 1462 1664 Chore,
1488 1618 1530 1653 et

137 1683 303 1728 Abiron
326 1685 358 1738 ³,
383 1684 460 1744 qui
482 1684 567 1728 vivi
587 1693 698 1728 terra
714 1683 965 1728 dehiscente
987 1681 1200 1726 submersi
1223 1689 1346 1735 sunt,
1372 1680 1530 1740 quibus

138 1753 270 1798 istum
304 1756 548 1814 BagaIensis
576 1754 790 1799 sententia
827 1752 1127 1813 comparavit,
1163 1767 1252 1796 non
1284 1767 1334 1795 co
1368 1752 1531 1795 firmius

134 1835 284 1870 contra
306 1825 431 1870 illum
456 1826 709 1871 recitabitur
729 1861 740 1880 ,
779 1825 881 1885 quia
911 1825 955 1868 in
987 1825 1080 1883 ejus
1112 1822 1264 1867 codice
1299 1823 1526 1881 reperitur.

134 1898 265 1950 Quod
287 1913 388 1955 ergo
410 1897 498 1941 dixi
519 1917 526 1941 :
565 1916 584 1938 «
627 1900 951 1940 Testamentum
977 1894 1289 1953 undecumque
1313 1893 1530 1952 prolatum

135 1978 198 2012 est
225 1969 429 2013 recitetur
465 1987 473 2013 ;
508 1986 528 2008 »
562 1983 651 2012 non
685 1977 748 2012 est
770 1966 984 2012 consessio
1017 1966 1235 2017 criminis,
1266 1964 1340 2008 sed
1370 1965 1530 2009 fiducia

136 2039 340 2083 veritatis.
368 2039 481 2092 Quid
504 2039 620 2083 enim
653 2038 940 2092 commodius,
966 2035 1071 2098 qnid
1103 2034 1368 2095 praeclarius,
1396 2051 1528 2096 quam

138 2118 186 2153 ut
199 2110 231 2153 si
249 2110 340 2153 lieri
356 2118 512 2169 potest,
534 2110 653 2170 quod
673 2109 878 2154 adversus
898 2118 939 2153 te
953 2108 1138 2166 legatur,
1154 2122 1175 2149 a
1196 2118 1237 2149 te
1255 2105 1531 2165 proteratur?

134 2182 231 2226 Non
248 2181 350 2240 quia
369 2195 449 2239 ego
472 2195 561 2225 non
582 2181 726 2224 habeo
749 2196 827 2239 pro
853 2195 919 2223 me
948 2199 956 2223 ε
982 2177 1056 2222 sed
1076 2176 1244 2220 facilior
1266 2185 1330 2221 est
1347 2179 1529 2222 certior-

134 2267 220 2312 que
235 2252 465 2308 convictio,
489 2261 537 2296 ut
559 2261 605 2296 tu
625 2252 786 2296 habeas
809 2260 961 2296 contra
982 2259 1038 2304 te,
1065 2247 1186 2308 quod
1209 2263 1287 2307 pro
1312 2258 1352 2294 te
1370 2249 1404 2294 si
1430 2266 1529 2295 cor-

135 2323 282 2382 rigaris
296 2323 385 2366 fiat.

192 2395 397 2437 LXXIII.
440 2395 603 2438 Contra
637 2394 960 2438 universitatem
988 2408 1090 2438 vero
1113 2391 1319 2439 Ecclesiae
1351 2392 1452 2452 quia
1489 2402 1529 2437 te

134 2464 277 2509 inania
299 2473 492 2524 repetere
514 2464 660 2518 libuit,
686 2465 814 2509 etiam
835 2465 905 2508 hic
930 2464 1007 2508 tibi
1038 2465 1280 2525 respondeo
1307 2483 1316 2509 :
1342 2465 1464 2509 Sicut
1485 2464 1529 2508 in

185 2579 192 2595 ¹
219 2574 336 2605 Jercm.
367 2583 454 2605 xxiii.
475 2588 514 2595 -
533 2577 543 2594 ²
567 2571 643 2603 vide
667 2576 776 2602 conti-z«
806 2570 1002 2603 Pannonian.
1034 2569 1089 2601 lib.
1111 2580 1161 2601 in.
1190 2581 1261 2610 cap.
1295 2570 1320 2600 3.
1342 2585 1380 2590 —
1408 2568 1413 2587 ³
1435 2569 1527 2600 Num.

139 2639 206 2669 xvi,
227 2629 279 2661 31.
