1825 3264
278 290 440 320 cort-rna
472 292 737 320 cnescomrm
771 290 1059 330 DONATISTAM,
1096 294 1178 320 Lm.
1217 294 1244 319 ι.
1375 282 1457 318 325

73 377 94 401 »
112 373 234 413 num,
255 373 343 402 non
376 367 439 402 est
467 373 606 418 usque
637 356 690 401 ad
720 372 856 401 unum
886 379 896 402 ε
928 358 1176 418 sepulcrum
1209 367 1360 418 patens
1394 367 1459 403 est

74 439 262 489 »guttur
293 445 443 474 eorum
466 465 476 484 ,
510 429 670 488 linguis
704 429 789 473 suis
819 428 968 473 dolose
1000 430 1215 489 agebant,
1241 444 1460 474 venenum

72 501 307 560 »aspidum
329 500 411 544 sub
436 500 560 544 labiis
583 515 732 544 eorum
751 534 762 554 ,
788 515 977 560 quorum
1008 516 1054 545 os
1082 500 1388 545 maledictione
1418 508 1462 544 et

71 570 398 616 »amaritudine
414 571 592 632 plenum
612 582 691 626 est,
716 570 886 616 veloces
909 572 1041 630 pedes
1064 587 1214 616 eorum
1240 572 1295 616 ad
1317 571 1463 615 effun-

72 662 92 685 »
113 643 303 687 dendum
319 644 590 702 sanguinem,
609 644 813 688 contritio
831 653 873 687 et
888 642 1117 687 infelicitas
1132 643 1177 686 in
1200 643 1276 687 viis
1291 657 1461 697 eorum,

72 732 92 755 »
112 723 153 757 et
175 715 287 758 viam
322 715 438 773 pacis
458 730 547 759 non
575 723 891 773 cognoverunt,
918 729 1005 759 non
1029 723 1091 759 est
1115 714 1246 758 timor
1268 714 1343 757 Dei
1364 722 1464 757 ante

72 802 92 826 »
111 782 259 829 oculos
282 799 433 828 eorum
458 787 488 827 ¹.
529 803 549 825 »
573 787 630 828 Et
652 800 707 829 ne
737 794 944 844 putarent
967 785 1061 828 haec
1089 785 1134 828 in
1157 799 1229 828 eos
1250 783 1365 828 dicta
1387 782 1465 843 qui

69 870 155 900 non
177 863 300 899 erant
323 855 368 898 in
400 858 513 913 Lege
531 890 542 910 ,
574 857 784 901 continuo
808 855 993 915 subjecit
1016 874 1024 899 :
1055 874 1073 896 «
1104 855 1272 899 Scimus
1293 863 1463 909 autem,

72 926 321 986 »quoniam
349 942 641 987 quaecumque
673 931 761 971 Lex
797 927 928 980 dicit,
955 927 1021 970 his
1053 926 1129 986 qui
1159 926 1203 968 in
1227 928 1339 982 Lege
1364 933 1467 969 sunt

71 1015 91 1038 »
114 997 334 1057 loquitur,
371 1007 421 1042 ut
459 1014 588 1043 omne
624 1014 670 1043 os
701 999 980 1052 obstruatur,
1007 1006 1050 1041 et
1087 1012 1186 1041 reus
1215 997 1291 1040 fiat
1325 996 1466 1040 omnis

71 1085 91 1109 »
114 1068 304 1112 mundus
327 1072 416 1113 Deo
440 1072 471 1112 ².
501 1087 521 1110 »
552 1072 661 1114 Item
683 1069 768 1114 alio
789 1069 887 1114 loco
906 1068 1010 1112 dicit
1036 1087 1044 1113 ε
1075 1087 1093 1110 «
1125 1067 1242 1121 Quid
1262 1082 1365 1126 ergo
1394 1066 1465 1110 di-

72 1155 92 1179 »
115 1138 291 1181 cimus?
320 1141 406 1181 Lex
430 1149 636 1199 pecatum
673 1148 737 1184 est
765 1141 783 1182 P
816 1139 941 1183 Absit
973 1157 982 1182 ε
1015 1137 1087 1181 sed
1113 1146 1339 1195 peccatum
1376 1150 1467 1180 non

71 1226 91 1249 »
114 1209 314 1266 cognovi,
341 1210 421 1253 nisi
437 1225 514 1269 per
538 1214 694 1268 Legem
716 1230 724 1255 :
751 1225 851 1254 nam
884 1208 1281 1268 concupiscentiam
1303 1208 1469 1251 nescie-

71 1296 91 1319 »
114 1278 214 1322 bam
234 1314 244 1333 ,
283 1279 363 1322 nisi
404 1282 488 1323 Lex
527 1281 691 1324 diceret
725 1300 733 1324 z
766 1282 865 1325 Non
898 1279 1191 1338 concupisces.
1229 1279 1468 1322 Occasione

71 1367 91 1390 »
116 1358 259 1393 autem
280 1359 455 1409 accepta
478 1360 706 1410 peccatum
729 1365 805 1409 per
827 1351 1081 1394 mandatum
1100 1357 1325 1408 operatum
1347 1349 1468 1392 estin

71 1437 90 1461 »
112 1435 182 1463 mc
205 1435 378 1464 ornnem
401 1422 813 1480 concupiscentiam.
838 1440 858 1462 »
889 1424 998 1465 Item
1017 1419 1149 1480 paulo
1166 1428 1263 1479 post
1290 1438 1298 1463 ε
1327 1438 1347 1460 «
1366 1422 1469 1463 Pec-

70 1507 91 1530 »
112 1499 275 1544 catum,
300 1490 458 1550 inquit,
486 1500 661 1550 accepta
681 1494 906 1535 occasione
930 1506 1008 1549 per
1035 1488 1289 1533 mandatum
1309 1487 1468 1532 fefellit

72 1577 92 1600 »
112 1575 182 1603 me
198 1596 208 1615 ,
230 1570 274 1604 et
298 1576 376 1619 per
399 1561 510 1605 illud
534 1561 710 1606 occidit.
744 1565 894 1620 Itaque
914 1563 1000 1604 Lex
1022 1559 1201 1620 quidem
1226 1567 1370 1602 sancta
1389 1593 1399 1612 ,
1426 1566 1469 1602 et

73 1631 370 1675 »mandatum
399 1642 595 1676 sanctum
632 1642 674 1676 et
703 1634 870 1692 justum
905 1640 948 1675 et
984 1631 1165 1675 bonum.
1204 1627 1333 1683 Quod
1365 1643 1467 1686 ergo

71 1719 90 1741 »
113 1701 275 1745 bonum
300 1711 378 1755 est,
403 1702 509 1746 mihi
528 1703 696 1746 factum
720 1711 784 1746 est
799 1717 913 1746 mors
928 1703 946 1745 P
964 1701 1091 1745 Absit
1110 1720 1117 1744 :
1139 1700 1214 1744 sed
1237 1708 1467 1758 peccatum

71 1780 164 1815 »ut
192 1782 399 1830 appareat
430 1782 660 1831 peccatum
694 1788 771 1832 per
803 1774 969 1817 bonum
996 1772 1102 1815 mihi
1141 1779 1370 1829 operatum
1406 1777 1469 1813 est

71 1860 91 1883 »
115 1851 298 1886 mortem
320 1844 352 1884 ³.
380 1861 400 1884 »
427 1844 627 1888 Attendis
646 1842 1019 1904 quemadmodum
1045 1845 1159 1900 Lege
1177 1841 1369 1894 laudata,
1396 1854 1468 1884 eos

68 1912 145 1971 qui
174 1913 217 1956 in
251 1915 366 1970 Lege
404 1923 506 1957 sunt
539 1915 700 1970 arguit,
727 1922 947 1973 quotquot
972 1928 1020 1956 ea
1053 1911 1166 1954 male
1198 1909 1364 1954 utendo
1391 1924 1468 1968 per

69 1984 235 2026 bonurn
262 1984 484 2028 habebant
512 1983 692 2028 malum:
724 1987 830 2028 {tem
857 1985 948 2042 ipse
982 1981 1215 2041 Apostolus
1240 1981 1466 2025 scientiam

70 2056 306 2113 quamdam
329 2070 379 2097 ex
402 2058 516 2113 Lege
532 2090 542 2108 ,
567 2070 700 2115 quarn
734 2064 776 2098 et
805 2070 849 2098 se
875 2054 1038 2097 habere
1061 2053 1234 2097 dicebat
1261 2060 1303 2095 et
1329 2050 1434 2094 alios
1452 2085 1463 2104 ,

70 2125 160 2167 sine
178 2124 389 2168 charitate
412 2134 556 2168 tamen
573 2125 773 2168 inutilem
797 2124 902 2169 dicit
917 2133 959 2168 et
981 2124 1170 2168 noxiam.
1194 2142 1213 2163 «
1236 2125 1298 2165 De
1311 2121 1468 2165 sacrifi-

75 2212 95 2235 »
119 2194 210 2248 ciis,
231 2194 391 2254 inquit,
413 2194 631 2239 idolorum
654 2195 813 2239 scimus
843 2195 945 2255 quia
969 2209 1118 2238 ornnes
1139 2192 1361 2236 scientiam
1385 2192 1467 2235 ha-

75 2283 94 2305 »
125 2265 292 2308 bemus.
321 2266 504 2310 Scientia
528 2266 664 2319 inflat,
680 2267 865 2310 charitas
887 2280 990 2309 vero
1012 2261 1467 2308 aedificat⁴.»Proinde

74 2344 118 2378 et
156 2337 234 2379 ista
263 2335 441 2379 scientia
474 2337 670 2395 quamvis
699 2336 751 2380 ad
790 2339 947 2394 Legem
983 2336 1059 2378 Dei
1089 2334 1328 2393 pertineat,
1360 2333 1392 2375 si
1425 2333 1470 2374 in

73 2405 220 2464 aliquo
244 2406 335 2449 sine
358 2407 565 2450 charitate
591 2406 736 2460 fuerit,
760 2408 883 2450 inflat
908 2416 950 2450 et
973 2415 1114 2449 nocet.
1141 2402 1273 2457 Quid,
1296 2403 1349 2446 de
1374 2403 1467 2461 ipso

74 2491 255 2534 corpore
279 2484 322 2519 et
346 2477 556 2534 sanguine
587 2477 788 2529 Domini,
814 2477 945 2519 unico
976 2475 1184 2519 sacrificio
1219 2488 1296 2532 pro
1329 2471 1466 2516 salute

75 2555 219 2590 nostra
237 2580 247 2599 ,
272 2546 470 2605 quamvis
487 2547 578 2605 ipse
604 2546 812 2591 Dominus
835 2545 948 2590 dicat
971 2565 979 2590 :
1009 2564 1028 2587 «ι
1049 2545 1137 2589 Nisi
1155 2544 1252 2604 quis
1276 2543 1465 2588 mandu-

127 2632 136 2648 ¹
159 2632 249 2661 Rom.
271 2641 317 2671 in,
343 2641 390 2662 ιο.
406 2647 445 2654 ·—
462 2630 573 2662 ²11›3‹{.
597 2642 698 2672 19.-
714 2628 726 2653 3
745 2631 790 2662 ld.
812 2641 865 2670 vn,
886 2640 915 2669 7.
933 2628 1000 2658 -4
1026 2641 1036 2661 ι
1057 2631 1130 2662 Cor.
1160 2639 1228 2663 vin.
1256 2639 1284 2661 ι.
