1825 3264
349 208 430 246 218
779 214 812 243 s.
849 214 1080 247 Ateus-run
1112 216 1293 245 131²1scor1

347 282 449 341 quia
470 280 749 323 innocentem
773 279 924 325 orbem
948 288 1157 324 terrarum
1178 314 1189 334 ‚
1216 279 1288 324 cui
1322 279 1419 322 haec
1440 278 1738 324 demonstrare

347 353 415 396 vel
434 349 671 394 noluerunt
690 349 760 394 vel
777 365 868 394 non
890 358 1153 409 potuerunt,
1178 349 1379 393 deserere
1393 363 1484 392 non
1497 348 1731 395 debebant.

406 423 483 465 VI.
511 422 689 473 Quaerat
709 419 889 467 fortasse
912 418 1068 479 aliquis
1087 454 1098 474 ,
1135 427 1179 462 et
1206 417 1324 462 dicat
1357 417 1464 463 mihi
1486 436 1495 463 ι
1521 419 1612 464 Cur
1632 433 1734 477 ergo

345 491 425 535 ista
449 491 512 536 vis
531 489 690 534 auferri
706 489 761 534 de
781 490 923 534 medio
943 524 954 544 ,
984 488 1163 550 quando
1185 488 1437 533 communio
1453 496 1545 542 tua,
1569 488 1738 535 etiamsi

345 561 639 622 proterantur,
666 560 826 605 invicta
851 562 946 604 est?
968 559 1083 613 Quia
1103 558 1206 604 nolo
1220 559 1423 603 humanis
1443 558 1735 615 documentis,

345 630 421 675 sed
456 630 612 675 divinis
650 630 834 677 oraculis
867 639 1060 674 sanctam
1094 628 1333 673 Ecclesiam
1357 629 1661 675 demonstrari.
1694 628 1738 674 Si

347 702 461 745 enim
480 710 640 745 sanctae
654 701 889 760 Scripturae
908 701 950 743 in
967 699 1112 744 Africa
1134 700 1223 744 sola
1239 699 1578 758 designaverunt
1591 698 1739 744 Eccle-

346 772 475 826 siam,
511 781 554 816 et
575 772 620 814 in
638 773 788 830 paucis
809 774 960 815 Romae
983 771 1285 830 Cutzupitanis
1308 770 1376 814 vel
1406 770 1707 815 Montensibus
1722 803 1734 825 ‚

346 851 389 885 et
419 843 463 885 in
501 842 634 886 domo
672 841 741 886 vel
776 841 1036 901 patrimonio
1070 842 1197 885 unius
1233 841 1436 900 Hispanae
1465 840 1658 884 mulieris
1680 842 1694 866 ¹
1723 859 1735 898 3

345 911 562 972 quidquid
596 913 651 956 de
688 913 848 956 chartis
880 911 971 956 aliis
1004 911 1122 955 aliud
1157 910 1405 970 proferatur
1425 945 1436 965 ‚
1462 925 1551 955 non
1587 918 1739 955 tenent

343 981 583 1028 Ecclesiam
607 983 688 1027 nisi
713 984 961 1027 Donatistae.
999 982 1042 1027 Si
1065 982 1109 1025 in
1133 983 1280 1041 paucis
1308 982 1469 1027 Mauris
1502 981 1736 1040 provinciae

344 1053 616 1096 Caesariensis
649 1067 745 1096 eam
771 1061 917 1096 sancta
953 1052 1175 1110 Scriptura
1198 1051 1460 1096 determinat
1481 1072 1492 1109 3
1515 1051 1570 1095 ad
1592 1054 1738 1108 Roga-

343 1122 462 1165 tistas
487 1121 801 1165 transeundum
829 1130 906 1165 est.
932 1122 975 1166 Si
996 1123 1038 1165 in
1062 1122 1210 1180 paucis
1232 1121 1508 1182 Tripolitanis
1529 1130 1573 1166 et
1597 1124 1735 1178 Byza-

342 1193 458 1236 cenis
473 1202 515 1235 et
532 1192 875 1236 Provincialibus
889 1214 899 1250 3
915 1193 1242 1237 Maximianistae
1257 1192 1312 1237 ad
1324 1208 1416 1236 eam
1425 1201 1733 1252 pervenerunt.

346 1263 387 1307 Si
405 1263 450 1306 in
480 1262 579 1307 solis
601 1262 894 1307 Orientalibus
917 1284 927 1320 3
955 1262 1069 1307 inter
1092 1263 1272 1307 Arianos
1295 1271 1339 1307 et
1369 1262 1667 1307 Eunomianos
1694 1270 1738 1307 et

342 1332 705 1387 Macedonianos‚
732 1343 774 1377 ct
804 1334 838 1377 si
874 1334 949 1393 qui
978 1333 1066 1378 illic
1098 1334 1168 1377 alii
1206 1343 1340 1387 sunt,
1370 1333 1631 1394 requirenda
1653 1341 1732 1378 est.

342 1403 448 1455 Quis
482 1412 625 1446 autem
655 1404 787 1461 possit
820 1403 1012 1462 singulas
1035 1419 1230 1464 quasque
1258 1405 1441 1448 haereses
1479 1417 1737 1448 enumerare

342 1473 538 1531 gentium
561 1473 864 1532 singularum?
888 1475 930 1518 Si
954 1485 1099 1519 autem
1117 1475 1278 1520 Christi
1293 1474 1481 1519 Ecclesia
1503 1475 1737 1519 canonica-

341 1559 438 1587 rum
461 1544 786 1604 Scripturarum
811 1544 965 1589 divinis
988 1555 1030 1589 ct
1044 1547 1290 1590 certissimis
1314 1546 1629 1590 testimoniisin
1642 1561 1738 1590 om-

341 1614 470 1657 nibus
489 1615 695 1672 gentibus
719 1614 945 1674 designata
962 1625 1047 1673 est3
1069 1616 1255 1676 quiquid
1271 1616 1514 1671 attulerint,
1535 1625 1579 1660 et
1596 1616 1738 1660 unde-

341 1699 531 1743 cumque
551 1685 825 1729 recitaverint
851 1686 927 1744 qui
951 1684 1132 1730 dicunt;
1163 1705 1183 1728 «
1211 1689 1324 1730 Ecce
1348 1687 1417 1730 hie
1434 1695 1498 1730 cst
1520 1686 1733 1741 Christus,

344 1773 363 1795 »
383 1770 482 1798 ecce
500 1754 597 1798 ille'2
616 1775 623 1799 ;
644 1774 662 1796 »
681 1756 907 1800 audiamus
928 1757 1088 1815 potius,
1112 1758 1144 1800 si
1168 1772 1267 1801 oves
1288 1758 1378 1816 ejus
1397 1772 1562 1812 summ,
1585 1771 1737 1803 vocem

339 1825 520 1883 pastoris
538 1826 672 1869 nostri
693 1825 873 1869 dicentis
894 1845 902 1870 2
927 1825 1102 1871 «Nolite
1121 1826 1314 1870 credere.
1332 1844 1352 1867 »
1373 1825 1465 1870 Illae
1479 1828 1643 1886 quippe
1654 1827 1736 1871 sin-

340 1893 453 1952 gulae
475 1895 521 1938 in
544 1894 692 1940 multis
715 1896 938 1954 gentibus,
965 1896 1043 1939 ubi
1068 1897 1147 1941 ista
1175 1906 1266 1952 est,
1298 1912 1388 1941 non
1411 1897 1697 1942 inveniuntur
1721 1915 1730 1941 ε

339 1966 432 2009 haec
451 1976 621 2021 autem,
644 1983 742 2026 quae
755 1967 919 2026 ubique
936 1977 1014 2021 est,
1033 1968 1164 2011 etiam
1181 1968 1258 2011 ubi
1275 1967 1361 2011 illae
1379 1977 1481 2012 sunt
1494 1968 1730 2012 iuvenitur.

339 2039 453 2093 Ergo
477 2037 519 2080 in
545 2038 775 2096 Scripturis
793 2038 950 2082 sanctis
973 2036 1190 2082 canonicis
1213 2054 1307 2082 cam
1324 2039 1613 2098 requiramus.

400 2109 498 2149 VII.
527 2109 661 2151 Totus
683 2108 881 2152 Christus
903 2117 1036 2167 caput
1057 2118 1101 2152 et
1122 2124 1280 2168 corpus
1309 2118 1386 2152 est.
1413 2111 1557 2168 Caput
1578 2109 1733 2166 unige-

340 2176 456 2218 nitus
472 2176 546 2219 Dei
564 2177 714 2231 Filius,
735 2187 778 2221 et
797 2192 953 2236 corpus
969 2179 1005 2237 ej
1013 2193 1061 2221 us
1077 2178 1284 2233 Ecclesia,
1306 2194 1488 2237 sponsus
1501 2188 1543 2223 et
1557 2193 1730 2238 sponsa,

340 2244 429 2288 duo
452 2245 495 2288 in
518 2260 644 2288 carne
666 2261 751 2289 una
774 2248 805 2289 ³.
838 2247 1114 2306 Quicumque
1136 2246 1190 2290 de
1212 2248 1304 2306 ipso
1327 2247 1483 2306 capite,
1509 2247 1564 2291 ab
1588 2247 1734 2307 Scrip-

341 2316 448 2360 turis
469 2317 626 2360 sanctis
647 2316 935 2370 dissentiunt,
961 2318 1090 2361 etiam
1119 2318 1154 2360 si
1177 2318 1222 2361 in
1252 2319 1456 2362 omnibus
1478 2318 1584 2363 locis
1607 2319 1731 2364 inve-

342 2385 517 2429 niantur
539 2386 581 2429 in
599 2386 759 2445 quibus
783 2386 972 2431 Ecclesia
994 2388 1216 2446 designata
1238 2399 1302 2434 cst
1316 2424 1326 2444 ‚
1353 2405 1442 2434 non
1464 2400 1566 2436 sunt
1584 2392 1629 2434 in
1646 2393 1732 2435 Ec-

345 2452 485 2497 clesia.
527 2458 582 2500 Et
625 2472 770 2500 rursus
805 2457 1072 2518 quicumque
1102 2458 1156 2502 de
1186 2459 1279 2518 ipso
1316 2461 1457 2520 capite
1497 2461 1730 2521 Scripturis

391 2543 398 2559 ¹
424 2537 562 2569 Lucium.
581 2556 619 2562 —
634 2546 646 2561 2
666 2540 785 2572 Matth.
807 2551 894 2582 xxiv,
913 2541 966 2574 23.
981 2559 1022 2565 —-
1038 2540 1052 2564 3
1079 2540 1194 2584 Ephes.
1221 2554 1255 2582 v,
1274 2544 1329 2585 23,
1350 2545 1401 2577 30.
