1825 3264
379 224 431 260 68
822 234 851 256 s.
891 231 1118 258 ΑυουεΤῙΜ
1154 232 1329 257 El’lscovl

377 299 456 343 nisi
469 298 579 341 forte
592 306 639 340 tu
651 296 1002 340 nobisveniretin
1014 305 1222 349 mentem,
1234 296 1457 356 quomodo
1468 295 1612 354 ipsum
1623 294 1770 341 diabo—

376 368 469 412 lum
482 382 557 411 vos
569 366 812 410 imitemini.
827 365 947 410 Sicut
957 366 1072 409 enim
1086 364 1159 408 ille
1172 374 1320 409 contra
1335 365 1514 410 latorem
1527 365 1653 423 Legis
1667 381 1766 424 pro-

375 438 546 482 ferebat
560 438 694 482 verba
705 437 846 495 Legis,
858 438 917 481 sic
935 447 978 481 et
989 453 1065 481 vos
1077 453 1099 480 e
1112 437 1254 481 verbis
1265 437 1391 496 Legis
1404 436 1613 481 accusatis
1627 437 1769 481 horni-

373 524 449 553 nes
465 523 575 568 quos
591 507 813 566 ignoratis,
839 517 889 551 ut
910 509 985 552 Dei
1001 507 1219 567 promissis
1234 522 1334 567 quae
1354 507 1401 551 in
1417 507 1509 567 ipsa
1528 509 1642 565 Lege
1664 521 1770 551 con-

375 579 532 639 scripta
548 588 650 622 sunt
672 578 890 622 resistatis.
914 577 1076 622 Deinde
1088 577 1245 621 vellem
1262 577 1368 621 mihi
1386 577 1566 632 diceres,
1582 576 1768 622 Confes-

374 666 490 696 sores
518 649 581 694 illi
604 650 752 705 vestri,
775 649 956 710 quando
976 664 1019 693 se
1040 650 1154 709 ipsos
1177 650 1474 709 praecipitant,
1507 649 1578 693 cui
1599 647 1770 694 ducunt

373 721 629 779 martyrium
641 756 653 777 ,
675 730 822 765 utrum
833 721 1005 766 Christo
1018 721 1094 780 qui
1108 719 1208 764 talia
1225 729 1527 779 suggerentem
1541 719 1768 765 diabolum

374 791 550 852 repulit,
573 808 628 836 an
650 794 792 852 potius
822 792 902 851 ipsi
924 791 1100 836 diabolo
1119 827 1129 845 ‚
1156 793 1231 851 qui
1251 790 1353 836 talia
1376 792 1549 837 Christo
1568 790 1770 837 facienda

375 864 622 922 suggessit?
652 867 757 907 Duae
784 872 886 907 sunt
915 863 1098 907 maxime
1128 863 1232 907 viles
1255 872 1388 923 atque
1416 864 1585 907 usitatae
1607 872 1768 908 mortes

373 950 523 978 eorum
542 934 619 993 qui
641 949 684 978 se
707 935 820 994 ipsos
843 934 1115 984 interimunt,
1149 933 1331 994 laqueus
1354 944 1397 977 et
1419 934 1709 993 praecipitium
1733 936 1763 977 ¹.

379 1008 438 1048 Tu
456 1015 571 1048 certe
588 1004 729 1049 dixisti
750 1006 792 1048 in
809 1004 955 1063 primis
973 1004 1168 1063 partibus
1191 1006 1319 1064 hujus
1340 1004 1546 1064 Epistolae
1564 1024 1572 1049 :
1589 1008 1767 1064 Laqueo

373 1075 555 1120 traditor
586 1076 739 1134 periit,
765 1075 971 1134 laqueum
995 1075 1155 1119 talibus
1182 1074 1415 1135 dereliquit
1447 1095 1455 1119 :
1482 1076 1565 1120 hoc
1600 1075 1655 1119 ad
1688 1091 1766 1120 nos

375 1147 556 1190 omnino
594 1161 683 1189 non
718 1146 922 1204 pertinet.
961 1147 1113 1205 Neque
1143 1146 1258 1189 enim
1292 1160 1553 1190 veneramur
1589 1146 1767 1190 nomine

373 1219 617 1273 Martyrum
636 1231 723 1270 eos,
742 1216 818 1275 qui
842 1216 923 1259 sibi
946 1215 1109 1260 collum
1134 1214 1394 1275 ligaverunt.
1422 1219 1597 1270 Quanto
1619 1227 1766 1261 autem

375 1301 452 1330 nos
473 1286 744 1345 probabilius
770 1286 815 1328 in
838 1301 912 1329 vos
942 1285 1150 1341 dicimus,
1182 1287 1386 1345 Magister
1422 1287 1640 1332 traditoris
1669 1288 1765 1333 dia·

375 1356 501 1400 bolus
519 1356 808 1415 praecipitium
831 1357 1004 1401 Christo
1026 1356 1206 1400 suadere
1227 1356 1388 1413 voluit,
1406 1368 1449 1402 et
1469 1358 1667 1418 repulsus
1683 1369 1759 1404 est.

375 1425 490 1479 Quid
515 1441 617 1484 ergo
635 1425 808 1469 dicendi
832 1436 949 1480 sunt,
965 1427 1125 1486 quibus
1147 1427 1230 1471 hoc
1252 1428 1386 1472 suasit
1407 1437 1449 1472 et
1471 1428 1646 1473 auditus
1667 1439 1729 1474 est
1746 1432 1793 1479 9„

374 1496 480 1556 quid
502 1497 635 1550 enim,
662 1498 741 1540 nisi
763 1497 923 1541 inimici
946 1498 1120 1551 Christi,
1147 1498 1272 1542 amici
1288 1507 1432 1542 autem
1457 1498 1620 1543 diaboli
1643 1520 1654 1558 3
1678 1499 1762 1544 dis-

375 1566 508 1627 cipuli
525 1567 779 1622 seductoris,
795 1567 1080 1627 condiscipuli
1097 1568 1341 1613 traditoris?
1361 1571 1628 1629 Spontaneas
1646 1571 1762 1615 enim

375 1647 533 1682 mortes
557 1639 610 1682 ab
633 1654 722 1683 uno
744 1639 946 1696 magistro
965 1640 1139 1699 utrique
1158 1639 1420 1695 didicerunt,
1437 1641 1511 1685 ille
1533 1633 1758 1702 laqueum,

376 1710 443 1753 isti
463 1710 766 1769 praecipitium.

431 1783 563 1825 CXV.
603 1785 806 1825 PET1L1.m
818 1800 861 1825 us
892 1782 1000 1825 dixit
1028 1801 1035 1825 :
1066 1802 1085 1824 «
1114 1782 1196 1826 Sed
1221 1792 1269 1826 ut
1297 1792 1436 1827 vestra
1465 1782 1633 1842 singula
1662 1784 1761 1828 des-

375 1862 583 1906 truamus,
601 1853 633 1895 si
649 1851 888 1896 sacerdotes
907 1867 980 1896 vos
998 1852 1154 1905 dicitis,
1175 1853 1234 1896 sic
1250 1869 1270 1896 a
1288 1853 1474 1898 Domino
1487 1857 1577 1899 Deo
1592 1854 1759 1899 dictum

371 1934 430 1967 est
456 1939 530 1982 per
550 1923 827 1982 Prophetam,
851 1923 964 1967 Ultio
986 1923 1156 1967 Domini
1171 1939 1300 1982 super
1318 1923 1445 1968 falsos
1467 1925 1756 1970 sacerdotes.»

427 1995 584 2038 CXVI.
621 1997 896 2037 Auansmus
921 1992 1143 2052 respondit
1168 2013 1176 2037 :
1203 1996 1359 2046 Quaere
1385 1996 1528 2054 potius
1551 1995 1658 2055 quid
1681 2011 1758 2040 ve-

369 2079 467 2108 rum
488 2064 620 2117 dicas,
647 2080 736 2108 non
754 2063 872 2108 unde
887 2063 1117 2108 maledicas
1139 2085 1150 2122 3
1171 2066 1334 2125 etquid
1351 2065 1523 2121 doceas,
1548 2081 1637 2111 non
1650 2066 1759 2126 quid

369 2134 563 2193 objicias.

427 2207 605 2250 CXVII.
634 2208 895 2248 Pisum-imus
917 2204 1024 2248 dixit
1051 2225 1059 2249 ;
1086 2225 1105 2246 «
1134 2206 1175 2249 Si
1201 2205 1452 2251 cathedram
1474 2208 1597 2252 vobis
1615 2208 1758 2252 miseri

368 2276 621 2329 vindicatis,
646 2285 695 2319 ut
723 2276 919 2333 superius
948 2274 1133 2319 diximus
1159 2297 1170 2333 3
1203 2277 1370 2321 habetis
1405 2277 1523 2323 illam
1559 2278 1757 2338 profecto

370 2362 500 2405 quam
536 2345 670 2389 David
708 2346 918 2404 propheta
946 2345 1302 2406 psalmographus
1324 2348 1582 2406 pestilentiae
1603 2350 1756 2394 cathe-

372 2416 493 2459 dram
524 2416 821 2474 pronuntiavit
844 2417 860 2440 ²
887 2435 894 2459 :
918 2416 1041 2459 vobis
1073 2416 1187 2460 enim
1218 2418 1334 2476 juste
1369 2418 1516 2463 relicta
1538 2428 1616 2475 est,
1652 2421 1755 2480 quia

372 2500 465 2528 eam
488 2487 621 2529 sancti
644 2486 791 2530 sedere
815 2501 901 2530 non
920 2496 1112 2544 possunt.
1144 2505 1162 2527 »

420 2578 424 2590 ¹
451 2571 559 2601 Mattlv.
583 2572 784 2609 xxv1.,1‘›.—
803 2580 812 2592 ³
836 2572 914 2603 Psal.
935 2584 956 2611 ι,
982 2584 1007 2603 1.
