1825 3264
370 199 452 238 206
816 209 848 234 s.
886 206 1115 235 Aucusnm
1147 208 1328 235 131‘18001’1

371 293 390 316 »
415 273 722 326 sanctificaret,
755 272 971 316 mundans
993 287 1086 316 eam
1109 273 1280 317 lavacro
1301 287 1426 332 aquae
1448 272 1493 315 in
1514 271 1650 316 verbo
1665 273 1695 316 ¹.
1723 290 1744 314 »

369 345 411 389 Si
434 358 536 402 ergo
559 341 866 401 Evangelium,
891 342 1011 403 quod
1032 344 1089 387 ita
1113 342 1271 387 Christi
1289 351 1367 397 est,
1385 342 1577 400 utpossit
1597 351 1642 386 et
1662 342 1750 386 mi·-

365 413 498 457 nister
520 423 697 473 propter
718 428 877 457 munus
910 413 1243 473 dispensationis
1263 412 1406 457 dicere
1427 428 1555 457 suum
1571 448 1582 468 ‚
1606 421 1750 472 potest

364 485 497 530 homo
520 486 649 530 etiam
672 501 750 545 per
765 485 929 529 malum
952 484 1294 544 dispensatorem
1309 485 1400 528 sine
1421 484 1613 544 periculo
1633 484 1749 529 acci-

364 571 486 615 pere,
509 555 670 601 faciens
697 556 816 617 quod
837 557 968 612 dicit,
996 556 1115 616 quod
1138 565 1284 600 autem
1315 554 1418 600 facit
1438 571 1527 601 non
1549 555 1709 601 faciens
1736 574 1746 601 :

361 637 528 688 quanto
550 629 684 687 magis
711 628 972 687 baptismum
995 628 1179 683 Christi,
1206 643 1335 687 quem
1360 642 1490 671 nemo
1512 626 1748 686 Apostolo-

361 713 458 742 rum
481 700 540 743 ita
556 699 837 755 ministravit,
858 709 908 744 ut
923 698 1103 744 auderet
1124 698 1266 743 dicere
1289 713 1416 742 suum
1429 733 1441 754 ‚
1462 707 1605 757 potest
1623 699 1747 760 quis-

359 785 446 830 que
475 771 566 815 sine
590 771 846 829 contagione
880 771 981 815 mali
1017 771 1202 815 ministri
1237 770 1488 831 percipere,
1514 771 1591 831 qui
1628 771 1745 816 bona

358 840 444 885 fide
459 840 626 886 accedit
639 842 694 886 ad
706 842 944 886 Christum.

417 914 575 956 LXIX.
612 913 800 956 Proinde
821 914 854 957 si
880 912 1127 967 Petilianus,
1154 927 1254 956 cum
1279 927 1360 971 ego
1395 927 1494 972 quae
1523 911 1670 970 posuit
1689 910 1746 955 de

361 983 592 1042 Scripturis
622 984 888 1039 testimonia,
915 999 1048 1044 quam
1071 994 1221 1028 contra
1243 999 1321 1028 nos
1350 999 1439 1027 non
1463 992 1631 1038 essent,
1656 998 1748 1027 non

357 1055 702 1112 praetermiserim
727 1053 1045 1111 demonstrare,
1076 1055 1166 1113 ipse
1181 1070 1281 1113 quae
1303 1054 1450 1112 posui,
1475 1055 1634 1112 partim
1655 1068 1748 1097 om-

357 1123 462 1167 nino
493 1139 582 1168 non
605 1125 769 1183 attigit,
795 1125 951 1183 partim
972 1140 1072 1184 quae
1096 1133 1280 1169 tractare
1300 1123 1464 1179 voluit,
1489 1123 1600 1168 nihil
1626 1122 1748 1168 aliud

357 1208 400 1237 se
431 1210 562 1254 quam
601 1195 717 1238 exire
754 1194 856 1239 inde
892 1211 982 1239 non
1014 1196 1204 1255 potuisse
1240 1195 1498 1240 monstravit
1523 1214 1533 1239 ε
1558 1210 1648 1239 non
1670 1193 1747 1238 diu

356 1265 561 1310 hortandi
603 1267 702 1310 estis
734 1266 804 1310 vel
840 1266 1127 1322 admonendi,
1157 1276 1205 1311 ut
1235 1266 1415 1311 videatis
1438 1264 1545 1326 quid
1573 1275 1743 1320 tenere,

356 1337 463 1397 quid
480 1352 631 1382 cavere
652 1338 860 1382 debeatis.
875 1338 959 1383 Sed
971 1337 1082 1383 forte
1095 1340 1140 1382 in
1155 1348 1402 1383 sanctarum
1423 1337 1744 1396 Scripturarum

355 1407 611 1452 testimoniis
647 1407 744 1452 talis
768 1409 992 1468 apparuit,
1029 1409 1075 1452 in
1098 1409 1162 1452 his
1183 1424 1286 1453 vero
1310 1407 1585 1452 documentis
1602 1441 1613 1462 ,
1645 1421 1745 1467 quae

356 1476 467 1521 inter
484 1479 680 1523 homines
704 1478 759 1523 de
784 1480 878 1538 ipso
899 1480 1129 1523 schismate
1145 1489 1262 1538 gesta
1283 1488 1385 1523 sunt
1402 1477 1569 1539 aliquid
1586 1476 1744 1522 valuit?

357 1551 450 1593 Imo
483 1565 585 1594 vero
616 1559 659 1594 et
695 1552 740 1594 in
773 1552 860 1605 his,
886 1566 1138 1612 quanquam
1175 1560 1272 1610 post
1308 1551 1453 1595 divina
1495 1548 1743 1594 testimonia

354 1622 577 1679 superfluo
600 1622 892 1682 requirantur,
916 1622 1022 1682 quid
1041 1623 1399 1668 commemoravit
1421 1631 1495 1666 aut
1512 1621 1622 1682 quid
1643 1635 1744 1680 pro-

355 1693 509 1736 bavit?
541 1693 624 1745 Qui
656 1708 755 1737 cum
784 1694 933 1737 fuisset
962 1695 1146 1751 graviter
1183 1694 1227 1737 in
1261 1693 1488 1737 traditores
1515 1693 1740 1746 invectus,
1802 1744 1804 1749 ,

355 1772 398 1806 et
419 1763 557 1807 multa
580 1764 624 1806 in
647 1778 719 1807 eos
745 1764 875 1807 etiam
900 1764 954 1807 de
971 1765 1127 1808 sanctis
1145 1764 1284 1808 Libris
1307 1765 1553 1808 testimonia
1569 1761 1742 1822 procla·
1802 1766 1803 1769 ’

355 1842 512 1876 massot
526 1868 537 1888 ,
562 1833 671 1877 nihil
697 1842 840 1877 tamen
865 1832 975 1878 dixit
996 1835 1114 1878 unde
1136 1849 1207 1878 eos
1228 1834 1478 1878 ostenderet
1493 1832 1738 1878 traditores.

355 1905 447 1961 Ego
471 1913 615 1948 autem
638 1906 972 1949 commemoravi
997 1905 1233 1962 Sylvanum
1256 1905 1498 1950 Cirtensem
1515 1939 1525 1959 ,
1545 1905 1617 1948 cui
1636 1903 1739 1963 qui-

355 1973 538 2018 busdam
582 1975 846 2034 interpositis
879 1976 1008 2019 etiam
1048 1975 1138 2034 ipse
1180 1976 1383 2020 successit
1403 2010 1413 2029 ,
1455 1990 1554 2018 cum
1599 1974 1742 2018 adhuc

354 2053 461 2088 esset
494 2044 800 2099 subdiaconuS,
825 2046 964 2089 Gestis
1006 2046 1342 2104 municipalibus
1382 2059 1630 2104 expressum
1652 2057 1742 2088 esse
1796 2094 1798 2102 s

354 2114 622 2160 traditorem.
648 2117 810 2160 Contra
832 2116 915 2160 hoc
944 2115 1017 2159 ille
1040 2117 1197 2160 mutire
1217 2115 1282 2159 nil
1304 2131 1432 2160 ausus
1454 2124 1531 2160 est.
1555 2117 1611 2159 Et
1633 2128 1739 2174 pro·
1796 2133 1800 2170 ρ

354 2183 468 2228 fecto
491 2184 671 2240 videtis,
709 2195 872 2245 quanta
911 2201 1012 2229 eum
1044 2186 1319 2230 necessitudo
1359 2185 1654 2244 compellebat
1684 2183 1741 2228 ad

354 2255 705 2314 respondendum
719 2290 729 2310 ,
746 2265 794 2299 ut
811 2255 1011 2299 videlicet
1029 2256 1388 2314 praedecessorem
1413 2271 1540 2300 suum
1553 2290 1564 2309 ,
1588 2263 1631 2298 et
1651 2267 1742 2298 non
1759 2307 1766 2310 μ

353 2324 493 2371 solum
517 2327 788 2382 consocium,
814 2326 888 2371 sed
912 2336 960 2370 ut
991 2328 1050 2371 ita
1072 2326 1238 2381 dicam,
1265 2327 1396 2371 etiam
1422 2324 1740 2371 concathedra-
1792 2319 1794 2372 Ῑ

352 2411 484 2440 neum
506 2397 782 2441 innocentem
807 2413 830 2441 a
851 2397 1033 2441 crimine
1054 2397 1297 2442 traditionis
1326 2396 1591 2451 ostenderet,
1623 2411 1737 2456 prae-

352 2467 498 2511 sertim
532 2483 633 2512 cum
673 2476 807 2513 totam
844 2482 1015 2513 eausam
1042 2476 1226 2512 vestram
1264 2468 1326 2513 ibi
1367 2466 1665 2522 constituatis,
1690 2471 1739 2510 ut

399 2555 406 2572 ¹
431 2550 545 2593 Ephes,
565 2562 599 2592 v,
619 2551 671 2584 ⁴25.
1797 2534 1799 2539 Ι
