1825 3264
319 249 480 277 comma
512 249 714 276 LITTERAS
746 250 981 288 rex-immi,
1017 252 1098 277 Lm.
1139 252 1187 276 ιι.
1392 239 1441 277 47

67 323 158 359 tum
191 315 251 358 vis
274 333 282 358 :
307 314 352 358 iu
373 329 459 374 qua
491 327 644 371 magna
667 314 875 358 sermonis
905 314 1137 359 latitudine
1167 330 1254 358 uno
1279 315 1444 359 brevis-

63 384 172 429 simo
193 384 327 432 verbo
347 383 468 443 quod
483 384 662 429 dicitur:
688 383 845 438 Proba,
873 385 916 427 in
938 386 1194 430 arctissimas
1215 386 1448 430 coarctaris

64 455 293 514 angustias.
313 456 405 500 Hoc
424 454 540 500 enim
563 454 642 499 tibi
665 454 769 499 dicit
785 469 932 497 semen
946 454 1150 509 Abrahae,
1175 456 1220 499 in
1240 472 1329 516 quo
1346 472 1448 500 cum

65 539 213 569 omnes
231 533 379 583 gentes
394 523 730 578 benedicuntur,
757 539 845 568 non
863 533 1019 568 curant
1038 539 1138 568 cum
1158 540 1180 567 a
1204 535 1245 568 te
1267 525 1449 570 maledi-

65 603 239 640 cuntur.
258 594 342 639 Sed
358 603 503 639 tamen
519 596 618 655 quia
632 594 687 638 de
701 595 916 653 baptismo
930 596 1036 653 agis,
1053 609 1182 655 quem
1204 604 1309 639 tune
1328 606 1452 654 putas

66 680 156 710 esse
173 680 339 719 verum,
364 681 463 710 cum
482 666 527 709 in
549 665 857 725 hominejusto
879 675 942 710 est
963 686 974 722 3
1000 664 1159 710 falsum
1184 675 1329 709 autem
1352 681 1452 710 cum

65 735 109 779 in
123 735 298 779 homine
315 735 467 794 iniquo
479 744 543 779 est
563 754 572 780 z
590 750 691 780 ecce
706 745 748 780 et
764 751 845 794 ego
863 734 1103 779 secundum
1125 745 1243 779 tuam
1258 734 1454 793 regulam

3 815 5 817 “
65 805 100 849 si
120 805 348 850 discutiam
371 805 636 865 baptismum
659 806 894 860 Trinitatis,
919 806 1150 864 copiosius,
1177 815 1226 849 ut
1248 806 1451 860 arbitror,

68 884 218 934 potero
233 875 392 930 dicere,
412 875 529 936 quod
549 892 636 921 non
653 876 813 920 habeat
831 880 965 920 Deum
985 879 1171 931 Patrem,
1190 877 1282 921 cui¹
1300 878 1456 920 Comes

67 954 130 990 est
155 948 289 990 Deus:
318 961 398 990 nec
417 946 638 991 Christum
661 962 785 990 suum
810 946 975 1001 credat,
1003 947 1081 991 nisi
1105 962 1183 1006 pro
1206 962 1294 1007 quo
1313 961 1457 1003 passus

68 1026 150 1062 cst:
166 1032 246 1062 nec
265 1017 470 1077 Spiritum
491 1028 688 1062 sanctum
707 1019 881 1073 habeat,
897 1019 974 1078 qui
991 1018 1121 1077 longe
1142 1019 1312 1062 diverso
1326 1017 1459 1062 modo

67 1086 225 1145 linguis
257 1088 392 1146 igneis
428 1088 714 1132 miserabilem
750 1087 940 1134 Africam
981 1089 1190 1134 incendit.
1225 1088 1458 1142 Quomodo

68 1173 170 1216 ergo
200 1159 364 1202 habent
395 1159 680 1218 baptismum,
706 1169 781 1203 aut
809 1159 1034 1219 quomodo
1066 1159 1174 1203 dant
1207 1159 1251 1203 in
1282 1159 1458 1204 nomine

71 1230 207 1274 Patris
229 1239 272 1274 et
295 1229 391 1274 Filii
413 1240 456 1274 et
479 1231 663 1289 Spiritus
681 1231 819 1275 sancti
841 1233 859 1274 P
879 1233 1008 1275 Certe
1022 1232 1112 1290 jam
1131 1231 1316 1274 advertis
1335 1245 1459 1289 posse

70 1298 114 1342 in
139 1299 315 1344 homine
334 1300 488 1360 iniquo
508 1315 620 1354 esse,
637 1299 706 1343 vel
723 1300 778 1342 ab
802 1301 980 1344 homine
1003 1301 1153 1359 iniquo
1175 1300 1268 1344 dari
1291 1300 1459 1358 baptis-

73 1385 210 1424 mum,
225 1385 313 1415 non
329 1370 546 1430 iniquum,
567 1369 822 1431 sedjustum
842 1380 885 1414 et
902 1386 1054 1415 verum
1074 1391 1085 1427 ς
1110 1387 1198 1414 non
1220 1370 1323 1430 quia
1344 1370 1460 1414 illius

71 1449 149 1494 est,
173 1439 247 1484 scd
266 1441 367 1500 quia
392 1441 466 1484 Dei
485 1450 563 1485 est.
594 1443 650 1484 Et
676 1456 756 1500 ego
779 1441 857 1485 tibi
878 1440 933 1485 de
956 1442 1036 1485 isto
1060 1440 1169 1484 nihil
1187 1440 1458 1497 calumnior,

70 1511 191 1570 quod
209 1520 256 1556 tu
271 1511 326 1556 de
344 1511 487 1556 nescio
501 1511 662 1572 quibus
684 1512 778 1556 orbi
804 1521 1011 1556 terrarum
1037 1512 1178 1556 facere
1194 1511 1283 1556 non
1305 1526 1458 1565 cessas,

71 1590 114 1625 et
134 1582 254 1641 quod
289 1591 353 1626 est
384 1581 722 1636 intolerabilius,
760 1598 840 1626 nec
869 1581 923 1626 de
954 1583 1054 1641 ipsis
1089 1581 1253 1642 aliquid
1285 1582 1458 1640 probas.

74 1649 190 1696 Illud
217 1667 320 1696 vero
340 1652 483 1696 neseio
503 1652 726 1712 quomodo
750 1651 923 1696 tolerari
948 1652 1105 1711 possit,
1137 1651 1256 1711 quod
1280 1667 1366 1696 non
1389 1666 1460 1695 so-

72 1721 163 1766 lum
187 1722 435 1766 hominibus
461 1722 619 1767 sanctis
651 1723 705 1766 de
741 1722 991 1766 hominibus
1026 1722 1184 1782 iniquis
1217 1721 1462 1766 calumnia-

74 1792 178 1836 mini
199 1814 211 1850 3
229 1792 305 1837 sed
326 1794 455 1838 etiam
483 1793 562 1853 ipsi
591 1803 740 1838 sancto
771 1793 1035 1851 baptismati,
1060 1792 1180 1852 quod
1203 1794 1245 1836 in
1263 1792 1464 1852 quolibet

74 1863 227 1924 iniquo
256 1879 428 1909 neeesse
449 1874 513 1908 est
537 1874 586 1908 ut
607 1874 804 1908 sanctum
828 1864 912 1918 sit,
938 1864 1102 1908 crimen
1125 1879 1176 1907 ex
1206 1865 1464 1921 contagione

74 1945 349 1994 peccatorum
369 1936 595 1980 hominum
612 1936 884 1994 comparatis,
907 1944 956 1978 ut
976 1934 1059 1979 tale
1077 1935 1230 1979 dicatis
1248 1950 1338 1978 esse
1358 1935 1464 1993 bap-

75 2004 215 2060 tisma,
233 2005 372 2066 qualis
388 2015 451 2050 est
466 2006 538 2050 ille
555 2023 578 2050 a
593 2022 682 2066 quo
696 2006 899 2059 habetur,
917 2005 986 2050 vel
1000 2005 1147 2059 datur,
1167 2004 1236 2049 vel
1258 2005 1459 2048 sumitur.

75 2077 209 2120 Porro
229 2077 262 2119 si
285 2075 379 2120 talis
401 2077 455 2120 sit
477 2076 608 2120 homo
639 2075 780 2134 qualis
804 2074 934 2118 [uerit
958 2074 1030 2118 ille
1060 2090 1161 2118 cum
1185 2090 1274 2133 quo
1298 2073 1466 2118 aceedit

77 2145 132 2190 ad
148 2155 310 2200 sancta,
332 2155 375 2190 et
396 2146 498 2190 talia
513 2147 623 2190 fiunt
644 2146 735 2204 ipsa
757 2155 1025 2190 sacramenta
1041 2145 1190 2205 quales
1206 2144 1369 2188 suerint
1393 2145 1466 2188 ho-

77 2216 212 2260 mines
234 2217 279 2261 in
300 2216 460 2276 quibus
481 2226 583 2260 sunt
608 2237 620 2274 3
639 2216 800 2261 suflicit
822 2217 979 2260 sanctis
1000 2215 1252 2259 hominibus
1275 2214 1329 2258 ad
1350 2214 1465 2259 sola-

78 2286 187 2331 tium
219 2302 322 2332 cum
351 2296 502 2333 sancto
529 2287 745 2347 baptismo
777 2286 1068 2331 communiter
1095 2302 1118 2330 a
1156 2285 1276 2330 vobis
1309 2285 1466 2329 falsum

78 2359 241 2402 crimen
263 2357 412 2402 audire
438 2377 446 2402 :
475 2373 547 2401 vos
571 2366 741 2401 tantum
765 2355 909 2401 videte
932 2355 1305 2416 quemadmodum
1325 2365 1467 2399 vestro

78 2442 152 2472 ore
173 2426 457 2483 damnemini,
481 2428 516 2472 si
538 2437 581 2472 et
602 2427 734 2472 sobrii
756 2427 885 2471 vestri
907 2441 958 2470 ex
990 2427 1247 2483 contagione
1270 2425 1467 2470 ebrioso-

80 2513 176 2542 rum
198 2508 440 2544 vestrorum
456 2499 613 2544 ebriosi
629 2508 745 2553 sunt,
767 2508 808 2543 et
827 2495 1122 2542 misericordes
1141 2498 1271 2542 vestri
1294 2512 1345 2541 ex
1368 2512 1467 2556 rap-

132 2590 140 2605 ¹
162 2584 240 2617 Vide
256 2595 362 2628 supra,
380 2594 452 2627 cap.
473 2582 526 2616 23.
