1825 3264
261 282 424 312 com-M
455 283 720 311 cnssscomrm
754 281 1043 322 nouaTrsTAM,
1080 284 1161 310 Lm.
1199 285 1245 310 11.
1372 271 1476 319 377,

75 369 95 393 »
131 351 233 411 quia
265 348 320 395 de
350 349 541 394 Ecclesia
564 358 740 408 propter
772 348 906 392 malos
944 350 1058 393 exire
1080 365 1169 393 non
1203 348 1356 393 debuit
1376 351 1406 392 ¹.
1433 368 1452 391 n

127 421 261 464 XLV.
301 422 463 463 Iterum
500 419 613 474 dico,
650 428 692 463 et
722 431 759 462 te
787 419 842 462 ab
871 419 950 462 hac
979 419 1255 463 invictissima
1293 419 1459 463 ratione

71 489 341 535 dissimulare
379 505 467 534 non
511 491 605 534 sino
628 509 636 534 ε
665 490 706 534 Si
747 504 836 532 non
873 490 1244 534 communicantes
1275 489 1460 549 peccatis

70 559 301 615 malorum,
320 569 497 620 propter
511 561 646 619 ipsam
662 568 833 603 tantum
849 560 1201 604 communionem
1222 575 1460 604 sacramen-

70 640 215 676 torum
238 631 339 675 mali
362 632 552 690 perdunt
575 630 736 687 bonos3
758 629 934 690 curando
953 631 995 673 in
1016 631 1285 689 praeteritum
1307 646 1357 674 ex
1376 631 1461 674 hae-

70 702 152 745 resi
184 701 237 745 ad
273 700 507 745 Ecclesiam
538 701 760 745 venientes
789 701 879 744 sine
910 699 1122 758 baptismo
1145 700 1316 744 admissi
1339 710 1456 756 sunt,

72 771 332 829 contagione
353 788 427 815 sua
450 772 587 815 bonos
609 771 759 830 utique
782 769 1082 829 perdiderunt.
1108 773 1204 814 Jam
1228 780 1333 816 tunc
1355 786 1458 830 ergo

73 857 162 886 non
184 851 276 886 erat
298 841 487 886 Ecclesia
509 876 519 896 ,
545 857 676 901 quam
701 843 944 899 Cyprianus
970 851 1133 885 teneret
1154 877 1164 896 ,
1192 843 1459 902 praedicaret,

69 926 150 955 nec
168 911 286 954 unde
307 920 456 970 postea
480 914 672 955 Donatus
694 911 839 954 exiret.
869 911 909 955 Si
933 920 1077 955 autem
1100 912 1236 955 bonos
1258 913 1459 970 contagio

68 981 142 1025 illa
184 996 272 1025 non
311 980 524 1040 perdidit,
566 997 645 1025 nec
685 996 834 1025 eorum
872 996 981 1041 quos
1022 982 1228 1025 accusatis
1257 984 1460 1041 contagio

70 1052 352 1096 christianum
396 1053 544 1097 orbem
585 1053 764 1112 perdere
806 1052 949 1111 potuit
985 1071 993 1096 :
1025 1052 1160 1096 nolite
1203 1053 1458 1097 calumniari

69 1124 281 1183 separati,
308 1132 351 1167 et
379 1122 433 1167 ad
466 1122 700 1167 Ecclesiam
726 1122 862 1166 redite
884 1123 1080 1167 correcti.
1107 1123 1388 1168 Caecilianum
1418 1133 1462 1169 et

69 1195 208 1239 socios
231 1194 321 1254 ejus
346 1229 356 1248 ‚
383 1203 534 1238 contra
557 1210 666 1253 quos
691 1204 794 1238 tunc
820 1193 1046 1238 Secundus
1071 1194 1331 1253 Tigisitanus
1353 1211 1462 1239 con-

69 1264 198 1308 traxit
227 1261 511 1322 condiditque
537 1264 770 1307 coneilium
793 1299 803 1319 ,
836 1278 1007 1308 necesse
1039 1272 1102 1307 est
1137 1264 1213 1307 tibi
1242 1280 1459 1319 accusare,

71 1333 180 1377 mihi
202 1348 291 1378 non
315 1342 378 1377 est
404 1349 576 1378 necesse
602 1333 854 1378 defendere.
884 1338 1046 1378 Accusa
1070 1350 1141 1379 eos
1163 1337 1336 1394 quantis
1358 1337 1462 1380 viri-

71 1404 151 1448 bus
176 1413 298 1463 potes
319 1423 328 1448 :
355 1404 388 1447 si
410 1404 664 1448 innocentes
687 1403 865 1448 fuerunt
888 1440 897 1459 ,
924 1405 1031 1449 nihil
1054 1406 1112 1450 eis
1136 1414 1346 1466 tanquam
1370 1406 1465 1450 fru-

70 1474 227 1518 mentis
250 1473 392 1518 oberit
413 1475 642 1518 ventositas
663 1484 736 1518 tua
757 1495 765 1519 :
783 1476 816 1518 si
837 1486 1042 1519 nocentes
1062 1474 1256 1529 fuerunt,
1279 1492 1365 1520 non
1386 1477 1466 1521 de-

73 1545 265 1589 buerunt
287 1554 464 1604 propter
486 1544 557 1588 illa
580 1546 739 1589 zizania
759 1545 975 1589 frumenta
993 1546 1147 1599 deseri,
1175 1547 1334 1606 quibus
1358 1548 1467 1591 nihil

73 1613 326 1660 obfuerunt.
360 1618 525 1658 Accusa
550 1625 764 1675 quantum
790 1626 932 1674 potes,
958 1617 1086 1660 vinco
1108 1617 1140 1660 si
1165 1633 1252 1661 non
1282 1618 1438 1676 probas
1454 1653 1465 1673 ,

73 1687 202 1730 vinco
224 1684 257 1727 si
281 1685 437 1741 probas
465 1703 473 1728 :
499 1685 640 1739 vinco,
667 1686 862 1744 inquam,
889 1686 922 1729 si
946 1702 1033 1730 non
1057 1686 1237 1745 probas,
1253 1687 1402 1747 judice
1425 1697 1468 1732 te

75 1756 169 1814 ipso
186 1775 197 1811 3
212 1754 341 1798 vinco
353 1755 385 1797 si
400 1755 573 1813 probas,
591 1765 698 1799 teste
711 1757 945 1814 Cypriane.
963 1756 1078 1808 Quid
1094 1772 1166 1801 eos
1177 1758 1239 1801 vis
1255 1755 1385 1801 fuisse
1397 1759 1415 1801 Ρ
1427 1758 1469 1802 Si

75 1825 341 1878 innoeentes,
361 1839 439 1868 cur
456 1824 685 1868 frumentis
711 1826 956 1879 Dominicis,
977 1841 1075 1869 cum
1099 1827 1187 1870 sitis
1206 1827 1382 1880 zizania,
1397 1843 1472 1871 ca-

76 1895 375 1940 lumniamini?
391 1896 431 1940 Si
446 1906 665 1948 nocentes,
680 1912 788 1939 eura
805 1895 1031 1939 frumentis
1049 1897 1278 1941 Dominicis
1294 1904 1469 1957 propter

75 1966 235 2010 zizania
248 1966 532 2024 separamini?
547 1969 673 2009 Extat
688 1966 875 2010 Ecclesia
890 1969 1056 2011 cunctis
1070 1967 1183 2011 clara
1200 1979 1469 2028 atquecons—

75 2036 199 2096 picua
215 2056 226 2094 3
243 2036 407 2096 quippe
421 2036 568 2079 civitas
582 2052 682 2095 quae
699 2037 904 2080 abscondi
926 2053 1012 2080 non
1034 2047 1173 2096 potest
1191 2050 1322 2097 super
1340 2054 1470 2083 mon·

75 2116 163 2151 tem
176 2107 454 2160 constituta2‚
473 2122 548 2165 per
560 2122 690 2166 quam
707 2108 1160 2152 dominaturChristus
1177 2111 1314 2153 amari
1332 2125 1469 2169 usque

76 2177 129 2221 ad
152 2193 282 2231 mare,
302 2187 384 2220 eta
404 2177 584 2220 flumine
602 2193 740 2236 usque
756 2177 808 2220 ad
830 2178 1035 2221 terminos
1054 2179 1168 2222 orbis
1188 2182 1354 2236 terrae3,
1373 2191 1469 2224 tan-

76 2263 206 2307 quam
223 2262 368 2291 semen
388 2247 575 2291 Abrahae
592 2246 928 2306 multiplicatum
948 2248 1057 2292 sicut
1072 2249 1207 2292 stellae
1223 2249 1340 2305 coeli,
1364 2260 1405 2293 et
1418 2251 1469 2293 si-

76 2327 152 2362 cut
173 2332 301 2362 arena
324 2318 468 2372 maris,
488 2318 533 2361 in
555 2333 644 2378 quo
663 2319 982 2363 benedicuntur
997 2335 1146 2364 omnes
1165 2330 1326 2378 gentes.
1347 2324 1469 2365 Hanc

78 2389 206 2433 etiam
248 2389 400 2432 beatus
442 2389 688 2447 Cyprianus
731 2390 789 2433 ita
822 2390 1121 2444 commendat,
1154 2400 1202 2433 ut
1231 2407 1323 2434 eam
1352 2390 1469 2436 dicat

78 2459 255 2503 Domini
284 2459 380 2502 luce
413 2458 648 2518 perfusam,
676 2459 817 2503 radios
844 2475 942 2503 suos
971 2475 1046 2518 per
1074 2461 1224 2504 orbem
1258 2470 1468 2506 terrarum

78 2531 314 2589 porrigere,
342 2544 481 2574 ramos
501 2545 599 2574 suos
616 2545 692 2589 per
708 2530 948 2574 universam
972 2540 1127 2574 terram
1147 2531 1270 2590 copia
1292 2533 1466 2578 uberta-

131 2622 138 2637 ¹
160 2616 251 2647 Prov·
271 2625 362 2657 xx1v,
379 2615 471 2656 juxta
486 2617 582 2650 Lxx.
602 2632 643 2640 —
660 2622 672 2639 ²
691 2615 804 2650 Matth.
825 2626 860 2657 v,
888 2615 938 2657 ¹4·
953 2633 994 2640 —
1011 2613 1023 2640 3
1041 2616 1118 2649 psal.
1148 2626 1232 2658 txxr,
1250 2617 1284 2650 8.
