1825 3264
365 222 446 261 170
797 229 830 256 s.
866 225 1098 256 Aucus-nm
1131 226 1312 256 zrlscom

359 294 699 358 propositionem
721 300 853 352 atque
872 291 1255 350 interrogationem
1281 306 1445 348 meam,
1469 301 1515 338 et
1537 306 1638 338 mox
1658 293 1750 352 ipse

358 368 624 425 interrogare
647 379 715 408 me
736 363 893 423 coepit,
921 363 1069 408 dicens
1099 383 1107 408 :
1142 382 1162 406 «
1187 363 1293 417 Quis
1315 372 1379 408 est
1399 364 1478 408 iste
1494 397 1506 419 ‚
1537 372 1612 409 aut
1631 363 1752 422 unde

359 438 556 498 prosiluit
575 451 707 496 quem
731 435 963 495 proponis?
988 437 1078 480 Cur
1096 434 1176 478 tibi
1199 435 1356 479 videris
1380 433 1527 479 videre
1547 449 1680 494 quem
1699 435 1753 479 si-

357 509 521 562 mulas,
546 524 601 552 ne
624 507 769 553 videas
791 521 891 551 eum
912 521 1042 566 quem
1065 505 1213 550 videre
1240 521 1290 550 ac
1321 504 1535 550 discutere
1566 504 1753 564 diligen-

358 582 518 626 tissime
538 579 697 624 debeas
727 588 768 624 et
791 579 1003 638 probare?
1028 577 1113 623 Sed
1135 578 1238 637 quia
1262 575 1460 635 intelligo
1488 585 1532 621 te
1552 577 1753 636 ignorare

359 651 555 697 ordinem
582 649 864 704 sacramenti,
889 649 971 693 hoc
990 648 1067 692 tibi
1091 647 1280 692 breviter
1301 647 1399 692 dico
1425 665 1435 692 ι
1461 655 1504 692 et
1521 656 1571 692 tu
1591 647 1754 706 baptis-

361 732 447 768 tam
469 721 708 774 discutere,
733 730 776 764 et
797 721 852 764 ab
878 735 929 764 eo
950 719 1107 764 discuti
1123 718 1328 762 debuisti.
1355 735 1376 759 »
1415 717 1530 771 Quid
1547 726 1612 762 est
1631 717 1754 778 quod

360 793 693 852 expectabamus
712 793 729 834 ‘3
766 793 822 835 Ut
860 791 1024 836 diceret
1047 825 1058 845 ,
1102 788 1220 833 unde
1261 788 1468 833 abluatur
1508 787 1754 847 accipientis

358 865 617 908 conscientia
636 898 646 918 ‚
671 863 747 923 qui
770 860 1031 906 maculosam
1050 875 1138 905 non
1161 868 1306 904 sancte
1323 858 1466 903 dantis
1479 859 1650 916 ignorat
1665 892 1677 913 ,
1711 867 1756 904 et

357 934 477 979 unde
507 934 638 979 fidem
675 949 763 978 non
792 942 960 977 reatum
986 931 1193 991 percipiat
1213 965 1223 984 ,
1262 931 1337 990 qui
1364 929 1630 989 baptismum
1651 943 1752 973 nes-

359 1007 475 1051 ciens
496 1022 519 1049 a
543 1006 709 1064 perfido
738 1005 985 1063 sumpserit.
1017 1005 1129 1046 Ecce
1152 1001 1397 1045 audivimus
1425 1000 1654 1058 baptistam
1676 998 1755 1044 de-

357 1077 460 1120 bere
492 1076 817 1133 diligentissime
840 1073 997 1119 discuti
1025 1073 1079 1116 ab
1101 1087 1153 1116 eo
1173 1106 1184 1126 ,
1214 1071 1291 1131 qui
1328 1070 1425 1114 vult
1462 1068 1598 1114 fidem
1619 1070 1754 1129 perci-

357 1164 475 1207 pere,
501 1163 587 1191 non
613 1157 798 1201 reatum,
825 1154 873 1190 ut
892 1145 1085 1189 inveniat
1101 1142 1408 1188 conscientiam
1426 1149 1573 1186 sancte
1591 1141 1751 1197 dantis,

358 1235 456 1278 quae
479 1218 628 1262 abluat
651 1217 916 1277 accipientis.
953 1218 1063 1262 Nam
1083 1215 1160 1274 qui
1180 1229 1270 1258 non
1291 1212 1560 1268 discusserit,
1583 1221 1627 1258 et
1653 1227 1754 1257 nes-

358 1290 475 1334 ciens
498 1305 520 1333 a
539 1289 707 1347 perfido
729 1287 957 1347 acceperit,
978 1302 1029 1331 eo
1046 1287 1139 1344 ipso
1161 1284 1283 1345 quod
1303 1299 1394 1328 non
1416 1282 1633 1338 discussit,
1657 1298 1754 1328 ma-

359 1360 639 1419 culosamque
661 1360 802 1404 dantis
824 1358 1039 1417 ignoravit
1056 1356 1386 1411 conscientiam,
1413 1369 1504 1400 non
1522 1354 1608 1399 fuit
1636 1353 1753 1399 unde

358 1431 490 1474 fidem
520 1430 789 1489 perciperet,
818 1445 908 1473 non
930 1438 1113 1473 reatum.
1139 1427 1254 1481 Quid
1277 1441 1380 1485 ergo
1402 1425 1597 1486 adjuvit,
1631 1424 1754 1486 quod

358 1518 438 1561 pro
462 1517 620 1560 magno
651 1500 818 1545 addidit
839 1535 850 1555 ,
883 1519 903 1542 «
928 1499 1065 1544 sciens
1082 1534 1093 1554 ,
1118 1519 1136 1541 »
1167 1498 1288 1559 quod
1309 1512 1380 1541 me
1402 1496 1754 1543 subtraxisse.ca-

358 1572 596 1617 lumniatus
619 1574 711 1616 est?
740 1574 855 1617 Cum
888 1572 1004 1616 enim
1026 1570 1167 1615 noluit
1190 1571 1247 1614 ita
1264 1568 1350 1613 dici
1380 1587 1390 1614 z
1424 1587 1445 1610 «
1466 1568 1553 1621 Qui
1573 1568 1706 1611 fidem
1729 1582 1754 1612 a

359 1643 526 1703 perfido
544 1643 789 1702 sumpserit,
807 1658 895 1686 non
908 1641 1037 1686 fidem
1058 1641 1257 1701 percipit,
1277 1640 1352 1684 sed
1369 1648 1538 1684 reatum
1558 1657 1568 1683 ε
1591 1658 1608 1680 n
1629 1637 1752 1683 vide-

359 1724 432 1758 tur
455 1714 643 1773 aliquam
666 1729 786 1772 spem
807 1712 1026 1773 reliquisse
1044 1712 1269 1755 nescienti.
1292 1713 1419 1756 Nunc
1437 1724 1540 1755 vero
1561 1723 1662 1754 cum
1681 1708 1752 1752 in·

362 1794 627 1843 terrogatur,
653 1784 770 1829 unde
793 1784 1002 1843 percipiat
1024 1782 1178 1837 fidem,
1203 1782 1278 1841 qui
1293 1782 1486 1826 nesciens
1508 1780 1752 1840 baptizatur

359 1873 382 1900 a
404 1857 572 1915 perfido
600 1876 608 1900 z
638 1855 862 1914 respondit
893 1870 993 1899 eum
1021 1855 1237 1899 discutere
1259 1853 1460 1897 debuisse
1483 1851 1747 1911 baptistam:

358 1927 511 1986 procul
536 1926 671 1970 dubio
702 1926 904 1970 miserum
932 1940 1011 1969 nec
1034 1926 1232 1984 ignorare
1248 1922 1489 1983 permittit,
1514 1936 1604 1966 non
1624 1913 1750 1965 inve'-

360 1997 523 2042 niendo
541 1997 658 2040 unde
680 1996 809 2040 fidem
838 1996 969 2055 possit
985 1996 1194 2054 accipere,
1219 1994 1300 2040 nisi
1323 2008 1443 2054 spem
1463 2007 1587 2038 suam
1607 1992 1655 2037 in
1670 1992 1750 2037 ho-

359 2069 476 2112 mine
500 2068 745 2126 baptizante
764 2067 970 2126 posuerit.

418 2141 627 2183 XXXIII.
664 2141 757 2183 Hoc
780 2149 843 2182 est
862 2138 982 2198 quod
1003 2136 1282 2182 exhorremus
1305 2136 1352 2180 in
1373 2135 1496 2180 vobis
1512 2169 1523 2190 ‚
1548 2134 1633 2178 hoc
1653 2141 1718 2178 est
1733 2167 1746 2188 ,

359 2209 479 2270 quod
502 2209 679 2253 damnat
700 2208 846 2253 divina
867 2209 1106 2263 sententia,
1129 2207 1396 2252 veracissime
1418 2221 1467 2250 ac
1489 2202 1749 2249 manifestis-

359 2281 464 2325 sime
477 2281 666 2324 clamaus
689 2299 697 2324 :
721 2299 740 2321 ι(
758 2279 1015 2324 Maledictus
1033 2278 1172 2323 omnis
1187 2278 1264 2337 qui
1278 2291 1397 2335 spem
1415 2291 1538 2321 suam
1556 2274 1682 2334 ponit
1701 2275 1748 2319 in

364 2371 382 2393 »
401 2352 616 2395 1101ni11e1.
637 2369 656 2391 »
678 2353 771 2394 Hoc
789 2360 851 2393 est
868 2349 987 2409 quod
1006 2349 1270 2408 apertissime
1287 2348 1492 2407 prohibet
1507 2355 1654 2391 sancta
1668 2345 1749 2390 hu-

360 2421 518 2464 militas
553 2430 595 2464 et
629 2421 814 2465 charitas
837 2418 1110 2479 Apostolica,
1135 2418 1350 2463 clamante
1376 2417 1541 2462 Paulo:
1570 2418 1746 2462 «Nemo

365 2509 385 2532 »
412 2491 619 2549 glorietur
640 2492 685 2536 in
702 2491 879 2536 homine
893 2494 925 2534 ².
944 2510 964 2533 »
988 2493 1081 2535 Hoc
1099 2500 1161 2535 est
1179 2488 1299 2550 quod
1313 2489 1359 2534 in
1373 2503 1452 2535 nos
1465 2487 1660 2533 inanium
1673 2501 1746 2531 ca-

410 2584 415 2599 ¹
442 2578 560 2609 Jerem.
578 2588 653 2617 xvii,
675 2576 762 2611 51—
779 2583 792 2599 ²
814 2588 824 2609 1
848 2578 921 2610 Cor.
941 2587 986 2614 ιιι,
1009 2585 1061 2608 21.
