1825 3264
0 775 4 782 ,
0 678 6 757 „w—
0 307 9 668 -——-—·---—-„—vv,.-.v
0 284 5 296 -
0 230 4 267 ff.

278 291 438 319 CONTRA
472 291 735 320 cuseommr
770 292 1057 330 nomrrsrm,
1093 294 1175 319 Lm.
1213 294 1271 320 1v.
1378 280 1460 320 463

79 355 418 411 Maximianum,
451 366 495 402 et
524 358 727 402 adversus
768 372 840 401 eos
871 359 948 416 qui
984 373 1084 402 eum
1123 358 1199 402 illo
1235 359 1463 416 Baga'iensi

79 425 266 471 concilio
285 426 480 471 damnati
499 437 600 472 sunt
622 426 739 487 apud
760 427 954 485 legatum
971 428 1267 487 Carthaginis,
1285 438 1330 472 et
1346 428 1464 487 apud

78 504 270 555 quatuor
304 496 374 541 vel
404 497 588 556 amplius
622 497 901 557 proconsules
939 496 1101 542 factum
1132 508 1196 542 est
1229 499 1393 543 PCerte
1419 499 1464 542 in

79 565 310 610 collatione
346 567 650 626 disputationis
681 568 763 611 hoc
786 566 1028 611 cavendum
1066 577 1127 612 est
1145 601 1157 622 ,
1181 583 1237 611 ne
1259 583 1462 626 prorum-

77 645 208 695 patur
223 637 271 681 in
291 636 436 692 litem,
457 646 499 682 et
520 639 660 683 caveri
682 653 705 682 a
725 637 928 682 modestis
949 653 998 682 ac
1020 638 1201 682 mitibus*
1228 647 1271 682 et
1291 647 1460 697 potest,

77 715 120 750 et
135 706 266 752 solet:
291 723 391 752 cum
410 724 513 754 vero
535 708 755 754 advocatis
779 708 1001 768 utrimque
1019 708 1346 753 luctantibusin
1368 708 1464 753 foro

76 779 370 823 controversia
391 779 576 823 vertitur
593 814 605 833 ,
632 780 722 838 jam
751 778 904 838 procul
930 777 1068 823 dubio
1087 778 1295 836 litigatur.
1314 781 1465 838 Neque

0 846 4 859 ²
59 847 161 891 thoe
181 848 226 892 in
240 849 391 893 vestris
408 849 695 908 reprehendo,
720 848 754 892 si
777 849 833 892 ad
854 849 936 892 hoc
960 863 1050 892 non
1073 863 1218 893 amore
1236 848 1462 906 litigandi,

0 924 8 1019 -r-v-

0 1039 8 1309 -Wp—-v-<-

76 918 155 962 sed
181 918 437 963 consulendi
464 919 715 963 necessitate
742 917 956 977 compulsi
991 927 1093 962 sunt
1119 936 1127 962 ε
1163 927 1466 962 verumtamen

77 986 292 1033 admoneo
313 997 357 1032 te
379 989 496 1033 bono
517 989 692 1046 ingenio
717 988 948 1047 praeditum
978 988 1122 1032 virum
1137 1021 1148 1041 ,
1173 997 1222 1031 ut
1242 987 1462 1042 advertas,

77 1066 128 1102 ut
141 1058 376 1113 sentias,ut
397 1058 613 1118 intelligas
630 1074 703 1103 eos
718 1059 796 1118 qui
815 1057 1032 1102 forensem
1050 1058 1279 1116 strepitum
1299 1067 1342 1101 et
1353 1057 1467 1117 judi·

75 1129 203 1174 ciaria
213 1130 373 1190 jurgia,
389 1130 548 1190 quibus
570 1139 790 1175 accusatos
801 1130 1179 1183 convincerent,et
1200 1128 1465 1187 expellerent

72 1214 184 1258 quos
210 1199 256 1243 in
283 1201 470 1244 concilio
492 1202 582 1261 jam
612 1201 956 1254 damnaverant,
994 1214 1085 1243 non
1106 1198 1461 1252 declinaverunt,

73 1269 148 1314 sed
168 1280 454 1330 susceperunt
474 1279 517 1315 et
539 1279 826 1315 exercuerunt
845 1305 856 1324 ,
881 1269 1023 1314 multo
1045 1269 1274 1313 nobiscum
1295 1268 1465 1313 facilius

71 1341 252 1399 pacifice
283 1340 481 1386 conferre
514 1338 705 1400 potuisse
725 1375 735 1395 ,
769 1341 850 1385 nisi
883 1340 1065 1384 mallent
1093 1354 1268 1384 causam
1305 1338 1463 1383 malam

72 1412 295 1471 cooperire
315 1413 605 1467 excusatione,
630 1427 764 1473 quam
786 1412 1080 1470 disputatione
1100 1413 1240 1455 finire.

132 1485 208 1527 lv.
226 1485 425 1528 Jamvero
437 1484 556 1543 quod
571 1492 805 1542 antequam
816 1483 962 1526 venias
975 1482 1029 1526 ad
1042 1497 1286 1526 sermonem
1298 1496 1462 1535 meum,

72 1569 162 1612 quo
182 1553 443 1612 reprehendi
465 1553 748 1607 Petilianum,
771 1569 794 1596 a
811 1568 882 1596 me
903 1552 1076 1596 interim
1095 1552 1252 1611 quaeris
1269 1566 1293 1595 a
1314 1566 1403 1611 quo
1420 1559 1464 1594 te

75 1624 280 1683 baptizari
303 1625 549 1679 conveniat,
563 1633 711 1668 utrum
735 1624 791 1667 ah
811 1639 862 1667 eo
883 1624 1026 1682 potius
1043 1638 1173 1682 quem
1193 1631 1236 1666 et
1256 1637 1337 1680 ego
1360 1622 1466 1680 bap-

74 1693 249 1738 tismum
282 1694 444 1738 habere
481 1694 714 1747 confirmo,
747 1709 803 1737 an
825 1693 879 1736 ab
908 1708 960 1737 eo
988 1708 1121 1752 quem
1144 1702 1245 1736 tuus
1268 1692 1352 1736 hoc
1374 1705 1465 1735 non

73 1763 234 1807 habere
249 1764 476 1808 contendit
499 1783 508 1809 :
536 1764 628 1808 haec
650 1764 780 1807 etiam
803 1762 985 1822 quaestio
1002 1778 1078 1821 per
1100 1761 1350 1806 Maximiani
1365 1776 1465 1805 cau-

73 1848 163 1879 sam
180 1834 235 1878 de
247 1850 354 1878 vana
369 1834 672 1893 imperitorum
690 1833 953 1893 loquacitate
967 1832 1138 1876 sublata
1151 1840 1231 1884 est,
1248 1841 1464 1890 quantum

71 1904 250 1964 quidem
278 1904 334 1948 ad
364 1919 441 1949 vos
463 1905 646 1948 attinet:
681 1918 782 1947 nam
817 1901 935 1962 apud
966 1902 1079 1961 ipsos
1103 1902 1462 1946 Maximianenses

73 1974 218 2019 adhuc
240 1983 401 2019 manet.
424 1975 563 2019 Vestri
590 1975 706 2018 enim
737 1974 947 2017 damnato
979 1982 1158 2032 propter
1186 1972 1463 2030 sacrilegium

73 2047 311 2091 schismatis
332 2046 614 2100 Maximiano,
641 2060 773 2105 quem
804 2044 1038 2088 diaconum
1059 2060 1188 2088 suum
1219 2043 1465 2088 Primianus

75 2117 354 2161 damnaverat
374 2152 385 2171 ,
420 2125 463 2160 et
495 2131 571 2175 per
605 2131 737 2176 quem
770 2114 1120 2173 conspirantibus
1157 2113 1387 2158 adversum
1420 2127 1464 2157 se

73 2187 270 2247 plurimis
291 2186 467 2246 collegis
487 2186 719 2230 damnatus
736 2186 895 2239 fuerat,
916 2187 1127 2229 continuo
1149 2199 1251 2229 cum
1275 2199 1326 2228 eo
1346 2183 1464 2227 duo-

75 2259 215 2303 decim
250 2259 518 2303 ordinatores
551 2256 742 2317 ejusdem
778 2256 1026 2300 Maximiani
1064 2255 1214 2299 eadem
1251 2253 1465 2299 sententia

74 2327 408 2373 damnaverunt.
429 2331 491 2372 Ex
514 2327 672 2386 quibus
689 2327 816 2380 duos,
832 2329 1138 2370 praetextatum
1162 2325 1466 2369 Assuritanum

74 2406 119 2441 et
130 2398 414 2452 Felicianum,
428 2413 528 2448 cum
546 2412 617 2441 eos
630 2397 676 2440 in
684 2396 849 2456 judicio
862 2395 1160 2454 proconsulari
1171 2402 1461 2448 accusassent,

47 2502 52 2508 .
75 2482 176 2512 oum
198 2468 424 2527 Baga'iensi
453 2467 640 2512 concilio
660 2466 888 2510 damnatos
921 2465 1103 2524 allegata
1127 2480 1203 2524 per
1226 2463 1463 2509 advocatos

76 2537 229 2583 eadem
246 2539 459 2583 sententia
481 2538 866 2591 demonstrassent,
887 2550 986 2580 cum
999 2536 1186 2595 jubente
1206 2534 1466 2595 proconsule

77 2606 183 2654 locis
217 2623 328 2669 quos
352 2607 590 2662 tenebant,
615 2605 777 2667 pellere
799 2606 968 2661 conati,
993 2606 1170 2650 minime
1196 2605 1431 2651 valuissent
1452 2625 1464 2662 3
