1825 3264
368 230 449 268 1¹76
799 236 830 263 s.
868 234 1098 265 Avensa-tm
1131 235 1312 265 zmscom

364 305 514 350 abluat
550 303 823 362 accipientis,
862 303 980 348 unde
1020 302 1266 347 abluendus
1300 302 1354 346 sit
1395 303 1471 362 qui
1509 303 1747 362 accipiebat

363 374 627 433 baptismum
648 408 659 428 ,
689 387 789 418 cum
816 373 958 418 dantis
986 372 1154 433 polluta
1186 372 1450 417 conscientia
1466 406 1478 428 ,
1500 381 1543 416 et
1568 373 1650 416 hoc
1673 372 1745 417 ille

361 444 437 504 qui
459 453 522 489 est
544 453 800 504 accepturus
822 445 1007 503 ignorat.
1043 444 1117 488 His
1152 443 1268 487 enim
1304 443 1445 487 verbis
1483 457 1536 487 ex
1552 443 1746 502 Epistola
1816 438 1819 470 ²

362 531 457 560 mea
479 516 850 571 commemoratis,
876 517 1101 576 proposuit
1127 530 1197 559 me
1225 515 1593 574 interrogantem,
1618 523 1662 559 et
1702 529 1746 558 se

360 587 550 632 ostendit
571 586 681 631 nihil
703 587 1051 647 respondentem.
1077 588 1189 632 Cum
1217 586 1332 629 enirn
1356 584 1530 642 dixisset
1566 600 1615 630 ea
1647 601 1746 645 quae

355 658 447 718 jam
470 656 656 709 recolui,
680 667 723 702 et
743 658 789 702 in
818 658 978 718 quibus
1009 673 1109 702 eum
1139 655 1307 702 ostendi
1326 655 1381 700 ad
1400 655 1446 700 id
1470 655 1587 716 quod
1611 655 1747 700 inter-

359 729 507 788 rogavi
526 744 615 774 non
638 728 908 789 respondisse
929 749 940 786 3
962 743 1152 788 cumque
1181 727 1347 787 magnis
1380 727 1586 785 angustiis
1608 741 1746 772 coarc-

359 809 474 845 tatus
491 835 501 855 ‚
526 809 700 846 coactus
722 810 832 846 esset
859 801 1002 845 dicere
1030 799 1352 844 discutiendum
1389 814 1477 843 esse
1514 799 1746 858 baptistam

359 887 382 915 a
410 871 691 931 baptizando,
717 870 1029 930 baptizandum
1048 886 1071 915 a
1089 871 1301 930 baptista3
1327 884 1516 929 cumque
1534 869 1579 913 id
1596 884 1745 913 exem-

358 940 431 1000 plo
468 942 670 997 Joannis,
699 942 732 985 si
764 941 877 986 forte
909 942 1120 986 inveniret
1159 940 1546 999 negligentissimos
1568 939 1638 984 vel
1660 940 1746 983 im-

357 1013 633 1072 peritissimos
655 1013 872 1057 auditores
906 1022 1096 1057 astruere
1125 1012 1403 1069 tentavisset3
1434 1010 1636 1055 adhibuit
1665 1009 1747 1054 alia

357 1083 602 1126 testimonia
641 1082 696 1126 de
733 1083 952 1142 Scriptura
981 1082 1036 1126 ad
1066 1097 1157 1125 rem
1188 1097 1276 1126 non
1307 1081 1571 1141 pertinentia
1589 1116 1599 1135 ‚
1625 1081 1747 1141 quod

357 1153 559 1212 Philippo
582 1154 822 1197 Eunuchus
844 1153 1019 1208 dixerit,
1037 1156 1180 1197 «Ecce
1194 1168 1322 1213 aqua,
1340 1153 1435 1212 quis
1454 1151 1659 1212 prohibet
1677 1166 1746 1196 me

358 1240 379 1264 »
408 1222 616 1282 baptizari
634 1224 675 1266 ¹?
700 1241 720 1264 »
747 1224 858 1276 Quia
880 1223 1059 1278 sciebat,
1086 1223 1252 1282 inquit,
1278 1223 1468 1282 perditos
1490 1222 1711 1282 prohiberi
1734 1239 1743 1266 ε

355 1301 399 1335 et
420 1291 540 1351 quod
566 1292 665 1336 ideo
704 1293 931 1352 Philippus
953 1308 1054 1337 eum
1089 1294 1300 1352 baptizari
1329 1309 1419 1338 non
1449 1294 1612 1347 vetuit,
1646 1293 1748 1352 quia

355 1377 456 1405 eum
477 1361 692 1420 legentem
712 1362 970 1421 probaverat
1003 1363 1226 1422 quomodo
1260 1363 1455 1407 crederet
1488 1363 1712 1407 Christum
1733 1380 1742 1406 :

355 1432 476 1491 quasi
513 1432 787 1490 prohibuerit
827 1434 1044 1478 Simonem
1072 1436 1265 1492 Magum.
1290 1436 1345 1477 Et
1373 1434 1493 1492 quod
1517 1433 1747 1492 Prophetae

355 1501 463 1547 falso
486 1504 742 1563 baptismate
766 1503 907 1564 decipi
926 1505 1168 1548 timuerunt
1194 1524 1202 1549 :
1221 1514 1264 1548 et
1286 1504 1385 1549 ideo
1407 1504 1565 1548 dixerit
1588 1506 1744 1548 Isaias:

314 1580 317 1582 “
359 1592 378 1614 «
410 1576 535 1632 Aqua
572 1574 761 1619 mendax
793 1590 882 1619 non
924 1576 1090 1619 habens
1114 1575 1247 1619 fidem
1263 1578 1296 1629 ²,
1331 1594 1351 1617 »
1376 1574 1498 1619 velut
1515 1575 1746 1619 ostendens

355 1644 471 1702 apud
497 1645 684 1702 perfidos
707 1646 904 1689 homines
926 1661 1082 1704 aquam
1107 1661 1196 1690 esse
1220 1646 1475 1690 mendacem
1501 1664 1510 1690 :
1536 1660 1637 1690 cum
1664 1646 1747 1690 hoc

354 1729 443 1758 non
464 1717 616 1769 Isaias,
643 1714 718 1758 sed
741 1716 948 1759 Jeremias
971 1715 1025 1759 de
1047 1716 1296 1760 hominibus
1317 1715 1600 1760 mendacibus
1624 1715 1744 1760 dixe-

355 1786 438 1840 rit,
466 1786 646 1843 figurate
668 1801 826 1845 aquam
843 1786 1055 1846 populum
1081 1785 1326 1846 appellans,
1348 1786 1469 1845 quod
1498 1787 1543 1830 in
1573 1790 1746 1846 Apoca-

353 1855 465 1915 lypsi
484 1856 826 1900 manifestissime
844 1855 1165 1901 demonstratur
1189 1859 1219 1900 ³.
1246 1859 1302 1900 Et
1321 1856 1442 1916 quod
1467 1856 1603 1901 David
1626 1856 1746 1901 dixe·

354 1928 409 1971 rit
435 1946 443 1970 ;
469 1946 488 1968 «
520 1927 677 1970 Oleum
713 1929 949 1986 peccatoris
990 1943 1078 1972 non
1117 1937 1283 1986 unguat
1308 1936 1438 1986 caput
1471 1929 1651 1971 meum⁴
1679 1947 1688 1971 ;
1723 1947 1742 1969 »

353 2012 453 2041 curn
495 1996 568 2040 ille
605 1997 687 2040 hoc
712 1997 869 2041 dixerit
905 1997 959 2041 de
1002 1997 1254 2042 adulatione
1290 1998 1563 2042 assentatoris
1602 1996 1746 2041 fallaci

354 2067 483 2112 laude
511 2068 766 2127 decipientis
783 2103 793 2123 ,
819 2069 937 2113 unde
960 2068 1125 2114 laudati
1149 2079 1280 2128 caput
1301 2070 1346 2113 in
1361 2069 1607 2128 superbiam
1630 2084 1745 2114 cres-

355 2147 438 2180 cat.
467 2142 602 2190 Quem
639 2137 910 2182 intellectum
933 2140 1134 2198 aperiunt
1156 2140 1289 2183 verba
1312 2139 1357 2182 in
1383 2139 1535 2184 eodem
1574 2139 1745 2184 Psalmo

355 2207 573 2265 praemissa
595 2207 806 2265 superius.
828 2209 895 2252 Sic
909 2209 1026 2251 enim
1045 2209 1125 2263 ait,
1143 2227 1164 2250 «
1178 2207 1442 2252 Emendabit
1455 2224 1523 2252 me
1542 2211 1684 2268 justus
1701 2210 1745 2253 in

358 2293 378 2317 'u
406 2276 696 2320 misericordia
720 2286 762 2320 et
781 2287 933 2335 arguet
956 2293 1041 2332 me,
1064 2278 1207 2322 oleum
1227 2288 1372 2322 autern
1394 2280 1632 2337 peccatoris
1655 2294 1745 2324 non

361 2366 378 2388 »
403 2347 647 2406 impinguet
659 2357 789 2406 caput
803 2363 963 2392 meum.
976 2349 1115 2402 »Quid
1135 2350 1214 2394 hac
1230 2350 1442 2394 sententia
1454 2349 1623 2405 clarius,
1636 2348 1744 2410 quid

357 2418 631 2462 evidentius?
645 2418 812 2462 Mavult
829 2419 943 2463 enim
966 2436 1010 2464 se
1029 2435 1175 2479 aspera
1190 2420 1493 2466 emendatione
1505 2422 1610 2481 justi
1623 2420 1743 2480 argui

406 2528 414 2542 ¹
444 2523 516 2553 Act.
550 2532 618 2562 vin,
651 2520 704 2553 36.
731 2538 772 2544 -
796 2528 808 2544 2
842 2525 960 2556 Jerem,
991 2534 1054 2564 xv,
1091 2524 1140 2556 18.
1161 2540 1202 2546 —
1224 2522 1237 2545 3
1257 2526 1358 2566 Apoc.
1387 2535 1461 2563 xvn,
1485 2524 1536 2557 15.
1557 2541 1596 2548 —
1616 2523 1632 2554 4
1662 2522 1741 2556 Psal.

356 2587 426 2618 cu,
447 2576 477 2608 5.
