1825 3264
305 291 386 330 518
742 302 774 327 s·
812 298 1041 327 Aucus'rim
1074 299 1256 326 EPISCOPI

303 364 568 409 horribiliter
590 373 633 408 et
650 363 918 415 horribilius,
942 363 999 407 ita
1018 378 1108 407 esse
1118 361 1404 422 probabiliter
1423 370 1466 406 et
1480 362 1690 422 probabi-

301 435 399 479 lius.
430 453 449 475 ι)
470 433 595 478 'Unde
618 434 696 477 tibi
715 432 919 492 colligere
936 432 1108 486 videris,
1129 441 1173 476 et
1187 431 1293 476 dicis
1317 451 1325 476 :
1347 450 1366 474 «
1387 431 1431 477 Si
1447 447 1522 476 vos
1540 431 1692 491 proba-

304 505 452 558 bilius,
473 519 551 548 nos
573 519 675 562 ergo
694 504 993 563 probabiliter.
1019 522 1038 544 »
1065 503 1178 548 Hinc
1201 518 1282 561 ego
1304 502 1350 546 in
1371 501 1447 546 illo
1462 502 1692 562 prolixiore

306 576 438 620 trium
457 574 669 619 librorum
689 589 819 634 opere
837 589 915 618 suo
932 574 1028 618 loco
1048 573 1123 617 tibi
1143 573 1243 617 satis
1264 581 1338 617 aut
1360 571 1458 632 plus
1477 588 1607 632 quam
1623 587 1690 617 sa-

299 647 354 690 tis
376 645 553 689 sortasse
568 645 786 703 respondi,
809 653 852 688 et
868 644 1038 688 ostendi
1056 658 1106 687 ex
1118 641 1201 686 illis
1217 642 1370 686 litteris
1382 642 1459 686 ubi
1475 641 1607 686 verba
1629 641 1690 686 di-

305 717 505 770 dicimus,
526 715 749 776 quomodo
771 716 1091 774 comparativus
1112 714 1270 772 gradus
1298 729 1386 758 non
1420 727 1589 772 semper
1611 729 1691 757 au-

299 797 396 846 geat
416 786 535 847 quod
551 795 790 845 comparat,
811 785 1049 846 aliquando
1070 785 1290 844 improbet
1306 785 1377 828 cui
1397 792 1688 843 comparatur.

297 858 406 903 Inde
423 867 487 902 est
514 877 522 901 :
558 876 574 897 «
614 857 681 900 Dii
702 857 880 900 meliora
907 856 1030 915 piis¹.
1059 854 1168 899 Inde
1187 863 1251 898 est
1276 873 1285 899 :
1311 853 1568 898 Melioribus
1587 862 1692 913 opto

298 927 551 986 Auspiciis‘2.
588 945 606 966 »
645 930 762 984 Lege
794 925 1056 983 diligenter,
1098 923 1223 982 plura
1250 924 1342 982 ipse
1373 923 1573 981 reperies.
1608 922 1693 968 Sed

302 1013 448 1041 nonne
466 996 649 1048 miraris,
677 995 857 1039 obsecro
876 1005 935 1047 to,
953 995 995 1037 in
1018 995 1098 1037 hac
1118 1009 1246 1037 causa
1269 993 1689 1048 Maximianensium,

301 1083 350 1112 ex
377 1083 462 1127 qua
486 1067 562 1110 tibi
587 1066 639 1110 ad
664 1066 808 1110 omnia
832 1080 950 1109 nunc
973 1065 1104 1108 statui
1128 1063 1416 1123 respondere,
1452 1079 1532 1108 nec
1562 1064 1692 1123 hujus

300 1138 405 1182 mihi
428 1136 616 1181 defuisse
642 1136 874 1180 locutionis
896 1134 1172 1193 exemplum?
1195 1137 1245 1178 In
1269 1133 1341 1177 illa
1373 1134 1536 1194 quippe
1564 1133 1694 1178 lucu-

302 1209 542 1253 lentissima
569 1217 612 1251 et
647 1206 954 1251 facundissima
986 1206 1196 1249 sententia
1223 1206 1467 1264 Bagaiensis
1488 1205 1659 1250 concilii
1682 1224 1691 1250 :

305 1298 325 1321 «
351 1282 535 1323 Inventa
557 1287 641 1331 est,
666 1278 896 1336 inquiunt,
931 1291 1058 1320 causa
1087 1276 1323 1327 salubrior,
1356 1291 1412 1319 ne
1437 1291 1514 1335 per
1536 1284 1694 1320 cuncta

300 1350 497 1393 membra
515 1348 719 1407 pestilens
731 1348 888 1406 irrepat
905 1347 1038 1400 virus,
1059 1355 1108 1390 ut
1125 1345 1436 1404 compendioso
1453 1346 1604 1390 dolore
1621 1361 1694 1390 na-

302 1428 396 1463 tum
425 1417 597 1462 decidat
630 1417 802 1461 vulnus.
839 1435 858 1457 »
903 1419 1032 1461 Certe
1067 1417 1308 1460 secundum
1349 1415 1542 1475 regulam
1573 1425 1693 1460 tuam

307 1489 545 1541 «salubris,
572 1504 659 1531 non
679 1488 894 1538 salubrior
916 1506 935 1527 »
957 1487 1100 1530 dicere
1122 1486 1384 1531 debuerunt.
1410 1489 1561 1546 Neque
1579 1487 1695 1530 enim

303 1559 413 1603 illud
428 1559 619 1613 salubre,
636 1558 709 1602 sed
727 1558 1016 1617 perniciosum
1035 1567 1142 1611 erat,
1162 1566 1210 1601 ut
1225 1572 1301 1616 per
1319 1567 1477 1602 cuncta
1499 1556 1695 1601 membra

303 1629 508 1688 pestilens
542 1630 661 1672 virus
689 1630 912 1687 irreperet.
949 1628 1174 1673 Salubrior
1205 1643 1308 1687 ergo
1344 1637 1436 1672 erat
1471 1643 1620 1683 causa,
1646 1636 1695 1673 ut

303 1699 614 1758 compendioso
645 1699 795 1742 dolore
833 1708 983 1742 natum
1020 1698 1241 1743 decideret
1275 1698 1434 1743 vulnus
1451 1733 1462 1753 ‚
1497 1698 1694 1759 quamvis

303 1785 392 1814 non
419 1779 529 1812 esset
567 1769 776 1822 salubris,
811 1769 885 1812 sed
914 1777 1064 1812 contra
1092 1768 1342 1822 exitiabilis,
1368 1778 1417 1813 ut
1440 1784 1516 1828 per
1537 1777 1693 1813 cuncta

305 1832 728 1898 membrapestilens
751 1839 957 1896 irreperet
978 1838 1111 1881 virus.
1139 1838 1208 1882 Sic
1229 1838 1508 1882 traditionem
1534 1838 1694 1897 proba·

304 1909 430 1955 bilius
453 1925 531 1953 nos
564 1910 687 1953 vobis
705 1909 932 1968 objicimus
953 1943 964 1963 ,
1001 1909 1200 1968 quamvis
1221 1924 1315 1957 eam
1347 1924 1423 1954 vos
1442 1910 1566 1954 nobis
1605 1925 1695 1954 non

306 1979 590 2039 probabiliter
613 1979 840 2038 objiciatis.

367 2052 521 2094 LXVI.
538 2052 633 2093 Jarn
651 2048 778 2103 illud,
799 2048 918 2108 quod
935 2048 1171 2105 Sylvanum
1188 2049 1426 2093 Cirtensem
1445 2049 1694 2108 episcopum

306 2131 494 2165 vestrum
521 2119 609 2162 dixi
634 2118 763 2163 fuisse
787 2119 1038 2162 traditorem
1056 2153 1067 2172 ,
1089 2118 1362 2177 municipalia
1394 2128 1511 2178 gesta
1534 2129 1696 2164 testan-

308 2201 395 2242 tur,
422 2191 581 2233 ibidem
608 2192 725 2248 apud
753 2190 915 2234 Cirtam
939 2205 960 2233 a
994 2198 1193 2232 curatore
1215 2189 1465 2248 reipublicae
1492 2192 1696 2236 Munacio

309 2260 452 2304 Felice
467 2259 663 2304 confecta
675 2263 706 2302 ὅ.
726 2262 832 2304 Nam
851 2260 964 2303 sicut
979 2259 1035 2302 ibi
1050 2260 1257 2317 scriptum
1273 2260 1471 2318 legimus,
1488 2279 1505 2300 (t
1520 2264 1696 2311 Postea-

308 2346 439 2390 quam
468 2340 725 2389 perventum
753 2339 816 2373 est
844 2330 898 2373 ab
935 2329 1270 2386 bibliothecam,
1304 2330 1478 2374 inventa
1504 2341 1606 2376 sunt
1634 2332 1695 2376 ibi

309 2402 489 2445 armaria
512 2401 654 2444 inania
680 2420 688 2445 2
715 2401 772 2444 ibi
800 2400 980 2458 protulit
1005 2400 1217 2457 Sylvanus
1234 2400 1515 2459 capitulatam
1539 2417 1694 2461 argen-

305 2480 418 2516 team
442 2482 485 2515 et
502 2472 725 2516 lucernam
747 2481 1013 2530 argenteam,
1039 2471 1160 2531 quod
1178 2472 1342 2517 diceret
1362 2488 1406 2517 se
1433 2482 1529 2533 post
1549 2489 1692 2518 arcam
1726 2476 1731 2480 ’

354 2580 361 2594 “
382 2574 491 2612 vii-git.
507 2575 651 2615 Geor-gie.
676 2574 729 2605 lib.
751 2585 794 2606 ιιι.
822 2585 906 2606 vers.
933 2573 1008 2606 513.
1034 2591 1074 2597 ·—
1097 2581 1109 2596 ²
1146 2574 1192 2606 Id.
1219 2574 1341 2607 AEueid.
1373 2574 1429 2607 lib.
1448 2586 1494 2607 ιιι.
1511 2586 1593 2608 vers.
1614 2575 1691 2618 498.

307 2644 347 2650 -
365 2625 466 2659 3Vide
492 2628 548 2659 lib.
567 2640 575 2660 ι
594 2632 704 2660 contra
725 2629 867 2660 petilian.
887 2639 956 2671 cap.
973 2637 1029 2666 ⁴11,
1049 2633 1080 2661 et
1099 2633 1212 2662 contra
1231 2631 1380 2667 crescon.
1402 2630 1457 2662 lib.
1478 2641 1525 2668 ur,
1544 2642 1613 2672 cap.
1636 2639 1688 2673 29.
