1825 3264
325 235 410 275 282
767 238 801 268 s.
836 238 1068 269 Aneusrnu
1098 241 1279 270 zrrscorr

323 313 368 354 in
390 309 476 352 fine
505 303 768 365 separandos
786 339 797 360 ,
822 304 857 349 si
879 305 924 350 in
953 304 1116 349 malitia
1134 303 1438 364 perdurarint:
1463 319 1542 349 nos
1567 312 1715 349 tamen

324 394 404 424 nec
430 385 608 436 propter
630 376 765 435 pisces
792 375 928 421 malos
948 376 1054 420 retia
1087 375 1330 435 rumpimus
1354 377 1368 400 ¹
1387 409 1399 429 ,
1425 389 1505 419 nec
1537 384 1717 434 propter

323 463 421 493 vasa
447 448 494 491 in
519 444 833 491 contumeliam
854 446 967 491 facta
996 445 1178 490 domum
1202 459 1404 502 magnam
1421 444 1658 489 deserimus
1680 446 1713 489 ².

323 517 453 572 Quod
475 518 510 562 si
531 532 607 562 vos
621 531 800 577 quoque
814 515 927 572 illos,
945 533 968 561 a
985 517 1146 577 quibus
1167 515 1268 560 talia
1288 514 1513 561 Catholica
1536 515 1714 576 patitur,

322 605 411 635 non
421 604 510 634 esse
523 597 686 634 vestros
697 587 848 632 eadem
863 588 1011 647 regula
1026 588 1166 632 dicitis
1178 606 1188 634 ι
1198 588 1412 632 «Probate
1424 587 1618 631 animum
1627 602 1719 632 ves-

325 678 346 702 »
360 669 477 705 trum
490 694 501 715 ,
521 659 725 718 corrigite
746 674 935 703 errorem
952 693 963 713 ,
987 657 1301 718 amplectimini
1318 659 1530 703 unitatem
1543 658 1719 717 spiritns

324 732 405 776 »in
421 730 597 776 vinculo
610 730 740 790 pacis.
761 732 903 776 »Nam
915 730 949 774 si
963 745 1042 775 nec
1055 745 1130 775 vos
1141 729 1204 774 illi
1216 730 1532 784 contaminant,
1547 743 1626 774 nec
1638 744 1717 774 nos

323 804 391 848 isti
416 825 428 862 3
453 818 542 848 non
566 802 693 848 nobis
709 802 896 846 invicem
919 801 1067 846 alienis
1084 801 1340 847 criminibus
1358 799 1678 846 calumniemur
1702 819 1712 846 :

321 875 367 918 in
400 890 487 919 una
525 875 734 919 charitate
768 873 991 919 frumenta
1028 888 1271 918 crescamus
1310 872 1469 927 simul,
1500 886 1641 932 usque
1663 871 1719 917 ad

325 945 623 991 ventilabrum
635 944 805 1005 paleam
820 944 1067 990 toleremus.

382 1019 496 1061 LVl.
515 1016 813 1070 Quamobrem
834 1016 867 1060 si
882 1015 1006 1061 nullo
1018 1016 1255 1074 interprete
1271 1013 1469 1072 indigent
1489 1012 1721 1058 canonica-

322 1102 419 1130 rum
441 1087 768 1146 Scripturarum
784 1085 1030 1130 testimonia
1044 1101 1143 1146 quae
1156 1084 1468 1130 commendant
1482 1083 1721 1128 Ecclesiam

321 1158 367 1200 in
386 1158 518 1202 totius
536 1157 653 1201 orbis
675 1157 986 1202 communione
1007 1157 1259 1212 consistere,
1276 1165 1320 1200 et
1343 1155 1602 1216 separationi
1625 1170 1721 1200 ves-

321 1237 398 1272 trae
412 1228 456 1271 in
468 1227 611 1272 Africa
627 1228 875 1272 constitutae
891 1243 941 1271 ex
960 1227 1112 1272 iisdem
1133 1226 1274 1271 Libris
1291 1225 1414 1271 nulla
1430 1225 1532 1271 talia
1544 1226 1720 1285 potestis

320 1299 515 1344 invenire
529 1300 750 1359 suffragia,
764 1314 844 1344 nec
851 1301 967 1359 juste
977 1298 1031 1343 de
1045 1299 1418 1359 persecutionibus
1430 1297 1720 1358 conquerimi-

321 1372 380 1426 ni,
393 1386 500 1430 quas
517 1371 733 1429 graviores
747 1371 837 1429 ipsa
847 1370 1090 1429 perpetitur
1101 1405 1111 1425 ,
1127 1385 1217 1430 quo
1232 1369 1362 1413 latius
1373 1367 1656 1423 diffunditur,
1668 1383 1718 1412 ac

320 1441 407 1485 fide
421 1476 433 1496 ,
454 1451 498 1485 et
518 1457 615 1500 spe,
641 1451 685 1485 et
708 1442 917 1485 charitate
935 1441 1081 1485 omnia
1100 1440 1270 1495 tolerat,
1291 1455 1381 1485 non
1399 1448 1571 1484 tantum
1589 1438 1691 1483 talia
1704 1473 1716 1494 ‚

318 1510 462 1571 qualia
478 1512 609 1557 vestri
624 1510 1022 1566 Circumcelliones,
1040 1520 1083 1555 et
1102 1526 1255 1556 eorum
1268 1508 1428 1555 similes
1443 1509 1518 1554 ubi
1529 1517 1714 1569 possunt

318 1584 523 1627 membris
545 1584 636 1642 ejus
664 1583 885 1640 infligunt,
906 1581 982 1627 sed
1010 1583 1156 1627 omnia
1183 1582 1403 1626 variarum
1424 1580 1713 1640 iniquitatum

319 1653 522 1697 scandala
559 1669 635 1712 per
663 1653 913 1697 universum
943 1651 1159 1697 mundum
1191 1653 1399 1697 scatentia
1420 1687 1430 1707 ,
1469 1652 1525 1696 de
1555 1651 1718 1712 quibus

323 1724 530 1767 Dominus
553 1723 808 1768 exclamavit
834 1742 842 1768 z
873 1726 976 1767 «Vae
998 1724 1165 1768 mundo
1182 1723 1237 1767 ab
1260 1721 1474 1768 scandalis
1497 1723 1511 1748 ³
1531 1741 1540 1767 :
1565 1741 1585 1764 »
1617 1737 1715 1780 gra-

317 1794 410 1838 vius
431 1795 547 1838 enim
570 1794 845 1855 persequitur
869 1793 983 1838 filius
1005 1803 1172 1853 patrem
1194 1793 1306 1838 male
1333 1793 1523 1838 vivendo
1542 1827 1553 1849 ‚
1578 1808 1713 1852 quam

318 1874 440 1925 pater
462 1866 599 1910 filium
622 1866 875 1925 castigando
898 1887 909 1922 3
933 1875 975 1909 et
1007 1865 1180 1924 gravius
1204 1863 1361 1909 ancilla
1386 1865 1536 1909 Saram
1565 1879 1714 1923 perse-

317 1946 418 1980 cuta
440 1945 502 1980 est
520 1951 595 1995 per
616 1937 812 1995 iniquam
836 1935 1130 1994 superbiam&
1149 1950 1282 1995 quam
1304 1949 1400 1978 eam
1419 1935 1521 1978 Sara
1539 1948 1615 1992 per
1628 1934 1711 1977 de-

320 2007 453 2051 bitam
470 2006 742 2066 disciplinam
767 2028 778 2064 3
804 2015 847 2050 et
867 2007 1036 2064 gravius
1059 2007 1294 2050 Dominum
1319 2004 1711 2065 persequebantur,

320 2087 496 2136 propter
527 2093 636 2138 quos
667 2077 837 2122 dictum
874 2086 937 2121 est
965 2094 976 2122 ι
1018 2096 1036 2118 «
1074 2076 1200 2122 Zelus
1231 2077 1386 2121 domus
1419 2085 1506 2120 tuae
1527 2074 1718 2120 comedit

323 2167 343 2189 »
378 2164 446 2192 me
465 2152 479 2174 ⁵
493 2184 504 2203 ,
526 2164 658 2209 quam
676 2164 747 2193 eos
770 2149 859 2207 ipse
881 2163 984 2192 cum
1012 2163 1165 2192 eorum
1196 2163 1362 2192 mensas
1381 2147 1553 2202 evertit,
1579 2156 1623 2192 et
1643 2161 1716 2191 eos

320 2217 490 2277 flagello
521 2218 575 2262 de
603 2218 766 2278 templo
786 2217 951 2277 expulit
973 2219 988 2243 ὓ
1021 2237 1029 2262 ;
1053 2219 1162 2278 quin
1184 2218 1354 2262 habetis
1375 2217 1559 2276 amplius
1583 2231 1716 2276 quam

321 2289 474 2334 dicatis
497 2291 515 2333 Ρ

380 2362 516 2405 LVII.
556 2363 624 2404 An
655 2358 766 2403 illud
789 2359 993 2403 ultimum
1016 2367 1223 2413 vestrum,
1244 2359 1334 2418 jam
1357 2357 1529 2417 placet,
1556 2357 1603 2401 in
1624 2371 1717 2401 me-

322 2429 443 2474 dium
464 2430 762 2490 proferamus?
783 2449 802 2472 «
815 2432 944 2485 Ecce,
965 2430 1277 2490 inquiunt,vos
1296 2429 1450 2473 tenetis
1462 2426 1710 2473 Ecclesiam.

378 2544 386 2559 ¹
406 2537 524 2569 Matth.
546 2548 617 2579 xm,
643 2537 776 2580 47.—·²
797 2546 816 2570 2
833 2537 914 2569 Tim.
935 2548 970 2579 u,
1000 2535 1138 2570 20.—³
1167 2537 1398 2578 Matth.xvn1,
1419 2534 1532 2578 7.—4
1549 2537 1628 2570 Gen.
1649 2545 1714 2576 xvi,

329 2592 361 2633 4.
377 2609 413 2616 -
431 2592 445 2616 ⁵
463 2593 543 2626 Psal.
563 2604 671 2631 vam,
695 2604 745 2627 10·
759 2591 829 2618 -6
844 2595 936 2627 Joan.
957 2603 992 2634 ιι,
1016 2593 1066 2626 ι5.
