1825 3264
501 251 553 276 υε
592 250 773 277 imru-13
808 251 1022 279 EchESiAE.
1383 243 1464 281 253

82 324 124 358 et
146 315 225 374 ipsi
248 312 364 374 quod
385 314 443 358 ait
464 316 671 358 Dominus
695 334 702 359 :
725 334 741 356 «
759 315 983 360 Praedicari
1008 317 1050 359 in
1076 316 1250 361 nomine
1272 332 1350 361 suo
1367 333 1465 377 poe-

84 402 102 424 »
130 385 423 437 nitentiam,et
437 385 729 428 remissionem
747 394 1022 444 peccatorum
1041 402 1115 444 per
1129 402 1279 431 omnes
1297 397 1461 445 gentes,

84 474 104 496 η
128 455 434 514 incipientibus
453 456 506 499 ab
528 456 836 500 Jerusalem.»
858 457 1048 501 Credant
1067 458 1186 516 quod
1211 473 1465 503 ascensurus

79 525 122 569 in
137 525 300 570 coelum
322 527 553 571 novissime
570 527 678 571 dixit
711 542 719 567 :
750 546 769 568 «
795 528 924 571 Eritis
948 528 1055 572 mihi
1079 538 1206 572 testes
1225 530 1268 573 in
1291 532 1466 574 Jerusa-

81 595 198 640 »lem
216 631 227 651 ,
253 606 296 641 et
318 597 362 640 in
394 607 481 642 tota
505 597 656 642 Judaea
672 633 682 650 ,
714 607 757 641 et
781 599 966 642 Samaria
984 633 994 652 ,
1023 608 1065 643 et
1088 615 1226 658 usque
1256 599 1299 642 in
1329 609 1464 644 totam

83 687 100 706 »
115 670 404 711 te1·ram².»Et
422 666 511 721 illa,
529 678 571 711 et
586 669 664 712 ista
682 682 781 712 vera
799 683 887 711 esse
899 667 1203 722 credantur,et
1221 668 1340 713 nulla
1353 669 1466 713 inter

78 751 156 780 nos
177 738 399 781 contentio
423 738 664 782 remanebit
685 758 696 793 3
716 739 818 796 quia
837 753 916 782 nec
936 738 1019 782 illis
1036 739 1145 783 veris
1162 739 1257 793 ista,
1280 755 1359 783 nec
1378 740 1465 784 istis

78 807 186 851 veris
213 806 284 851 ilia
307 807 621 867 impediuntur.
649 811 705 852 Et
729 828 745 848 «
774 809 870 863 ista,
898 809 1132 869 inquiunt,
1159 809 1398 864 credimus,
1422 820 1465 854 et

81 878 339 937 »completa
373 894 462 922 esse
491 879 751 923 confitemur
787 901 797 936 3
830 880 904 923 sed
939 890 1084 938 postea
1113 880 1229 923 orbis
1252 890 1461 924 terrarum

80 966 100 989 »
124 951 394 1008 apostatavit,
417 958 460 993 et
482 949 570 993 sola
591 950 1369 995 remansitDonaticommunio.»Hoc
1385 966 1464 995 no-

76 1019 141 1062 bis
158 1019 320 1078 legant,
336 1020 445 1064 sicut
459 1020 612 1078 legunt
629 1019 682 1063 dc
696 1021 864 1074 Enoch,
881 1020 935 1064 de
957 1024 1064 1075 Noe,
1090 1022 1200 1067 etde
1222 1022 1460 1076 Abraham,

77 1092 194 1133 Isaac
215 1124 225 1143 ,
253 1098 296 1132 et
319 1090 455 1133 Jacob
470 1124 481 1144 ,
507 1099 549 1133 et
569 1090 622 1133 de
640 1088 722 1133 iilis
745 1091 917 1134 duabus
941 1091 1166 1145 tribubus,
1190 1106 1290 1150 quae
1312 1091 1464 1135 decem

74 1159 279 1218 separatis
302 1159 481 1220 reliquae
507 1160 632 1204 factae
655 1170 757 1204 sunt
778 1196 788 1214 ,
815 1170 856 1204 et
879 1161 933 1204 de
953 1160 1186 1206 duodecim
1215 1160 1432 1220 Apostolis
1449 1196 1460 1216 ,

75 1230 150 1289 qui
178 1230 342 1274 caeteris
365 1231 710 1289 apostatantibus
739 1241 1039 1276 remanserunt
1061 1253 1071 1290 3
1097 1242 1140 1276 et
1162 1232 1244 1276 hoc
1267 1231 1464 1276 similiter

75 1299 238 1359 legant,
265 1311 305 1345 et
331 1301 436 1344 nihil
462 1301 712 1345 resistimus.
743 1302 783 1346 Si
808 1311 952 1345 autem
976 1318 1063 1347 non
1085 1318 1133 1346 ea
1153 1303 1206 1346 de
1232 1303 1463 1362 Scripturis

73 1371 230 1416 sanctis
251 1371 420 1430 legunt,
435 1373 509 1416 sed
532 1373 616 1416 suis
639 1373 996 1416 contentionibus
1019 1373 1277 1431 persuadere
1296 1389 1461 1417 conan-

75 1449 175 1486 tur:
208 1441 338 1486 credo
366 1441 438 1486 illa
468 1458 568 1502 quae
595 1442 637 1485 in
670 1442 900 1500 Scripturis
921 1443 1079 1486 sanctis
1105 1443 1341 1501 leguntur,
1374 1458 1462 1487 non

73 1511 204 1556 credo
234 1513 315 1556 ista
347 1529 447 1572 quae
476 1515 530 1556 ab
557 1513 767 1556 haereticis
795 1513 916 1556 vanis
939 1513 1161 1557 dicuntur.
1191 1513 1273 1558 Sed
1295 1515 1396 1573 quia
1419 1529 1462 1557 se

73 1584 244 1628 duabus
263 1584 347 1628 illis
375 1585 594 1637 tribubus,
617 1600 715 1643 qnae
744 1599 845 1628 cum
871 1584 1110 1629 Salomonis
1134 1584 1221 1628 filio
1245 1600 1462 1629 remanse-

74 1664 194 1709 runt,
212 1654 526 1714 comparandos
543 1664 717 1714 putant,
739 1654 902 1713 legant,
923 1665 965 1698 et
983 1671 1054 1699 eos
1074 1656 1156 1699 hoc
1174 1655 1351 1713 elegisse
1369 1671 1462 1714 poe-

73 1725 244 1770 nitebit.
269 1727 336 1770 Sic
369 1727 483 1769 enim
521 1735 888 1770 commemoratur
922 1727 964 1769 in
996 1726 1226 1784 Scripturis
1257 1726 1335 1785 ipsi
1373 1726 1461 1770 duo

73 1795 239 1856 populi.
268 1799 369 1840 Pars
391 1812 489 1855 quae
511 1805 602 1840 erat
625 1795 678 1840 ad
694 1795 930 1839 Jerusalem
957 1796 1069 1839 Juda
1095 1798 1371 1840 nominatur:
1390 1796 1461 1840 ill-„1

72 1881 174 1911 vero
198 1867 279 1911 alia
302 1883 401 1926 quae
433 1883 532 1910 cum
557 1882 680 1911 servo
700 1866 941 1910 Salomonis
963 1867 1007 1909 in
1039 1866 1248 1925 ampliore
1278 1882 1461 1910 numero

52 1929 56 1933 ’
74 1946 294 1996 segregata
311 1947 389 1990 est,
408 1935 539 1980 Israel
553 1945 747 1980 vocatur.
770 1939 936 1993 Legant
957 1952 1056 1995 quae
1069 1936 1216 1980 dicant
1232 1938 1461 1995 Prophetae

73 2007 128 2051 de
153 2008 346 2066 utrisque
369 2006 741 2067 quemadmodum
766 2007 955 2064 pejorem
982 2005 1130 2050 dicant
1146 2005 1307 2050 Judam
1330 2021 1460 2066 quam

16 2127 23 2131 ,
74 2077 291 2134 Israel‚ita
315 2088 364 2122 ut
380 2078 659 2138 justificatam
684 2079 832 2121 dicant
845 2078 1142 2122 aversatricem
1159 2076 1290 2121 Israel
1311 2092 1462 2136 pecca-

77 2150 128 2193 tis
149 2149 500 2208 praevaricatricis
522 2147 635 2192 suda
661 2149 674 2173 ³
697 2167 704 2191 :
731 2146 775 2191 id
797 2156 874 2201 est,
900 2157 986 2192 tam
1010 2148 1155 2207 gravia
1176 2163 1264 2192 esse
1288 2157 1463 2207 peccata

73 2219 219 2280 hujus,
245 2229 294 2264 ut
324 2221 366 2263 in
389 2221 480 2280 ejus
501 2219 822 2278 comparatione
842 2217 912 2262 illa
928 2219 1043 2277 justa
1073 2219 1258 2263 dicenda
1281 2219 1349 2262 sit.
1376 2221 1463 2263 Nec

72 2290 201 2350 hujus
235 2301 402 2345 tamen,
430 2306 509 2334 nec
532 2289 644 2334 illius
668 2299 841 2349 peccata
866 2290 1106 2334 obfuerunt
1126 2289 1293 2350 aliquid
1313 2290 1460 2348 justis,

74 2361 150 2422 qui
176 2371 218 2406 et
237 2362 306 2406 hic
322 2371 365 2405 et
382 2361 470 2406 illic
489 2361 620 2405 fuisse
642 2361 940 2405 inveniuntur.
967 2364 1074 2406 Nam
1093 2370 1135 2404 et
1155 2362 1200 2403 in
1223 2360 1293 2403 illa
1318 2369 1459 2418 parte,

75 2448 207 2493 quam
238 2448 316 2492 pro
339 2432 538 2490 exemplo
558 2431 811 2490 perditionis
834 2441 1026 2490 ponunt,
1060 2431 1105 2473 id
1128 2440 1207 2484 est,
1232 2431 1275 2473 in
1296 2428 1426 2474 Israel
1448 2464 1460 2485 ,

77 2503 256 2548 fuerunt
278 2504 413 2548 sancti
435 2502 679 2561 Prophetae.
703 2502 769 2546 lbi
791 2511 883 2545 erat
904 2500 977 2544 ille
1003 2500 1295 2545 memorabilis
1317 2499 1432 2545 Elias
1448 2536 1459 2556 ,

124 2589 134 2607 ¹
154 2589 228 2621 Luc.
250 2598 337 2630 xxiv,
356 2587 410 2630 47.
426 2604 467 2612 —
481 2593 494 2610 ²
514 2588 587 2620 Act.
607 2597 630 2628 i,
646 2587 676 2619 ὃ.
693 2603 732 2610 -
750 2584 763 2609 3
781 2585 896 2622 Ezecli.
919 2592 987 2627 xv1‚
1006 2585 1060 2618 61.
