1825 3264
507 254 559 279 οε
596 254 783 280 [ΜΤΛΤΕ
821 254 1033 282 BCCLESIAE.
1388 245 1474 282 269

80 321 184 364 emit
203 319 258 364 ab
281 319 488 378 episcopis
506 353 516 372 ,
540 320 615 379 qui
639 319 676 362 ei
706 318 847 362 iactus
882 319 1022 363 fuerat
1059 319 1257 363 inimicus
1274 354 1284 373 ,
1321 334 1474 363 verum

81 378 333 449 praedicans.
366 392 528 449 Nempe
559 390 637 448 ipsi
673 399 820 449 postea
859 390 1042 434 Litteras
1078 389 1133 433 ad
1163 393 1473 449 Imperatorem

79 461 414 505 Constantinum
435 460 669 507 dederunt.
696 459 896 520 datisque
915 461 969 503 ab
993 476 1060 514 eo,
1085 461 1197 504 sicut
1214 462 1471 519 petiverant,

79 529 440 590 disceptatoribus
468 531 678 590 episcopis
712 546 801 575 non
829 540 1174 585 consenserunt,
1209 532 1474 590 eosdemque

79 602 356 660 postmodum
388 599 502 661 apud
527 600 650 644 illum
675 609 881 660 tanquam
906 601 1079 660 iniquos
1106 601 1276 660 judices
1299 617 1475 646 accusa-

76 681 250 726 verunt,
271 681 314 716 et
332 673 387 716 ab
409 672 500 716 aliis
517 673 597 716 sibi
620 671 676 716 ad
699 671 922 716 Arelatum
940 670 1050 716 datis
1074 672 1128 715 ad
1150 672 1292 731 ipsum
1320 675 1471 731 Impe-

79 752 264 786 ratorem
295 743 654 802 appellaverunt,
677 742 920 802 eodemque
959 743 1073 787 inter
1100 752 1242 802 partes
1271 743 1476 787 audiente

79 812 411 859 calumniatores
433 814 597 858 inventi
634 823 765 873 atque
798 813 1017 868 damnati,
1056 815 1100 857 in
1129 815 1278 858 eadem
1316 813 1476 858 suroris

78 885 313 944 pertinacia
337 894 682 944 permanserunt.
718 887 882 944 Nempe
907 901 983 930 vos
1005 885 1111 945 ipsi,
1143 885 1218 945 qui
1242 894 1474 944 propterea

78 955 217 1000 dicitis
233 956 511 1000 christianam
535 956 806 1000 sanctitatem
829 955 884 999 de
912 965 977 1000 tot
1000 956 1221 1015 gentibus,
1247 956 1292 999 in
1316 956 1476 1015 quibus

78 1027 276 1086 Apostoli
298 1043 391 1070 eam
412 1027 759 1071 fundatissimam
778 1026 1071 1086 reliquerunt,
1093 1028 1264 1086 penitus
1287 1042 1378 1070 esse
1396 1027 1476 1070 de-

79 1095 227 1150 letam,
245 1097 346 1156 quia
360 1098 795 1141 communicaverunt
812 1097 886 1150 eis,
909 1113 1018 1156 quos
1032 1097 1162 1140 vestri
1181 1097 1362 1156 majores
1380 1111 1477 1155 sep-

80 1168 275 1224 tuaginta
298 1168 601 1226 episcoporum
634 1166 819 1212 concilio
852 1167 1202 1225 Carthaginiensi
1239 1167 1476 1210 damnave-

79 1248 193 1292 rant,
221 1254 368 1283 nonne
391 1239 472 1283 illis
490 1275 500 1293 ,
533 1255 642 1300 quos
665 1239 847 1283 trecenti
871 1240 1022 1283 decem
1048 1238 1268 1296 Bagaiensi
1291 1237 1476 1282 concilio

80 1325 179 1355 cum
203 1310 466 1354 Maximiano
485 1310 720 1354 damnastis
737 1346 747 1364 ,
773 1310 906 1354 modo
929 1309 1260 1354 communicatis
1283 1311 1300 1352 Ρ
1323 1311 1478 1353 Nonne

83 1384 369 1425 Praetextatus
392 1382 670 1425 Assuritanus
693 1390 736 1424 et
761 1381 806 1423 in
829 1381 923 1439 ipso
953 1379 1138 1424 concilio
1160 1379 1391 1422 damnatus
1417 1378 1480 1422 le-

82 1451 215 1510 gitur,
245 1461 288 1496 et
312 1452 437 1510 gestis
472 1450 852 1511 proconsularibus
877 1468 898 1495 a
923 1450 1048 1494 vobis
1072 1459 1297 1494 accusatus
1331 1458 1371 1493 et
1399 1464 1480 1508 op-

82 1531 301 1581 pugnatus
329 1543 340 1579 3
363 1531 406 1566 et
427 1531 573 1566 tamen
596 1523 639 1564 in
670 1537 759 1581 quo
787 1521 1018 1565 damnatus
1041 1529 1157 1574 erat,
1183 1521 1349 1563 honore
1383 1535 1478 1563 sus-

84 1603 260 1652 ceptus,
288 1603 331 1637 et
358 1594 404 1636 in
426 1602 565 1636 vestra
592 1593 902 1636 communione
934 1592 1170 1635 defunctus
1200 1599 1263 1635 est
1285 1592 1302 1632 ?
1324 1593 1479 1635 Nonne

84 1663 328 1708 Felicianus
351 1665 614 1709 Mustitanus
636 1664 789 1708 eodem
815 1663 962 1716 modo,
990 1663 1035 1706 in
1058 1663 1208 1706 eadem
1233 1677 1376 1715 causa,
1403 1676 1478 1705 eo-

84 1733 184 1778 dem
202 1735 386 1780 concilio
407 1734 639 1778 damnatus
658 1735 713 1778 ab
733 1734 960 1793 episcopis,
987 1744 1211 1778 accusatus
1230 1732 1344 1791 apud
1357 1731 1479 1792 judi-

84 1820 180 1860 ceS,
216 1814 365 1865 postea
400 1814 598 1864 receptus
621 1820 643 1849 a
665 1805 789 1849 vobis
808 1840 819 1859 ,
850 1820 967 1848 nunc
1002 1805 1223 1849 vobiscum
1252 1804 1480 1863 episcopus

85 1876 226 1920 vivit?
249 1878 403 1921 Nonne
422 1874 501 1930 illi,
533 1876 608 1935 qui
632 1875 687 1919 ab
709 1875 798 1920 istis
820 1875 1035 1920 damnatis
1056 1875 1260 1934 baptizati
1285 1884 1409 1928 sunt,
1434 1875 1479 1918 in

87 1948 241 1992 eodem
257 1948 471 2007 baptismo
492 1947 616 1992 vobis
640 1946 769 1991 modo
792 1947 1151 1991 communicant?
1177 1947 1259 1991 Sed
1279 1944 1481 1989 videlicet

87 2027 154 2062 tot
181 2017 386 2062 Ecclesiae
419 2018 717 2061 transmarinae
746 2016 995 2076 Apostolico
1022 2017 1172 2061 labore
1200 2015 1421 2069 fundatae,
1447 2015 1481 2058 si

89 2087 506 2133 communicaverint
537 2096 803 2132 sacramenta
838 2102 937 2131 cum
961 2087 1037 2141 eis,
1067 2101 1176 2146 quos
1194 2101 1273 2130 nec
1297 2084 1416 2145 apud
1437 2100 1481 2129 se

92 2169 311 2204 accusatos
329 2159 407 2218 ipsi
438 2160 728 2212 damnarunt,
753 2167 796 2202 et
818 2159 872 2202 ab
900 2158 992 2202 aliis
1025 2167 1172 2217 postea
1203 2166 1407 2216 purgatos
1437 2165 1482 2200 et

91 2230 312 2275 absolutos
322 2229 571 2282 audierunt,
583 2229 790 2274 amittunt
803 2229 988 2273 salutem
1001 2230 1342 2288 religionemque
1350 2228 1401 2271 ch
1409 2228 1481 2271 ris-

92 2301 253 2346 tianam
278 2321 286 2346 :
312 2317 410 2361 pars
432 2310 577 2345 autem
602 2301 758 2345 Donati
791 2310 834 2345 et
856 2302 1034 2345 damnat
1062 2315 1170 2359 quos
1198 2299 1385 2343 voluerit
1403 2333 1413 2351 ‚
1440 2307 1483 2342 et

92 2373 137 2417 in
158 2373 246 2432 ipsa
261 2371 539 2416 damnatione
560 2370 782 2430 sacrilegia
800 2371 1040 2416 schismatis
1052 2386 1201 2415 eorum
1223 2370 1282 2414 sic
1300 2384 1484 2427 exagge-

95 2448 246 2497 rat,'ut
262 2441 344 2486 illis
361 2457 470 2502 quos
491 2443 611 2485 vivos
630 2450 741 2484 terra
759 2441 951 2494 sorbuit,
973 2455 1224 2499 comparare
1243 2455 1331 2483 non
1351 2438 1483 2482 dubi-

96 2522 175 2568 tet,
199 2522 243 2557 et
265 2514 323 2557 eis
343 2528 490 2558 rursus
511 2527 612 2557 cum
629 2511 832 2567 voluerit,
850 2515 895 2555 in
917 2511 1071 2556 eodem
1094 2511 1259 2556 honore
1274 2510 1483 2570 susceptis

151 2603 160 2621 ¹
180 2599 274 2631 Num.
294 2608 362 2639 xvi,
382 2598 434 2631 32.

1225 2684 1247 2702 U
