<?xml version="1.0" encoding="UTF-8"?>
<!DOCTYPE html PUBLIC "-//W3C//DTD XHTML 1.0 Transitional//EN"
    "http://www.w3.org/TR/xhtml1/DTD/xhtml1-transitional.dtd">
<html xmlns="http://www.w3.org/1999/xhtml" xml:lang="en" lang="en">
 <head>
  <title>
</title>
<meta http-equiv="Content-Type" content="text/html;charset=utf-8" />
  <meta name='ocr-system' content='tesseract 3.04.00' />
  <meta name='ocr-capabilities' content='ocr_page ocr_carea ocr_par ocr_line ocrx_word'/>
</head>
<body>
  <div class='ocr_page' id='page_1' title='image "./operaomniaaccura32auguuoft_0469.png"; bbox 0 0 1825 3264; ppageno 0'>
   <div class='ocr_carea' id='block_1_1' title="bbox 291 275 1480 329">
    <p class='ocr_par' dir='ltr' id='par_1_1' title="bbox 291 275 1480 329">
     <span class='ocr_line' id='line_1_1' title="bbox 291 275 1480 329; baseline -0.003 -10"><span class='ocrx_word' id='word_1_1' title='bbox 291 289 455 319; x_wconf 65' lang='lat' dir='ltr'><strong>CONTRA</strong></span> <span class='ocrx_word' id='word_1_2' title='bbox 482 289 745 318; x_wconf 72' lang='lat' dir='ltr'><strong>cnnscomtm</strong></span> <span class='ocrx_word' id='word_1_3' title='bbox 776 290 1065 329; x_wconf 66' lang='lat' dir='ltr'><strong>nonA‘rrs‘rAM,</strong></span> <span class='ocrx_word' id='word_1_4' title='bbox 1101 290 1180 318; x_wconf 76' lang='lat' dir='ltr'><strong>Lm.</strong></span> <span class='ocrx_word' id='word_1_5' title='bbox 1216 290 1282 317; x_wconf 92' lang='lat'>111.</span> <span class='ocrx_word' id='word_1_6' title='bbox 1395 275 1480 316; x_wconf 79' lang='lat'><strong>459</strong></span> 
     </span>
    </p>
   </div>
   <div class='ocr_carea' id='block_1_2' title="bbox 90 353 1481 1683">
    <p class='ocr_par' dir='ltr' id='par_1_2' title="bbox 90 353 1481 1683">
     <span class='ocr_line' id='line_1_2' title="bbox 159 353 1480 415; baseline -0.005 -13"><span class='ocrx_word' id='word_1_7' title='bbox 159 357 318 402; x_wconf 86' lang='lat' dir='ltr'>XCIV.</span> <span class='ocrx_word' id='word_1_8' title='bbox 353 353 472 408; x_wconf 89' lang='lat' dir='ltr'><strong>Quid</strong></span> <span class='ocrx_word' id='word_1_9' title='bbox 493 369 595 413; x_wconf 88' lang='lat' dir='ltr'><strong>ergo</strong></span> <span class='ocrx_word' id='word_1_10' title='bbox 616 355 790 415; x_wconf 85' lang='lat' dir='ltr'><strong>dignius</strong></span> <span class='ocrx_word' id='word_1_11' title='bbox 812 355 1014 400; x_wconf 89' lang='lat' dir='ltr'><strong>adversus</strong></span> <span class='ocrx_word' id='word_1_12' title='bbox 1030 356 1143 399; x_wconf 92' lang='lat' dir='ltr'><strong>hanc</strong></span> <span class='ocrx_word' id='word_1_13' title='bbox 1164 353 1480 398; x_wconf 85' lang='lat' dir='ltr'><strong>fallacissimam</strong></span> 
     </span>
     <span class='ocr_line' id='line_1_3' title="bbox 97 425 1481 486; baseline -0.004 -14"><span class='ocrx_word' id='word_1_14' title='bbox 97 425 347 482; x_wconf 85' lang='lat' dir='ltr'><strong>elationem,</strong></span> <span class='ocrx_word' id='word_1_15' title='bbox 371 441 504 486; x_wconf 88' lang='lat' dir='ltr'><strong>quam</strong></span> <span class='ocrx_word' id='word_1_16' title='bbox 519 441 647 471; x_wconf 89' lang='lat' dir='ltr'><strong>causa</strong></span> <span class='ocrx_word' id='word_1_17' title='bbox 667 426 1068 472; x_wconf 85' lang='lat' dir='ltr'><strong>Maximianensium</strong></span> <span class='ocrx_word' id='word_1_18' title='bbox 1089 425 1211 471; x_wconf 90' lang='lat' dir='ltr'><strong>vobis</strong></span> <span class='ocrx_word' id='word_1_19' title='bbox 1229 425 1371 484; x_wconf 83' lang='lat' dir='ltr'><strong>potuit</strong></span> <span class='ocrx_word' id='word_1_20' title='bbox 1384 439 1481 484; x_wconf 86' lang='lat' dir='ltr'><strong>pro-</strong></span> 
     </span>
     <span class='ocr_line' id='line_1_4' title="bbox 95 494 1481 556; baseline -0.004 -14"><span class='ocrx_word' id='word_1_21' title='bbox 95 497 263 542; x_wconf 80' lang='lat' dir='ltr'><strong>curari?</strong></span> <span class='ocrx_word' id='word_1_22' title='bbox 279 499 578 555; x_wconf 86' lang='lat' dir='ltr'><strong>Quaecumque</strong></span> <span class='ocrx_word' id='word_1_23' title='bbox 598 497 643 540; x_wconf 92' lang='lat' dir='ltr'><strong>in</strong></span> <span class='ocrx_word' id='word_1_24' title='bbox 674 511 752 540; x_wconf 89' lang='lat' dir='ltr'><strong>nos</strong></span> <span class='ocrx_word' id='word_1_25' title='bbox 783 495 926 540; x_wconf 86' lang='lat' dir='ltr'><strong>dicere</strong></span> <span class='ocrx_word' id='word_1_26' title='bbox 948 506 1155 556; x_wconf 87' lang='lat' dir='ltr'><strong>tanquam</strong></span> <span class='ocrx_word' id='word_1_27' title='bbox 1185 496 1228 538; x_wconf 91' lang='lat' dir='ltr'><strong>in</strong></span> <span class='ocrx_word' id='word_1_28' title='bbox 1256 494 1481 538; x_wconf 80' lang='lat' dir='ltr'><strong>traditores</strong></span> 
     </span>
     <span class='ocr_line' id='line_1_5' title="bbox 95 565 1477 626; baseline -0.002 -13"><span class='ocrx_word' id='word_1_29' title='bbox 95 566 257 623; x_wconf 88' lang='lat' dir='ltr'><strong>soletis,</strong></span> <span class='ocrx_word' id='word_1_30' title='bbox 286 567 332 611; x_wconf 92' lang='lat' dir='ltr'><strong>in</strong></span> <span class='ocrx_word' id='word_1_31' title='bbox 348 567 721 622; x_wconf 84' lang='lat' dir='ltr'><strong>Maximianenses‚</strong></span> <span class='ocrx_word' id='word_1_32' title='bbox 745 582 856 626; x_wconf 93' lang='lat' dir='ltr'><strong>quos</strong></span> <span class='ocrx_word' id='word_1_33' title='bbox 888 567 1106 626; x_wconf 80' lang='lat' dir='ltr'><strong>recepistis</strong></span> <span class='ocrx_word' id='word_1_34' title='bbox 1129 565 1324 610; x_wconf 89' lang='lat' dir='ltr'><strong>damnati</strong></span> <span class='ocrx_word' id='word_1_35' title='bbox 1354 574 1477 620; x_wconf 91' lang='lat' dir='ltr'><strong>sunt,</strong></span> 
     </span>
     <span class='ocr_line' id='line_1_6' title="bbox 95 636 1480 698; baseline -0.003 -16"><span class='ocrx_word' id='word_1_36' title='bbox 95 639 291 698; x_wconf 87' lang='lat' dir='ltr'><strong>graviora</strong></span> <span class='ocrx_word' id='word_1_37' title='bbox 307 638 486 682; x_wconf 81' lang='lat' dir='ltr'><strong>dixistis.</strong></span> <span class='ocrx_word' id='word_1_38' title='bbox 515 640 575 681; x_wconf 90' lang='lat' dir='ltr'><strong>De</strong></span> <span class='ocrx_word' id='word_1_39' title='bbox 594 637 932 698; x_wconf 71' lang='lat' dir='ltr'><strong>Imperator-ibus</strong></span> <span class='ocrx_word' id='word_1_40' title='bbox 954 636 1078 681; x_wconf 90' lang='lat' dir='ltr'><strong>nobis</strong></span> <span class='ocrx_word' id='word_1_41' title='bbox 1100 646 1308 695; x_wconf 82' lang='lat' dir='ltr'><strong>tanquam</strong></span> <span class='ocrx_word' id='word_1_42' title='bbox 1333 650 1480 695; x_wconf 81' lang='lat' dir='ltr'><strong>perse·</strong></span> 
     </span>
     <span class='ocr_line' id='line_1_7' title="bbox 93 707 1477 768; baseline -0.002 -15"><span class='ocrx_word' id='word_1_43' title='bbox 93 709 316 754; x_wconf 71' lang='lat' dir='ltr'><strong>autoribus</strong></span> <span class='ocrx_word' id='word_1_44' title='bbox 332 708 472 753; x_wconf 89' lang='lat' dir='ltr'><strong>facitis</strong></span> <span class='ocrx_word' id='word_1_45' title='bbox 486 707 694 753; x_wconf 90' lang='lat' dir='ltr'><strong>invidiam</strong></span> <span class='ocrx_word' id='word_1_46' title='bbox 719 728 727 753; x_wconf 92' lang='lat'>:</span> <span class='ocrx_word' id='word_1_47' title='bbox 747 724 821 754; x_wconf 93' lang='lat' dir='ltr'><strong>vos</strong></span> <span class='ocrx_word' id='word_1_48' title='bbox 837 707 953 768; x_wconf 87' lang='lat' dir='ltr'><strong>apud</strong></span> <span class='ocrx_word' id='word_1_49' title='bbox 965 708 1148 767; x_wconf 87' lang='lat' dir='ltr'><strong>judices,</strong></span> <span class='ocrx_word' id='word_1_50' title='bbox 1166 722 1274 766; x_wconf 89' lang='lat' dir='ltr'><strong>quos</strong></span> <span class='ocrx_word' id='word_1_51' title='bbox 1293 707 1371 764; x_wconf 81' lang='lat' dir='ltr'><strong>ipsi</strong></span> <span class='ocrx_word' id='word_1_52' title='bbox 1389 709 1477 750; x_wconf 88' lang='lat' dir='ltr'><strong>Im-</strong></span> 
     </span>
     <span class='ocr_line' id='line_1_8' title="bbox 92 775 1473 838; baseline -0.003 -15"><span class='ocrx_word' id='word_1_53' title='bbox 92 787 255 823; x_wconf 84' lang='lat' dir='ltr'><strong>ratores</strong></span> <span class='ocrx_word' id='word_1_54' title='bbox 266 780 490 833; x_wconf 90' lang='lat' dir='ltr'><strong>miserunt,</strong></span> <span class='ocrx_word' id='word_1_55' title='bbox 512 779 920 824; x_wconf 86' lang='lat' dir='ltr'><strong>Maximianensibus</strong></span> <span class='ocrx_word' id='word_1_56' title='bbox 937 778 1280 838; x_wconf 82' lang='lat' dir='ltr'><strong>persecutionem</strong></span> <span class='ocrx_word' id='word_1_57' title='bbox 1300 775 1473 820; x_wconf 82' lang='lat' dir='ltr'><strong>fecistis.</strong></span> 
     </span>
     <span class='ocr_line' id='line_1_9' title="bbox 93 846 1475 907; baseline -0.002 -15"><span class='ocrx_word' id='word_1_58' title='bbox 93 848 360 907; x_wconf 90' lang='lat' dir='ltr'><strong>Baptismum</strong></span> <span class='ocrx_word' id='word_1_59' title='bbox 380 847 584 892; x_wconf 87' lang='lat' dir='ltr'><strong>Ecclesiae</strong></span> <span class='ocrx_word' id='word_1_60' title='bbox 601 849 694 892; x_wconf 91' lang='lat' dir='ltr'><strong>dari</strong></span> <span class='ocrx_word' id='word_1_61' title='bbox 715 857 832 892; x_wconf 85' lang='lat' dir='ltr'><strong>extra</strong></span> <span class='ocrx_word' id='word_1_62' title='bbox 853 846 1088 892; x_wconf 88' lang='lat' dir='ltr'><strong>Ecclesiam</strong></span> <span class='ocrx_word' id='word_1_63' title='bbox 1109 862 1197 892; x_wconf 94' lang='lat' dir='ltr'><strong>non</strong></span> <span class='ocrx_word' id='word_1_64' title='bbox 1217 861 1341 906; x_wconf 85' lang='lat' dir='ltr'><strong>posse</strong></span> <span class='ocrx_word' id='word_1_65' title='bbox 1368 860 1475 890; x_wconf 89' lang='lat' dir='ltr'><strong>con-</strong></span> 
     </span>
     <span class='ocr_line' id='line_1_10' title="bbox 92 916 1478 979; baseline -0.004 -14"><span class='ocrx_word' id='word_1_66' title='bbox 92 918 268 965; x_wconf 84' lang='lat' dir='ltr'><strong>tenditis</strong></span> <span class='ocrx_word' id='word_1_67' title='bbox 288 937 297 963; x_wconf 88' lang='lat'>:</span> <span class='ocrx_word' id='word_1_68' title='bbox 317 934 392 963; x_wconf 89' lang='lat' dir='ltr'><strong>vos</strong></span> <span class='ocrx_word' id='word_1_69' title='bbox 412 918 676 978; x_wconf 85' lang='lat' dir='ltr'><strong>baptismum</strong></span> <span class='ocrx_word' id='word_1_70' title='bbox 688 953 699 974; x_wconf 90' lang='lat'>,</span> <span class='ocrx_word' id='word_1_71' title='bbox 725 933 857 979; x_wconf 90' lang='lat' dir='ltr'><strong>quem</strong></span> <span class='ocrx_word' id='word_1_72' title='bbox 874 919 918 962; x_wconf 90' lang='lat' dir='ltr'><strong>in</strong></span> <span class='ocrx_word' id='word_1_73' title='bbox 935 918 1115 962; x_wconf 85' lang='lat' dir='ltr'><strong>crimine</strong></span> <span class='ocrx_word' id='word_1_74' title='bbox 1128 916 1365 960; x_wconf 88' lang='lat' dir='ltr'><strong>schismatis</strong></span> <span class='ocrx_word' id='word_1_75' title='bbox 1383 918 1478 960; x_wconf 89' lang='lat' dir='ltr'><strong>Ma-</strong></span> 
     </span>
     <span class='ocr_line' id='line_1_11' title="bbox 90 987 1478 1048; baseline -0.001 -16"><span class='ocrx_word' id='word_1_76' title='bbox 90 990 376 1033; x_wconf 80' lang='lat' dir='ltr'><strong>ximianenses</strong></span> <span class='ocrx_word' id='word_1_77' title='bbox 389 987 622 1044; x_wconf 81' lang='lat' dir='ltr'><strong>dederunt,</strong></span> <span class='ocrx_word' id='word_1_78' title='bbox 637 990 682 1032; x_wconf 92' lang='lat' dir='ltr'><strong>in</strong></span> <span class='ocrx_word' id='word_1_79' title='bbox 695 990 877 1048; x_wconf 85' lang='lat' dir='ltr'><strong>receptis</strong></span> <span class='ocrx_word' id='word_1_80' title='bbox 890 989 949 1033; x_wconf 90' lang='lat' dir='ltr'><strong>eis</strong></span> <span class='ocrx_word' id='word_1_81' title='bbox 966 989 1126 1048; x_wconf 88' lang='lat' dir='ltr'><strong>quibus</strong></span> <span class='ocrx_word' id='word_1_82' title='bbox 1141 987 1374 1042; x_wconf 84' lang='lat' dir='ltr'><strong>dederunt,</strong></span> <span class='ocrx_word' id='word_1_83' title='bbox 1390 1001 1478 1031; x_wconf 89' lang='lat' dir='ltr'><strong>non</strong></span> 
     </span>
     <span class='ocr_line' id='line_1_12' title="bbox 91 1057 1478 1118; baseline -0.004 -14"><span class='ocrx_word' id='word_1_84' title='bbox 91 1059 335 1104; x_wconf 81' lang='lat' dir='ltr'><strong>rescidistis.</strong></span> <span class='ocrx_word' id='word_1_85' title='bbox 363 1060 404 1104; x_wconf 93' lang='lat' dir='ltr'><strong>Si</strong></span> <span class='ocrx_word' id='word_1_86' title='bbox 428 1060 521 1103; x_wconf 89' lang='lat' dir='ltr'><strong>haec</strong></span> <span class='ocrx_word' id='word_1_87' title='bbox 542 1075 622 1118; x_wconf 89' lang='lat' dir='ltr'><strong>pro</strong></span> <span class='ocrx_word' id='word_1_88' title='bbox 644 1075 751 1118; x_wconf 85' lang='lat' dir='ltr'><strong>pace</strong></span> <span class='ocrx_word' id='word_1_89' title='bbox 769 1059 946 1103; x_wconf 85' lang='lat' dir='ltr'><strong>unitatis</strong></span> <span class='ocrx_word' id='word_1_90' title='bbox 962 1059 1052 1102; x_wconf 82' lang='lat' dir='ltr'><strong>fleri</strong></span> <span class='ocrx_word' id='word_1_91' title='bbox 1072 1057 1334 1110; x_wconf 85' lang='lat' dir='ltr'><strong>debuerunt,</strong></span> <span class='ocrx_word' id='word_1_92' title='bbox 1360 1058 1478 1100; x_wconf 87' lang='lat' dir='ltr'><strong>unde</strong></span> 
     </span>
     <span class='ocr_line' id='line_1_13' title="bbox 91 1127 1478 1181; baseline -0.001 -7"><span class='ocrx_word' id='word_1_93' title='bbox 91 1144 170 1175; x_wconf 93' lang='lat' dir='ltr'><strong>nos</strong></span> <span class='ocrx_word' id='word_1_94' title='bbox 192 1129 400 1174; x_wconf 86' lang='lat' dir='ltr'><strong>accusetis</strong></span> <span class='ocrx_word' id='word_1_95' title='bbox 421 1145 511 1174; x_wconf 91' lang='lat' dir='ltr'><strong>non</strong></span> <span class='ocrx_word' id='word_1_96' title='bbox 532 1131 732 1174; x_wconf 86' lang='lat' dir='ltr'><strong>invenitis</strong></span> <span class='ocrx_word' id='word_1_97' title='bbox 754 1146 761 1170; x_wconf 93' lang='lat'>:</span> <span class='ocrx_word' id='word_1_98' title='bbox 784 1130 819 1174; x_wconf 89' lang='lat' dir='ltr'><strong>si</strong></span> <span class='ocrx_word' id='word_1_99' title='bbox 841 1138 987 1173; x_wconf 86' lang='lat' dir='ltr'><strong>autem</strong></span> <span class='ocrx_word' id='word_1_100' title='bbox 1011 1144 1099 1173; x_wconf 93' lang='lat' dir='ltr'><strong>non</strong></span> <span class='ocrx_word' id='word_1_101' title='bbox 1116 1127 1381 1181; x_wconf 87' lang='lat' dir='ltr'><strong>debuerunt,</strong></span> <span class='ocrx_word' id='word_1_102' title='bbox 1401 1142 1478 1172; x_wconf 87' lang='lat' dir='ltr'><strong>nos</strong></span> 
     </span>
     <span class='ocr_line' id='line_1_14' title="bbox 91 1196 1479 1259; baseline -0.004 -14"><span class='ocrx_word' id='word_1_103' title='bbox 91 1215 181 1245; x_wconf 90' lang='lat' dir='ltr'><strong>non</strong></span> <span class='ocrx_word' id='word_1_104' title='bbox 214 1201 447 1254; x_wconf 85' lang='lat' dir='ltr'><strong>accusetis,</strong></span> <span class='ocrx_word' id='word_1_105' title='bbox 472 1200 553 1244; x_wconf 88' lang='lat' dir='ltr'><strong>nisi</strong></span> <span class='ocrx_word' id='word_1_106' title='bbox 581 1215 656 1244; x_wconf 91' lang='lat' dir='ltr'><strong>vos</strong></span> <span class='ocrx_word' id='word_1_107' title='bbox 682 1201 794 1259; x_wconf 91' lang='lat' dir='ltr'><strong>ipsos</strong></span> <span class='ocrx_word' id='word_1_108' title='bbox 826 1199 1162 1243; x_wconf 81' lang='lat' dir='ltr'><strong>damnaveritis?</strong></span> <span class='ocrx_word' id='word_1_109' title='bbox 1195 1196 1304 1243; x_wconf 92' lang='lat' dir='ltr'><strong>Nolo</strong></span> <span class='ocrx_word' id='word_1_110' title='bbox 1331 1206 1370 1242; x_wconf 83' lang='lat' dir='ltr'><strong>te</strong></span> <span class='ocrx_word' id='word_1_111' title='bbox 1405 1212 1479 1256; x_wconf 89' lang='lat' dir='ltr'><strong>per</strong></span> 
     </span>
     <span class='ocr_line' id='line_1_15' title="bbox 92 1270 1479 1330; baseline -0.002 -15"><span class='ocrx_word' id='word_1_112' title='bbox 92 1270 230 1315; x_wconf 90' lang='lat' dir='ltr'><strong>multa</strong></span> <span class='ocrx_word' id='word_1_113' title='bbox 265 1270 510 1327; x_wconf 78' lang='lat' dir='ltr'><strong>distenda53</strong></span> <span class='ocrx_word' id='word_1_114' title='bbox 554 1286 654 1314; x_wconf 88' lang='lat' dir='ltr'><strong>nam</strong></span> <span class='ocrx_word' id='word_1_115' title='bbox 692 1280 735 1314; x_wconf 88' lang='lat' dir='ltr'><strong>et</strong></span> <span class='ocrx_word' id='word_1_116' title='bbox 765 1286 846 1330; x_wconf 87' lang='lat' dir='ltr'><strong>ego</strong></span> <span class='ocrx_word' id='word_1_117' title='bbox 881 1285 1049 1329; x_wconf 82' lang='lat' dir='ltr'><strong>possem</strong></span> <span class='ocrx_word' id='word_1_118' title='bbox 1085 1270 1272 1314; x_wconf 82' lang='lat' dir='ltr'><strong>breviter</strong></span> <span class='ocrx_word' id='word_1_119' title='bbox 1299 1283 1347 1312; x_wconf 89' lang='lat' dir='ltr'><strong>ea</strong></span> <span class='ocrx_word' id='word_1_120' title='bbox 1379 1283 1479 1327; x_wconf 82' lang='lat' dir='ltr'><strong>quae</strong></span> 
     </span>
     <span class='ocr_line' id='line_1_16' title="bbox 90 1337 1478 1391; baseline -0.003 -7"><span class='ocrx_word' id='word_1_121' title='bbox 90 1349 241 1385; x_wconf 88' lang='lat' dir='ltr'><strong>contra</strong></span> <span class='ocrx_word' id='word_1_122' title='bbox 274 1349 317 1385; x_wconf 93' lang='lat' dir='ltr'><strong>te</strong></span> <span class='ocrx_word' id='word_1_123' title='bbox 347 1340 463 1385; x_wconf 87' lang='lat' dir='ltr'><strong>dicta</strong></span> <span class='ocrx_word' id='word_1_124' title='bbox 490 1349 613 1391; x_wconf 88' lang='lat' dir='ltr'><strong>sunt,</strong></span> <span class='ocrx_word' id='word_1_125' title='bbox 646 1340 690 1384; x_wconf 87' lang='lat' dir='ltr'><strong>in</strong></span> <span class='ocrx_word' id='word_1_126' title='bbox 726 1340 977 1385; x_wconf 89' lang='lat' dir='ltr'><strong>memoriam</strong></span> <span class='ocrx_word' id='word_1_127' title='bbox 1009 1354 1241 1384; x_wconf 86' lang='lat' dir='ltr'><strong>revocare:</strong></span> <span class='ocrx_word' id='word_1_128' title='bbox 1267 1337 1341 1383; x_wconf 90' lang='lat' dir='ltr'><strong>sed</strong></span> <span class='ocrx_word' id='word_1_129' title='bbox 1374 1337 1478 1382; x_wconf 88' lang='lat' dir='ltr'><strong>hinc</strong></span> 
     </span>
     <span class='ocr_line' id='line_1_17' title="bbox 91 1408 1479 1470; baseline -0.004 -14"><span class='ocrx_word' id='word_1_130' title='bbox 91 1411 231 1457; x_wconf 90' lang='lat' dir='ltr'><strong>solum</strong></span> <span class='ocrx_word' id='word_1_131' title='bbox 253 1413 415 1470; x_wconf 83' lang='lat' dir='ltr'><strong>cogita,</strong></span> <span class='ocrx_word' id='word_1_132' title='bbox 450 1412 853 1457; x_wconf 83' lang='lat' dir='ltr'><strong>Maximianensium</strong></span> <span class='ocrx_word' id='word_1_133' title='bbox 888 1426 1061 1455; x_wconf 85' lang='lat' dir='ltr'><strong>cansam</strong></span> <span class='ocrx_word' id='word_1_134' title='bbox 1092 1410 1171 1455; x_wconf 73' lang='lat' dir='ltr'><strong>tibi</strong></span> <span class='ocrx_word' id='word_1_135' title='bbox 1202 1418 1301 1454; x_wconf 85' lang='lat' dir='ltr'><strong>ante</strong></span> <span class='ocrx_word' id='word_1_136' title='bbox 1331 1408 1479 1453; x_wconf 89' lang='lat' dir='ltr'><strong>oculos</strong></span> 
     </span>
     <span class='ocr_line' id='line_1_18' title="bbox 92 1480 1479 1542; baseline -0.004 -15"><span class='ocrx_word' id='word_1_137' title='bbox 92 1498 230 1542; x_wconf 81' lang='lat' dir='ltr'><strong>pone3</strong></span> <span class='ocrx_word' id='word_1_138' title='bbox 253 1483 286 1527; x_wconf 89' lang='lat' dir='ltr'><strong>si</strong></span> <span class='ocrx_word' id='word_1_139' title='bbox 308 1483 362 1527; x_wconf 89' lang='lat' dir='ltr'><strong>de</strong></span> <span class='ocrx_word' id='word_1_140' title='bbox 376 1483 456 1527; x_wconf 86' lang='lat' dir='ltr'><strong>hac</strong></span> <span class='ocrx_word' id='word_1_141' title='bbox 476 1483 601 1527; x_wconf 88' lang='lat' dir='ltr'><strong>nobis</strong></span> <span class='ocrx_word' id='word_1_142' title='bbox 624 1482 883 1541; x_wconf 85' lang='lat' dir='ltr'><strong>respondere</strong></span> <span class='ocrx_word' id='word_1_143' title='bbox 901 1482 1116 1541; x_wconf 82' lang='lat' dir='ltr'><strong>potueris,</strong></span> <span class='ocrx_word' id='word_1_144' title='bbox 1139 1480 1370 1539; x_wconf 82' lang='lat' dir='ltr'><strong>aggredere</strong></span> <span class='ocrx_word' id='word_1_145' title='bbox 1391 1494 1479 1523; x_wconf 86' lang='lat' dir='ltr'><strong>cae-</strong></span> 
     </span>
     <span class='ocr_line' id='line_1_19' title="bbox 92 1549 1479 1612; baseline -0.004 -14"><span class='ocrx_word' id='word_1_146' title='bbox 92 1561 183 1598; x_wconf 84' lang='lat' dir='ltr'><strong>tera</strong></span> <span class='ocrx_word' id='word_1_147' title='bbox 208 1573 217 1598; x_wconf 91' lang='lat'>:</span> <span class='ocrx_word' id='word_1_148' title='bbox 243 1553 278 1597; x_wconf 92' lang='lat' dir='ltr'><strong>si</strong></span> <span class='ocrx_word' id='word_1_149' title='bbox 295 1562 439 1598; x_wconf 85' lang='lat' dir='ltr'><strong>autem</strong></span> <span class='ocrx_word' id='word_1_150' title='bbox 461 1568 550 1598; x_wconf 92' lang='lat' dir='ltr'><strong>non</strong></span> <span class='ocrx_word' id='word_1_151' title='bbox 574 1553 780 1612; x_wconf 82' lang='lat' dir='ltr'><strong>potueris,</strong></span> <span class='ocrx_word' id='word_1_152' title='bbox 802 1553 956 1597; x_wconf 84' lang='lat' dir='ltr'><strong>melius</strong></span> <span class='ocrx_word' id='word_1_153' title='bbox 978 1553 1171 1612; x_wconf 85' lang='lat' dir='ltr'><strong>quiescas</strong></span> <span class='ocrx_word' id='word_1_154' title='bbox 1196 1565 1325 1610; x_wconf 87' lang='lat' dir='ltr'><strong>quam</strong></span> <span class='ocrx_word' id='word_1_155' title='bbox 1342 1549 1479 1593; x_wconf 80' lang='lat' dir='ltr'><strong>calces</strong></span> 
     </span>
     <span class='ocr_line' id='line_1_20' title="bbox 93 1623 701 1683; baseline -0.003 -14"><span class='ocrx_word' id='word_1_156' title='bbox 93 1623 296 1670; x_wconf 88' lang='lat' dir='ltr'><strong>adversus</strong></span> <span class='ocrx_word' id='word_1_157' title='bbox 317 1624 542 1669; x_wconf 89' lang='lat' dir='ltr'><strong>stimulum</strong></span> <span class='ocrx_word' id='word_1_158' title='bbox 555 1624 701 1683; x_wconf 84' lang='lat' dir='ltr'><strong>jacias.</strong></span> 
     </span>
    </p>
   </div>
  </div>
 </body>
</html>
