1825 3264
315 287 399 329 506
753 298 786 327 s.
822 295 1053 327 mensum
1084 297 1267 327 Emscom

313 364 503 425 potuerit
521 364 567 407 in
589 364 758 409 unitate
774 373 840 409 tot
862 365 1055 424 gentium
1077 364 1359 419 Christianos,
1383 363 1452 409 vel
1469 363 1599 425 longe
1624 381 1694 410 re-

310 435 588 490 motissimos,
608 433 677 479 vel
698 433 826 493 longe
848 444 1040 494 posteros
1055 455 1065 492 3
1080 435 1112 478 si
1134 435 1298 479 crimen
1315 434 1509 494 sacrilegi
1530 436 1693 482 surculi

310 505 559 550 Maximiani
580 505 799 550 maculare
825 521 914 550 non
941 505 1084 565 potuit
1107 505 1173 549 vel
1196 506 1332 550 socios
1355 505 1507 562 Afros,
1533 508 1716 566 quibus,

313 576 466 620 dantes
487 575 739 620 dilationem
762 577 942 620 trecenti
966 585 1009 620 et
1031 574 1183 620 decem
1206 576 1396 636 episcopi
1421 579 1550 621 vestri
1571 577 1695 622 dixe-

311 656 431 701 runt,
461 665 480 690 ιι
503 661 612 706 quos
630 646 825 705 sacrilegi
847 645 1009 691 surculi
1028 661 1117 690 non
1134 646 1330 706 polluere
1345 646 1697 706 plantaria,»=vel

311 733 385 762 vos
402 718 516 777 ipsos
531 752 541 771 ,
575 717 651 777 qui
672 732 763 761 non
782 716 922 761 solum
950 717 1053 761 istos
1081 733 1191 778 quos
1220 718 1474 763 innocentes
1499 717 1664 763 dixistis
1681 753 1692 774 ,

309 802 461 833 verum
492 788 620 831 etiam
642 788 688 831 in
712 787 789 832 illo
810 787 1033 847 sacrilegio
1050 789 1140 848 jam
1161 789 1390 833 damnatos
1407 823 1419 844 ‚
1445 798 1565 834 tanta
1586 804 1696 834 con-

308 857 456 904 cordia
476 859 733 918 suscepistis.

368 932 441 973 LI.
468 929 580 973 Dicis
601 928 894 973 Orientalibus
916 937 1020 973 nota
1043 927 1175 973 fuisse
1195 930 1375 973 crimina
1398 928 1658 974 traditorum
1676 964 1689 985 ‚

309 999 486 1061 quando
499 1001 578 1044 tibi
593 999 700 1044 Afro
713 1000 1115 1044 Maximianensium
1131 999 1315 1043 schisma
1329 1000 1375 1043 in
1383 1000 1542 1045 Africae
1555 1000 1696 1060 capite

307 1071 603 1124 commissum,
619 1078 853 1129 antequam
876 1084 991 1113 meas
1012 1070 1194 1113 Litteras
1215 1069 1364 1129 legens
1377 1069 1506 1115 valde
1526 1085 1697 1130 permo-

309 1151 377 1186 tus
407 1141 651 1185 consuleres
674 1141 899 1200 episcopos
919 1150 1083 1184 vestros
1107 1142 1378 1199 incognitum
1402 1142 1501 1197 fuit,
1527 1151 1571 1186 et
1594 1157 1696 1187 cum

306 1213 592 1257 consuluisses
609 1247 620 1265 ⁷
645 1227 796 1256 verum
821 1212 875 1256 ab
898 1213 958 1255 eis
980 1211 1131 1255 audire
1161 1213 1340 1256 minime
1360 1213 1557 1272 potuisti.
1579 1217 1696 1267 Quos

308 1291 423 1327 certe
444 1282 476 1326 si
500 1282 713 1338 defendis,
738 1297 793 1325 ne
816 1281 933 1326 dicas
957 1282 1178 1336 mentitos,
1199 1281 1402 1326 concedis
1423 1284 1593 1341 ignaros
1619 1303 1628 1329 ε
1653 1292 1697 1328 et

308 1364 455 1400 tamen
474 1370 553 1399 nec
576 1370 654 1399 nos
686 1370 766 1398 nec
801 1355 989 1398 Orientis
1021 1364 1063 1398 et
1094 1353 1343 1399 Occidentis
1370 1363 1435 1399 tot
1464 1365 1695 1416 tantosque

306 1424 492 1485 populos
519 1425 671 1469 saltem
701 1426 865 1469 nescire
887 1425 1097 1485 permittis
1125 1440 1295 1469 causam
1321 1425 1569 1484 Caeciliani3
1593 1441 1693 1471 cum

306 1497 373 1540 isti
389 1497 581 1540 nesciant
596 1497 840 1540 Praetextati
855 1505 896 1540 et
911 1495 1134 1551 Feliciani,
1149 1511 1257 1556 quos
1274 1498 1454 1540 trecenti
1467 1507 1509 1541 et
1522 1497 1690 1552 decem,

306 1568 390 1611 hoc
412 1577 474 1611 est
492 1602 503 1621 ,
527 1576 600 1611 aut
619 1583 789 1620 omnes,
812 1576 886 1611 aut
909 1582 1044 1626 prope
1065 1582 1217 1611 omnes
1234 1568 1423 1627 episcopi
1447 1568 1578 1627 partis
1608 1571 1694 1613 Do-

307 1638 398 1680 nati
430 1636 524 1680 Afri
563 1638 690 1681 Afros
723 1639 767 1681 in
801 1636 943 1682 Africa
982 1638 1327 1693 damnaverunt,
1362 1636 1457 1682 Afri
1493 1636 1620 1683 Afros
1647 1638 1693 1682 in

307 1706 452 1751 Africa
475 1716 772 1766 susceperunt.

374 1780 468 1820 L11.
523 1777 679 1821 Inscris
712 1776 974 1836 principium
1015 1775 1277 1820 sardicensis
1319 1776 1492 1822 concilii
1520 1812 1531 1833 ‚
1577 1776 1696 1822 unde

305 1847 490 1906 probare
512 1846 828 1907 conaris‚quod
851 1846 1090 1890 Orientales
1109 1847 1298 1906 episcopi
1316 1848 1490 1905 cognito
1513 1848 1695 1892 crimine

305 1917 561 1961 traditorum
588 1952 599 1972 ,
635 1918 746 1976 parti
782 1917 937 1961 Donati
975 1918 1394 1962 communicaverint
1433 1938 1444 1976 3
1481 1919 1566 1963 hoc
1603 1934 1693 1963 uno
1741 1932 1747 1940 ·

307 2003 466 2046 magno
499 1987 660 2032 scilicet
681 1987 947 2032 documento
966 2022 978 2043 ,
1003 1987 1124 2047 quod
1146 1988 1259 2032 inter
1282 1989 1505 2048 episcopos
1531 1990 1692 2050 quibus

307 2059 517 2110 scribunt,
536 2060 691 2104 Donati
715 2074 876 2103 nomen
898 2060 1126 2104 inventum
1150 2069 1229 2104 est.
1248 2062 1336 2105 Nec
1358 2069 1504 2104 tamen
1525 2061 1587 2105 ibi
1609 2060 1692 2105 ali-

306 2129 412 2189 quid
437 2130 594 2187 legitur
628 2145 700 2174 eos
729 2132 783 2174 de
812 2130 925 2174 Afris
958 2130 1237 2174 traditoribus
1259 2132 1523 2188 cognovisse.
1561 2132 1691 2184 Quod

307 2199 484 2258 quidem
508 2200 757 2255 concilium,
783 2215 837 2244 ne
861 2209 903 2242 te
925 2199 1071 2253 lateat,
1089 2200 1346 2244 Arianorum
1372 2209 1452 2255 est,
1476 2215 1587 2261 quos
1602 2202 1690 2261 jam

306 2279 355 2314 tu
382 2271 494 2314 inter
512 2271 615 2315 alios
644 2272 870 2315 haereticos
889 2272 1122 2315 nominasti
1147 2289 1157 2315 t
1182 2286 1262 2315 nec
1285 2271 1443 2316 additis
1465 2271 1690 2316 civitatum

307 2341 556 2385 nominibus
575 2341 658 2401 legi
681 2342 804 2396 solet,
821 2343 922 2401 quia
945 2357 1024 2385 nec
1046 2342 1136 2401 ipse
1164 2357 1256 2386 mos
1279 2353 1340 2387 est
1360 2342 1687 2398 ecclesiasticus,

305 2412 484 2471 quando
496 2412 686 2472 episcopi
701 2412 911 2472 episcopis
922 2412 1120 2457 scribunt
1131 2413 1386 2472 Epistolam.
1402 2412 1526 2458 Unde
1547 2414 1691 2458 nescio

305 2482 402 2541 quis
419 2483 496 2526 iste
515 2485 708 2526 Donatus
723 2518 734 2538 ‚
756 2483 889 2527 miror
910 2483 942 2526 si
964 2498 1053 2527 non
1073 2483 1116 2526 in
1145 2485 1295 2527 vestris
1316 2483 1468 2528 litteris
1504 2484 1689 2529 Cartha-

305 2553 489 2608 ginensis
519 2555 658 2598 factus
687 2563 750 2597 est
777 2572 785 2598 :
807 2569 1059 2613 quanquam
1082 2555 1307 2613 potuerint
1326 2554 1495 2600 illitam
1513 2553 1688 2613 longin-

307 2620 401 2679 quis
423 2622 545 2665 terris
563 2623 615 2666 ab
630 2624 770 2667 Africa
786 2625 989 2682 separati,
1005 2639 1056 2668 eo
1074 2624 1166 2682 ipso
1180 2633 1376 2683 tempore
1393 2640 1483 2684 quo
1499 2623 1685 2669 scribere
