<?xml version="1.0" encoding="UTF-8"?>
<!DOCTYPE html PUBLIC "-//W3C//DTD XHTML 1.0 Transitional//EN"
    "http://www.w3.org/TR/xhtml1/DTD/xhtml1-transitional.dtd">
<html xmlns="http://www.w3.org/1999/xhtml" xml:lang="en" lang="en">
 <head>
  <title>
</title>
<meta http-equiv="Content-Type" content="text/html;charset=utf-8" />
  <meta name='ocr-system' content='tesseract 3.04.00' />
  <meta name='ocr-capabilities' content='ocr_page ocr_carea ocr_par ocr_line ocrx_word'/>
</head>
<body>
  <div class='ocr_page' id='page_1' title='image "./operaomniaaccura32auguuoft_0124.png"; bbox 0 0 1825 3264; ppageno 0'>
   <div class='ocr_carea' id='block_1_1' title="bbox 399 228 1337 268">
    <p class='ocr_par' dir='ltr' id='par_1_1' title="bbox 399 228 1337 268">
     <span class='ocr_line' id='line_1_1' title="bbox 399 228 1337 268; baseline -0.011 0"><span class='ocrx_word' id='word_1_1' title='bbox 399 235 414 268; x_wconf 90' lang='lat'>1</span> <span class='ocrx_word' id='word_1_2' title='bbox 429 228 478 267; x_wconf 78' lang='lat'>14</span> <span class='ocrx_word' id='word_1_3' title='bbox 823 233 855 262; x_wconf 91' lang='lat' dir='ltr'>s.</span> <span class='ocrx_word' id='word_1_4' title='bbox 892 233 1123 262; x_wconf 71' lang='lat' dir='ltr'>Aucus‘nm</span> <span class='ocrx_word' id='word_1_5' title='bbox 1156 233 1337 261; x_wconf 63' lang='lat' dir='ltr'>tracon</span> 
     </span>
    </p>
   </div>
   <div class='ocr_carea' id='block_1_2' title="bbox 379 295 1803 2623">
    <p class='ocr_par' dir='ltr' id='par_1_2' title="bbox 379 295 1803 2623">
     <span class='ocr_line' id='line_1_2' title="bbox 391 295 1778 360; baseline -0.008 -9"><span class='ocrx_word' id='word_1_6' title='bbox 391 305 521 350; x_wconf 87' lang='lat' dir='ltr'>vestri</span> <span class='ocrx_word' id='word_1_7' title='bbox 536 303 651 356; x_wconf 91' lang='lat' dir='ltr'>mali,</span> <span class='ocrx_word' id='word_1_8' title='bbox 664 315 743 346; x_wconf 85' lang='lat' dir='ltr'>nec</span> <span class='ocrx_word' id='word_1_9' title='bbox 760 301 840 360; x_wconf 87' lang='lat' dir='ltr'>ipsi</span> <span class='ocrx_word' id='word_1_10' title='bbox 853 309 1057 354; x_wconf 86' lang='lat' dir='ltr'>vestram,</span> <span class='ocrx_word' id='word_1_11' title='bbox 1070 314 1150 343; x_wconf 91' lang='lat' dir='ltr'>nec</span> <span class='ocrx_word' id='word_1_12' title='bbox 1167 313 1242 344; x_wconf 91' lang='lat' dir='ltr'>vos</span> <span class='ocrx_word' id='word_1_13' title='bbox 1255 299 1448 358; x_wconf 89' lang='lat' dir='ltr'>ipsorum</span> <span class='ocrx_word' id='word_1_14' title='bbox 1464 317 1475 354; x_wconf 78' lang='lat'><em>3</em></span> <span class='ocrx_word' id='word_1_15' title='bbox 1491 295 1566 341; x_wconf 90' lang='lat' dir='ltr'>sed</span> <span class='ocrx_word' id='word_1_16' title='bbox 1584 304 1778 341; x_wconf 86' lang='lat' dir='ltr'>vestrum</span> 
     </span>
     <span class='ocr_line' id='line_1_3' title="bbox 389 369 1778 431; baseline -0.006 -12"><span class='ocrx_word' id='word_1_17' title='bbox 389 375 586 421; x_wconf 87' lang='lat' dir='ltr'>omnium</span> <span class='ocrx_word' id='word_1_18' title='bbox 607 373 850 418; x_wconf 82' lang='lat' dir='ltr'>communis</span> <span class='ocrx_word' id='word_1_19' title='bbox 863 371 1044 431; x_wconf 89' lang='lat' dir='ltr'>pessima</span> <span class='ocrx_word' id='word_1_20' title='bbox 1065 370 1230 415; x_wconf 84' lang='lat' dir='ltr'>sarcina</span> <span class='ocrx_word' id='word_1_21' title='bbox 1251 370 1436 414; x_wconf 83' lang='lat' dir='ltr'>schisma</span> <span class='ocrx_word' id='word_1_22' title='bbox 1457 377 1535 413; x_wconf 89' lang='lat' dir='ltr'>est.</span> <span class='ocrx_word' id='word_1_23' title='bbox 1558 369 1652 413; x_wconf 87' lang='lat' dir='ltr'>Hoc</span> <span class='ocrx_word' id='word_1_24' title='bbox 1664 382 1778 427; x_wconf 81' lang='lat' dir='ltr'>saepe</span> 
     </span>
     <span class='ocr_line' id='line_1_4' title="bbox 384 436 1780 506; baseline -0.005 -17"><span class='ocrx_word' id='word_1_25' title='bbox 384 448 476 506; x_wconf 83' lang='lat' dir='ltr'>jam</span> <span class='ocrx_word' id='word_1_26' title='bbox 498 443 700 488; x_wconf 83' lang='lat' dir='ltr'><strong>diximus.</strong></span> <span class='ocrx_word' id='word_1_27' title='bbox 726 442 894 487; x_wconf 82' lang='lat' dir='ltr'>Exhibe</span> <span class='ocrx_word' id='word_1_28' title='bbox 916 441 1048 500; x_wconf 84' lang='lat' dir='ltr'>igitur</span> <span class='ocrx_word' id='word_1_29' title='bbox 1061 456 1150 486; x_wconf 91' lang='lat' dir='ltr'>non</span> <span class='ocrx_word' id='word_1_30' title='bbox 1167 440 1472 505; x_wconf 9' lang='lat' dir='ltr'>episcoporum?</span> <span class='ocrx_word' id='word_1_31' title='bbox 1486 439 1679 494; x_wconf 86' lang='lat' dir='ltr'>nomina,</span> <span class='ocrx_word' id='word_1_32' title='bbox 1701 436 1780 483; x_wconf 84' lang='lat' dir='ltr'>sed</span> 
     </span>
     <span class='ocr_line' id='line_1_5' title="bbox 388 508 1779 576; baseline -0.005 -15"><span class='ocrx_word' id='word_1_33' title='bbox 388 514 700 576; x_wconf 83' lang='lat' dir='ltr'>imperatorum</span> <span class='ocrx_word' id='word_1_34' title='bbox 719 529 768 559; x_wconf 86' lang='lat' dir='ltr'>ac</span> <span class='ocrx_word' id='word_1_35' title='bbox 789 513 993 575; x_wconf 84' lang='lat' dir='ltr'>judicum</span> <span class='ocrx_word' id='word_1_36' title='bbox 1009 522 1272 568; x_wconf 88' lang='lat' dir='ltr'>nostrorum,</span> <span class='ocrx_word' id='word_1_37' title='bbox 1292 512 1370 572; x_wconf 89' lang='lat' dir='ltr'>qui</span> <span class='ocrx_word' id='word_1_38' title='bbox 1388 526 1464 556; x_wconf 88' lang='lat' dir='ltr'>vos</span> <span class='ocrx_word' id='word_1_39' title='bbox 1478 508 1779 571; x_wconf 83' lang='lat' dir='ltr'>persequendo</span> 
     </span>
     <span class='ocr_line' id='line_1_6' title="bbox 385 581 1780 649; baseline -0.004 -18"><span class='ocrx_word' id='word_1_40' title='bbox 385 587 623 649; x_wconf 88' lang='lat' dir='ltr'>perierunt.</span> <span class='ocrx_word' id='word_1_41' title='bbox 650 587 744 630; x_wconf 92' lang='lat' dir='ltr'>Hoc</span> <span class='ocrx_word' id='word_1_42' title='bbox 767 585 882 629; x_wconf 88' lang='lat' dir='ltr'>enim</span> <span class='ocrx_word' id='word_1_43' title='bbox 906 599 1208 644; x_wconf 85' lang='lat' dir='ltr'>proposueras,</span> <span class='ocrx_word' id='word_1_44' title='bbox 1234 583 1318 627; x_wconf 89' lang='lat' dir='ltr'>hoc</span> <span class='ocrx_word' id='word_1_45' title='bbox 1332 582 1606 642; x_wconf 79' lang='lat' dir='ltr'>promiseras,</span> <span class='ocrx_word' id='word_1_46' title='bbox 1627 581 1682 625; x_wconf 87' lang='lat' dir='ltr'>ad</span> <span class='ocrx_word' id='word_1_47' title='bbox 1695 581 1780 625; x_wconf 93' lang='lat' dir='ltr'>hoc</span> 
     </span>
     <span class='ocr_line' id='line_1_7' title="bbox 385 651 1778 713; baseline -0.004 -11"><span class='ocrx_word' id='word_1_48' title='bbox 385 673 464 703; x_wconf 92' lang='lat' dir='ltr'>nos</span> <span class='ocrx_word' id='word_1_49' title='bbox 486 656 794 701; x_wconf 90' lang='lat' dir='ltr'>intentissimos</span> <span class='ocrx_word' id='word_1_50' title='bbox 816 655 994 700; x_wconf 81' lang='lat' dir='ltr'>feceras.</span> <span class='ocrx_word' id='word_1_51' title='bbox 1023 674 1043 697; x_wconf 89' lang='lat'>«</span> <span class='ocrx_word' id='word_1_52' title='bbox 1066 653 1196 709; x_wconf 78' lang='lat' dir='ltr'>Audi,</span> <span class='ocrx_word' id='word_1_53' title='bbox 1214 653 1374 713; x_wconf 90' lang='lat' dir='ltr'>inquit,</span> <span class='ocrx_word' id='word_1_54' title='bbox 1399 653 1527 712; x_wconf 89' lang='lat' dir='ltr'>periit</span> <span class='ocrx_word' id='word_1_55' title='bbox 1547 651 1778 707; x_wconf 64' lang='lat' dir='ltr'>Macarius,</span> 
     </span>
     <span class='ocr_line' id='line_1_8' title="bbox 384 722 1781 788; baseline -0.005 -15"><span class='ocrx_word' id='word_1_56' title='bbox 384 728 512 788; x_wconf 89' lang='lat' dir='ltr'>periit</span> <span class='ocrx_word' id='word_1_57' title='bbox 535 727 756 782; x_wconf 88' lang='lat' dir='ltr'>Ursacius,</span> <span class='ocrx_word' id='word_1_58' title='bbox 781 727 1018 786; x_wconf 87' lang='lat' dir='ltr'>cunctique</span> <span class='ocrx_word' id='word_1_59' title='bbox 1040 725 1230 770; x_wconf 86' lang='lat' dir='ltr'>Comites</span> <span class='ocrx_word' id='word_1_60' title='bbox 1252 724 1381 768; x_wconf 91' lang='lat' dir='ltr'>vestri</span> <span class='ocrx_word' id='word_1_61' title='bbox 1404 723 1481 768; x_wconf 92' lang='lat' dir='ltr'>Dei</span> <span class='ocrx_word' id='word_1_62' title='bbox 1502 722 1662 783; x_wconf 88' lang='lat' dir='ltr'>pariter</span> <span class='ocrx_word' id='word_1_63' title='bbox 1683 722 1781 766; x_wconf 88' lang='lat' dir='ltr'>vin-</span> 
     </span>
     <span class='ocr_line' id='line_1_9' title="bbox 383 794 1780 858; baseline -0.004 -16"><span class='ocrx_word' id='word_1_64' title='bbox 383 798 499 844; x_wconf 88' lang='lat' dir='ltr'>dicta</span> <span class='ocrx_word' id='word_1_65' title='bbox 535 799 826 858; x_wconf 83' lang='lat' dir='ltr'>perierunt.»</span> <span class='ocrx_word' id='word_1_66' title='bbox 866 800 981 841; x_wconf 89' lang='lat' dir='ltr'>Duos</span> <span class='ocrx_word' id='word_1_67' title='bbox 1021 795 1133 840; x_wconf 88' lang='lat' dir='ltr'>solos</span> <span class='ocrx_word' id='word_1_68' title='bbox 1165 794 1515 853; x_wconf 81' lang='lat' dir='ltr'>commemorasti</span> <span class='ocrx_word' id='word_1_69' title='bbox 1539 827 1550 849; x_wconf 95' lang='lat'>,</span> <span class='ocrx_word' id='word_1_70' title='bbox 1589 807 1780 853; x_wconf 88' lang='lat' dir='ltr'>quorum</span> 
     </span>
     <span class='ocr_line' id='line_1_10' title="bbox 381 848 1781 929; baseline -0.004 -15"><span class='ocrx_word' id='word_1_71' title='bbox 381 879 538 914; x_wconf 84' lang='lat' dir='ltr'>neuter</span> <span class='ocrx_word' id='word_1_72' title='bbox 565 870 801 929; x_wconf 88' lang='lat' dir='ltr'>imperator</span> <span class='ocrx_word' id='word_1_73' title='bbox 836 866 933 913; x_wconf 89' lang='lat' dir='ltr'>fuit.</span> <span class='ocrx_word' id='word_1_74' title='bbox 972 868 1056 912; x_wconf 92' lang='lat' dir='ltr'>Cui</span> <span class='ocrx_word' id='word_1_75' title='bbox 1093 867 1177 912; x_wconf 89' lang='lat' dir='ltr'>hoc</span> <span class='ocrx_word' id='word_1_76' title='bbox 1207 848 1400 926; x_wconf 86' lang='lat' dir='ltr'>placeat,</span> <span class='ocrx_word' id='word_1_77' title='bbox 1427 880 1575 925; x_wconf 82' lang='lat' dir='ltr'>quaeso</span> <span class='ocrx_word' id='word_1_78' title='bbox 1596 867 1671 909; x_wconf 79' lang='lat' dir='ltr'>te?</span> <span class='ocrx_word' id='word_1_79' title='bbox 1700 863 1781 909; x_wconf 89' lang='lat' dir='ltr'>tibi</span> 
     </span>
     <span class='ocr_line' id='line_1_11' title="bbox 380 936 1800 1000; baseline -0.004 -17"><span class='ocrx_word' id='word_1_80' title='bbox 380 941 473 1000; x_wconf 87' lang='lat' dir='ltr'>ipse</span> <span class='ocrx_word' id='word_1_81' title='bbox 494 955 644 985; x_wconf 91' lang='lat' dir='ltr'>nonne</span> <span class='ocrx_word' id='word_1_82' title='bbox 664 939 894 999; x_wconf 83' lang='lat' dir='ltr'>displices?</span> <span class='ocrx_word' id='word_1_83' title='bbox 927 937 1148 982; x_wconf 82' lang='lat' dir='ltr'>Promittis</span> <span class='ocrx_word' id='word_1_84' title='bbox 1171 952 1302 996; x_wconf 82' lang='lat' dir='ltr'>quam</span> <span class='ocrx_word' id='word_1_85' title='bbox 1332 936 1478 995; x_wconf 86' lang='lat' dir='ltr'>plures</span> <span class='ocrx_word' id='word_1_86' title='bbox 1500 936 1800 994; x_wconf 60' lang='lat' dir='ltr'>imperatores.</span> 
     </span>
     <span class='ocr_line' id='line_1_12' title="bbox 382 1008 1783 1072; baseline -0.004 -16"><span class='ocrx_word' id='word_1_87' title='bbox 382 1027 432 1056; x_wconf 90' lang='lat' dir='ltr'>ac</span> <span class='ocrx_word' id='word_1_88' title='bbox 459 1011 631 1072; x_wconf 84' lang='lat' dir='ltr'>judices</span> <span class='ocrx_word' id='word_1_89' title='bbox 666 1020 836 1055; x_wconf 89' lang='lat' dir='ltr'>nostros</span> <span class='ocrx_word' id='word_1_90' title='bbox 863 1019 906 1053; x_wconf 91' lang='lat' dir='ltr'>te</span> <span class='ocrx_word' id='word_1_91' title='bbox 932 1017 1381 1054; x_wconf 86' lang='lat' dir='ltr'>commemoraturum</span> <span class='ocrx_word' id='word_1_92' title='bbox 1397 1043 1407 1063; x_wconf 94' lang='lat'>,</span> <span class='ocrx_word' id='word_1_93' title='bbox 1442 1008 1518 1068; x_wconf 88' lang='lat' dir='ltr'>qui</span> <span class='ocrx_word' id='word_1_94' title='bbox 1540 1023 1616 1052; x_wconf 91' lang='lat' dir='ltr'>vos</span> <span class='ocrx_word' id='word_1_95' title='bbox 1636 1020 1783 1066; x_wconf 88' lang='lat' dir='ltr'>perse-</span> 
     </span>
     <span class='ocr_line' id='line_1_13' title="bbox 381 1076 1800 1142; baseline -0.004 -16"><span class='ocrx_word' id='word_1_96' title='bbox 381 1082 560 1142; x_wconf 91' lang='lat' dir='ltr'>quendo</span> <span class='ocrx_word' id='word_1_97' title='bbox 582 1081 816 1141; x_wconf 89' lang='lat' dir='ltr'>perierint,</span> <span class='ocrx_word' id='word_1_98' title='bbox 855 1088 899 1124; x_wconf 86' lang='lat' dir='ltr'>et</span> <span class='ocrx_word' id='word_1_99' title='bbox 922 1079 1063 1123; x_wconf 87' lang='lat' dir='ltr'>tacitis</span> <span class='ocrx_word' id='word_1_100' title='bbox 1092 1079 1427 1138; x_wconf 86' lang='lat' dir='ltr'>imperatoribus</span> <span class='ocrx_word' id='word_1_101' title='bbox 1453 1077 1650 1139; x_wconf 79' lang='lat' dir='ltr'>nominas</span> <span class='ocrx_word' id='word_1_102' title='bbox 1670 1076 1800 1121; x_wconf 60' lang='lat' dir='ltr'>duos</span> 
     </span>
     <span class='ocr_line' id='line_1_14' title="bbox 379 1148 1779 1213; baseline -0.004 -16"><span class='ocrx_word' id='word_1_103' title='bbox 379 1153 451 1198; x_wconf 86' lang='lat' dir='ltr'>vel</span> <span class='ocrx_word' id='word_1_104' title='bbox 480 1153 650 1213; x_wconf 80' lang='lat' dir='ltr'>Judices</span> <span class='ocrx_word' id='word_1_105' title='bbox 667 1187 678 1208; x_wconf 93' lang='lat'>,</span> <span class='ocrx_word' id='word_1_106' title='bbox 716 1151 787 1196; x_wconf 90' lang='lat' dir='ltr'>vel</span> <span class='ocrx_word' id='word_1_107' title='bbox 826 1151 1032 1201; x_wconf 85' lang='lat' dir='ltr'>Comites.</span> <span class='ocrx_word' id='word_1_108' title='bbox 1072 1148 1190 1194; x_wconf 87' lang='lat' dir='ltr'>Illud</span> <span class='ocrx_word' id='word_1_109' title='bbox 1227 1151 1343 1193; x_wconf 88' lang='lat' dir='ltr'>enim</span> <span class='ocrx_word' id='word_1_110' title='bbox 1385 1148 1506 1210; x_wconf 91' lang='lat' dir='ltr'>quod</span> <span class='ocrx_word' id='word_1_111' title='bbox 1547 1148 1749 1209; x_wconf 81' lang='lat' dir='ltr'>adjungis</span> <span class='ocrx_word' id='word_1_112' title='bbox 1769 1165 1779 1192; x_wconf 91' lang='lat'>:</span> 
     </span>
     <span class='ocr_line' id='line_1_15' title="bbox 385 1218 1800 1283; baseline -0.003 -19"><span class='ocrx_word' id='word_1_113' title='bbox 385 1241 406 1265; x_wconf 90' lang='lat'>«</span> <span class='ocrx_word' id='word_1_114' title='bbox 431 1222 681 1283; x_wconf 88' lang='lat' dir='ltr'>Cunctique</span> <span class='ocrx_word' id='word_1_115' title='bbox 717 1220 908 1267; x_wconf 87' lang='lat' dir='ltr'>Comites</span> <span class='ocrx_word' id='word_1_116' title='bbox 938 1218 1069 1264; x_wconf 89' lang='lat' dir='ltr'>vestri</span> <span class='ocrx_word' id='word_1_117' title='bbox 1103 1220 1179 1264; x_wconf 88' lang='lat' dir='ltr'>Dei</span> <span class='ocrx_word' id='word_1_118' title='bbox 1215 1221 1376 1279; x_wconf 87' lang='lat' dir='ltr'>pariter</span> <span class='ocrx_word' id='word_1_119' title='bbox 1418 1219 1612 1264; x_wconf 87' lang='lat' dir='ltr'>vindicta</span> <span class='ocrx_word' id='word_1_120' title='bbox 1641 1218 1800 1276; x_wconf 72' lang='lat' dir='ltr'>perie-v</span> 
     </span>
     <span class='ocr_line' id='line_1_16' title="bbox 381 1288 1785 1350; baseline -0.004 -13"><span class='ocrx_word' id='word_1_121' title='bbox 381 1303 484 1337; x_wconf 85' lang='lat' dir='ltr'>runt</span> <span class='ocrx_word' id='word_1_122' title='bbox 505 1328 516 1348; x_wconf 85' lang='lat'>,</span> <span class='ocrx_word' id='word_1_123' title='bbox 545 1312 566 1334; x_wconf 85' lang='lat'>»</span> <span class='ocrx_word' id='word_1_124' title='bbox 592 1293 648 1337; x_wconf 86' lang='lat' dir='ltr'>ad</span> <span class='ocrx_word' id='word_1_125' title='bbox 674 1307 766 1336; x_wconf 90' lang='lat' dir='ltr'>rem</span> <span class='ocrx_word' id='word_1_126' title='bbox 787 1307 877 1336; x_wconf 90' lang='lat' dir='ltr'>non</span> <span class='ocrx_word' id='word_1_127' title='bbox 897 1291 1102 1349; x_wconf 83' lang='lat' dir='ltr'>pertinet.</span> <span class='ocrx_word' id='word_1_128' title='bbox 1134 1292 1228 1334; x_wconf 91' lang='lat' dir='ltr'>Hoc</span> <span class='ocrx_word' id='word_1_129' title='bbox 1252 1292 1417 1350; x_wconf 86' lang='lat' dir='ltr'>quippe</span> <span class='ocrx_word' id='word_1_130' title='bbox 1442 1291 1574 1333; x_wconf 90' lang='lat' dir='ltr'>modo</span> <span class='ocrx_word' id='word_1_131' title='bbox 1590 1289 1681 1348; x_wconf 88' lang='lat' dir='ltr'>jam</span> <span class='ocrx_word' id='word_1_132' title='bbox 1699 1288 1785 1332; x_wconf 91' lang='lat' dir='ltr'>du-</span> 
     </span>
     <span class='ocr_line' id='line_1_17' title="bbox 382 1359 1800 1419; baseline -0.004 -13"><span class='ocrx_word' id='word_1_133' title='bbox 382 1363 491 1406; x_wconf 90' lang='lat' dir='ltr'>dum</span> <span class='ocrx_word' id='word_1_134' title='bbox 530 1362 677 1406; x_wconf 90' lang='lat' dir='ltr'>locum</span> <span class='ocrx_word' id='word_1_135' title='bbox 714 1361 847 1405; x_wconf 86' lang='lat' dir='ltr'>istum</span> <span class='ocrx_word' id='word_1_136' title='bbox 881 1360 1007 1403; x_wconf 91' lang='lat' dir='ltr'>finire</span> <span class='ocrx_word' id='word_1_137' title='bbox 1039 1360 1247 1419; x_wconf 87' lang='lat' dir='ltr'>potuisti,</span> <span class='ocrx_word' id='word_1_138' title='bbox 1276 1369 1327 1404; x_wconf 92' lang='lat' dir='ltr'>ut</span> <span class='ocrx_word' id='word_1_139' title='bbox 1354 1359 1534 1404; x_wconf 90' lang='lat' dir='ltr'>omnino</span> <span class='ocrx_word' id='word_1_140' title='bbox 1564 1359 1800 1404; x_wconf 63' lang='lat' dir='ltr'>neminem‹</span> 
     </span>
     <span class='ocr_line' id='line_1_18' title="bbox 383 1430 1801 1490; baseline -0.001 -13"><span class='ocrx_word' id='word_1_141' title='bbox 383 1433 647 1478; x_wconf 86' lang='lat' dir='ltr'>nominares.</span> <span class='ocrx_word' id='word_1_142' title='bbox 675 1433 765 1477; x_wconf 91' lang='lat' dir='ltr'>Cur</span> <span class='ocrx_word' id='word_1_143' title='bbox 791 1446 894 1490; x_wconf 87' lang='lat' dir='ltr'>ergo</span> <span class='ocrx_word' id='word_1_144' title='bbox 917 1431 1199 1490; x_wconf 87' lang='lat' dir='ltr'>imperatores</span> <span class='ocrx_word' id='word_1_145' title='bbox 1224 1441 1418 1486; x_wconf 87' lang='lat' dir='ltr'>nostros,</span> <span class='ocrx_word' id='word_1_146' title='bbox 1443 1430 1487 1474; x_wconf 93' lang='lat' dir='ltr'>id</span> <span class='ocrx_word' id='word_1_147' title='bbox 1509 1440 1598 1487; x_wconf 92' lang='lat' dir='ltr'>est,</span> <span class='ocrx_word' id='word_1_148' title='bbox 1624 1439 1801 1476; x_wconf 81' lang='lat' dir='ltr'>nostrae·</span> 
     </span>
     <span class='ocr_line' id='line_1_19' title="bbox 385 1501 1801 1549; baseline -0.001 -1"><span class='ocrx_word' id='word_1_149' title='bbox 385 1503 708 1549; x_wconf 88' lang='lat' dir='ltr'>communionis</span> <span class='ocrx_word' id='word_1_150' title='bbox 746 1518 836 1547; x_wconf 89' lang='lat' dir='ltr'>non</span> <span class='ocrx_word' id='word_1_151' title='bbox 872 1501 1249 1546; x_wconf 83' lang='lat' dir='ltr'>commemorasti?</span> <span class='ocrx_word' id='word_1_152' title='bbox 1285 1505 1354 1547; x_wconf 83' lang='lat' dir='ltr'>An</span> <span class='ocrx_word' id='word_1_153' title='bbox 1382 1501 1566 1546; x_wconf 86' lang='lat' dir='ltr'>timuisti</span> <span class='ocrx_word' id='word_1_154' title='bbox 1598 1517 1654 1546; x_wconf 89' lang='lat' dir='ltr'>ne</span> <span class='ocrx_word' id='word_1_155' title='bbox 1686 1515 1801 1546; x_wconf 77' lang='lat' dir='ltr'>reus·</span> 
     </span>
     <span class='ocr_line' id='line_1_20' title="bbox 386 1571 1802 1634; baseline 0.001 -16"><span class='ocrx_word' id='word_1_156' title='bbox 386 1575 617 1634; x_wconf 81' lang='lat' dir='ltr'>majestatis</span> <span class='ocrx_word' id='word_1_157' title='bbox 633 1574 924 1619; x_wconf 78' lang='lat' dir='ltr'>accusareris?</span> <span class='ocrx_word' id='word_1_158' title='bbox 949 1573 1030 1618; x_wconf 86' lang='lat' dir='ltr'>Ubi</span> <span class='ocrx_word' id='word_1_159' title='bbox 1048 1583 1110 1618; x_wconf 88' lang='lat' dir='ltr'>est</span> <span class='ocrx_word' id='word_1_160' title='bbox 1128 1573 1531 1619; x_wconf 86' lang='lat' dir='ltr'>Circumcellionica</span> <span class='ocrx_word' id='word_1_161' title='bbox 1549 1571 1785 1619; x_wconf 81' lang='lat' dir='ltr'>fortitudo?</span> <span class='ocrx_word' id='word_1_162' title='bbox 1799 1579 1802 1595; x_wconf 82' lang='lat'><strong>¹</strong></span> 
     </span>
     <span class='ocr_line' id='line_1_21' title="bbox 384 1643 1799 1704; baseline 0.001 -16"><span class='ocrx_word' id='word_1_163' title='bbox 384 1644 552 1689; x_wconf 86' lang='lat' dir='ltr'>Deinde</span> <span class='ocrx_word' id='word_1_164' title='bbox 573 1646 683 1704; x_wconf 88' lang='lat' dir='ltr'>quid</span> <span class='ocrx_word' id='word_1_165' title='bbox 716 1645 804 1702; x_wconf 85' lang='lat' dir='ltr'>agis</span> <span class='ocrx_word' id='word_1_166' title='bbox 825 1644 880 1688; x_wconf 93' lang='lat' dir='ltr'>de</span> <span class='ocrx_word' id='word_1_167' title='bbox 907 1643 989 1688; x_wconf 90' lang='lat' dir='ltr'>illis</span> <span class='ocrx_word' id='word_1_168' title='bbox 1009 1679 1020 1700; x_wconf 95' lang='lat'>,</span> <span class='ocrx_word' id='word_1_169' title='bbox 1046 1660 1157 1703; x_wconf 91' lang='lat' dir='ltr'>quos</span> <span class='ocrx_word' id='word_1_170' title='bbox 1189 1653 1255 1690; x_wconf 88' lang='lat' dir='ltr'>tot</span> <span class='ocrx_word' id='word_1_171' title='bbox 1288 1645 1486 1704; x_wconf 90' lang='lat' dir='ltr'>superius</span> <span class='ocrx_word' id='word_1_172' title='bbox 1519 1644 1799 1700; x_wconf 46' lang='lat' dir='ltr'>nominasti„</span> 
     </span>
     <span class='ocr_line' id='line_1_22' title="bbox 387 1713 1803 1776; baseline 0 -18"><span class='ocrx_word' id='word_1_173' title='bbox 387 1715 464 1776; x_wconf 90' lang='lat' dir='ltr'>qui</span> <span class='ocrx_word' id='word_1_174' title='bbox 487 1715 647 1759; x_wconf 87' lang='lat' dir='ltr'>rectius</span> <span class='ocrx_word' id='word_1_175' title='bbox 668 1714 746 1758; x_wconf 91' lang='lat' dir='ltr'>tibi</span> <span class='ocrx_word' id='word_1_176' title='bbox 770 1722 953 1773; x_wconf 87' lang='lat' dir='ltr'>possunt</span> <span class='ocrx_word' id='word_1_177' title='bbox 974 1713 1119 1758; x_wconf 87' lang='lat' dir='ltr'>dicere</span> <span class='ocrx_word' id='word_1_178' title='bbox 1141 1733 1150 1760; x_wconf 73' lang='grc' dir='ltr'><strong><em>ε</em></strong></span> <span class='ocrx_word' id='word_1_179' title='bbox 1174 1714 1291 1768; x_wconf 87' lang='lat' dir='ltr'>Quid</span> <span class='ocrx_word' id='word_1_180' title='bbox 1309 1731 1388 1760; x_wconf 90' lang='lat' dir='ltr'>nos</span> <span class='ocrx_word' id='word_1_181' title='bbox 1403 1715 1656 1775; x_wconf 80' lang='lat' dir='ltr'>quaerebas?</span> <span class='ocrx_word' id='word_1_182' title='bbox 1672 1716 1803 1761; x_wconf 86' lang='lat' dir='ltr'>Cau·-</span> 
     </span>
     <span class='ocr_line' id='line_1_23' title="bbox 388 1784 1781 1845; baseline -0.001 -14"><span class='ocrx_word' id='word_1_183' title='bbox 388 1802 478 1831; x_wconf 86' lang='lat' dir='ltr'>sam</span> <span class='ocrx_word' id='word_1_184' title='bbox 495 1786 613 1830; x_wconf 91' lang='lat' dir='ltr'>enim</span> <span class='ocrx_word' id='word_1_185' title='bbox 631 1795 752 1830; x_wconf 85' lang='lat' dir='ltr'>tuam</span> <span class='ocrx_word' id='word_1_186' title='bbox 769 1784 879 1829; x_wconf 88' lang='lat' dir='ltr'>nihil</span> <span class='ocrx_word' id='word_1_187' title='bbox 898 1784 1159 1845; x_wconf 55' lang='lat' dir='ltr'>adiuverunt</span> <span class='ocrx_word' id='word_1_188' title='bbox 1180 1805 1190 1830; x_wconf 73' lang='grc' dir='ltr'>ε</span> <span class='ocrx_word' id='word_1_189' title='bbox 1211 1796 1254 1831; x_wconf 89' lang='lat' dir='ltr'>et</span> <span class='ocrx_word' id='word_1_190' title='bbox 1270 1795 1416 1831; x_wconf 89' lang='lat' dir='ltr'>tamen</span> <span class='ocrx_word' id='word_1_191' title='bbox 1434 1786 1648 1832; x_wconf 86' lang='lat' dir='ltr'>nominati</span> <span class='ocrx_word' id='word_1_192' title='bbox 1663 1794 1781 1832; x_wconf 80' lang='lat' dir='ltr'>sunt.</span> 
     </span>
     <span class='ocr_line' id='line_1_24' title="bbox 388 1855 1798 1917; baseline -0.001 -16"><span class='ocrx_word' id='word_1_193' title='bbox 388 1856 555 1902; x_wconf 88' lang='lat' dir='ltr'>Deinde</span> <span class='ocrx_word' id='word_1_194' title='bbox 576 1855 717 1916; x_wconf 82' lang='lat' dir='ltr'>qualis</span> <span class='ocrx_word' id='word_1_195' title='bbox 735 1871 794 1911; x_wconf 84' lang='lat' dir='ltr'>es,</span> <span class='ocrx_word' id='word_1_196' title='bbox 820 1856 896 1916; x_wconf 84' lang='lat' dir='ltr'>qui</span> <span class='ocrx_word' id='word_1_197' title='bbox 918 1871 990 1900; x_wconf 90' lang='lat' dir='ltr'>eos</span> <span class='ocrx_word' id='word_1_198' title='bbox 1011 1872 1120 1917; x_wconf 89' lang='lat' dir='ltr'>quos</span> <span class='ocrx_word' id='word_1_199' title='bbox 1142 1857 1316 1916; x_wconf 87' lang='lat' dir='ltr'>periisse</span> <span class='ocrx_word' id='word_1_200' title='bbox 1333 1872 1647 1902; x_wconf 86' lang='lat' dir='ltr'>commemoras</span> <span class='ocrx_word' id='word_1_201' title='bbox 1663 1891 1676 1913; x_wconf 92' lang='lat'>,</span> <span class='ocrx_word' id='word_1_202' title='bbox 1701 1871 1798 1900; x_wconf 76' lang='lat' dir='ltr'>no·v</span> 
     </span>
     <span class='ocr_line' id='line_1_25' title="bbox 391 1926 1786 1987; baseline 0 -15"><span class='ocrx_word' id='word_1_203' title='bbox 391 1928 556 1972; x_wconf 87' lang='lat' dir='ltr'>minare</span> <span class='ocrx_word' id='word_1_204' title='bbox 576 1927 815 1972; x_wconf 73' lang='lat' dir='ltr'>formidas?</span> <span class='ocrx_word' id='word_1_205' title='bbox 839 1926 1000 1971; x_wconf 86' lang='lat' dir='ltr'>Saltem</span> <span class='ocrx_word' id='word_1_206' title='bbox 1021 1927 1136 1986; x_wconf 92' lang='lat' dir='ltr'>ipsos</span> <span class='ocrx_word' id='word_1_207' title='bbox 1152 1928 1319 1987; x_wconf 88' lang='lat' dir='ltr'>judices</span> <span class='ocrx_word' id='word_1_208' title='bbox 1341 1928 1410 1972; x_wconf 91' lang='lat' dir='ltr'>vel</span> <span class='ocrx_word' id='word_1_209' title='bbox 1433 1928 1623 1973; x_wconf 88' lang='lat' dir='ltr'>Comites</span> <span class='ocrx_word' id='word_1_210' title='bbox 1639 1961 1650 1982; x_wconf 90' lang='lat'>,</span> <span class='ocrx_word' id='word_1_211' title='bbox 1674 1941 1786 1987; x_wconf 81' lang='lat' dir='ltr'>quos</span> 
     </span>
     <span class='ocr_line' id='line_1_26' title="bbox 388 1997 1786 2057; baseline 0 -15"><span class='ocrx_word' id='word_1_212' title='bbox 388 1998 548 2043; x_wconf 88' lang='lat' dir='ltr'>videris</span> <span class='ocrx_word' id='word_1_213' title='bbox 583 2014 672 2043; x_wconf 89' lang='lat' dir='ltr'>non</span> <span class='ocrx_word' id='word_1_214' title='bbox 704 1997 923 2053; x_wconf 89' lang='lat' dir='ltr'>timuisse,</span> <span class='ocrx_word' id='word_1_215' title='bbox 955 1998 1101 2057; x_wconf 89' lang='lat' dir='ltr'>plures</span> <span class='ocrx_word' id='word_1_216' title='bbox 1129 1999 1391 2043; x_wconf 84' lang='lat' dir='ltr'>nominares.</span> <span class='ocrx_word' id='word_1_217' title='bbox 1425 1997 1686 2042; x_wconf 82' lang='lat' dir='ltr'>Remansisti</span> <span class='ocrx_word' id='word_1_218' title='bbox 1707 2013 1786 2043; x_wconf 71' lang='lat' dir='ltr'>au⁶</span> 
     </span>
     <span class='ocr_line' id='line_1_27' title="bbox 391 2065 1800 2130; baseline 0.001 -17"><span class='ocrx_word' id='word_1_219' title='bbox 391 2065 477 2113; x_wconf 87' lang='lat' dir='ltr'>tem</span> <span class='ocrx_word' id='word_1_220' title='bbox 511 2069 565 2113; x_wconf 87' lang='lat' dir='ltr'>ad</span> <span class='ocrx_word' id='word_1_221' title='bbox 598 2069 836 2114; x_wconf 84' lang='lat' dir='ltr'>Macarium</span> <span class='ocrx_word' id='word_1_222' title='bbox 859 2077 902 2112; x_wconf 92' lang='lat' dir='ltr'>et</span> <span class='ocrx_word' id='word_1_223' title='bbox 925 2069 1165 2115; x_wconf 85' lang='lat' dir='ltr'>Ursacium.</span> <span class='ocrx_word' id='word_1_224' title='bbox 1185 2072 1333 2114; x_wconf 87' lang='lat' dir='ltr'>Ita-ne</span> <span class='ocrx_word' id='word_1_225' title='bbox 1364 2083 1496 2130; x_wconf 90' lang='lat' dir='ltr'>quam</span> <span class='ocrx_word' id='word_1_226' title='bbox 1526 2068 1674 2129; x_wconf 86' lang='lat' dir='ltr'>plures</span> <span class='ocrx_word' id='word_1_227' title='bbox 1695 2067 1800 2126; x_wconf 42' lang='grc' dir='ltr'>’ΠΗ-3,</span> 
     </span>
     <span class='ocr_line' id='line_1_28' title="bbox 391 2138 1785 2199; baseline 0 -17"><span class='ocrx_word' id='word_1_228' title='bbox 391 2139 480 2182; x_wconf 90' lang='lat' dir='ltr'>duo</span> <span class='ocrx_word' id='word_1_229' title='bbox 509 2140 578 2183; x_wconf 86' lang='lat' dir='ltr'>isti</span> <span class='ocrx_word' id='word_1_230' title='bbox 601 2141 732 2184; x_wconf 74' lang='lat' dir='ltr'>sunt?</span> <span class='ocrx_word' id='word_1_231' title='bbox 756 2142 823 2183; x_wconf 80' lang='lat' dir='ltr'>An</span> <span class='ocrx_word' id='word_1_232' title='bbox 854 2140 976 2198; x_wconf 92' lang='lat' dir='ltr'>quod</span> <span class='ocrx_word' id='word_1_233' title='bbox 998 2139 1123 2198; x_wconf 89' lang='lat' dir='ltr'>pueri</span> <span class='ocrx_word' id='word_1_234' title='bbox 1151 2138 1399 2194; x_wconf 89' lang='lat' dir='ltr'>didicimus,</span> <span class='ocrx_word' id='word_1_235' title='bbox 1425 2139 1567 2199; x_wconf 77' lang='lat' dir='ltr'>sapis?</span> <span class='ocrx_word' id='word_1_236' title='bbox 1596 2140 1639 2184; x_wconf 92' lang='lat' dir='ltr'>Si</span> <span class='ocrx_word' id='word_1_237' title='bbox 1667 2138 1785 2183; x_wconf 86' lang='lat' dir='ltr'>enim</span> 
     </span>
     <span class='ocr_line' id='line_1_29' title="bbox 388 2209 1787 2270; baseline 0 -16"><span class='ocrx_word' id='word_1_238' title='bbox 388 2225 558 2270; x_wconf 78' lang='lat' dir='ltr'>quaeras</span> <span class='ocrx_word' id='word_1_239' title='bbox 582 2224 633 2253; x_wconf 77' lang='lat' dir='ltr'>ex</span> <span class='ocrx_word' id='word_1_240' title='bbox 658 2225 725 2253; x_wconf 90' lang='lat' dir='ltr'>me</span> <span class='ocrx_word' id='word_1_241' title='bbox 746 2244 757 2264; x_wconf 91' lang='lat'>,</span> <span class='ocrx_word' id='word_1_242' title='bbox 781 2209 871 2253; x_wconf 93' lang='lat' dir='ltr'>duo</span> <span class='ocrx_word' id='word_1_243' title='bbox 892 2210 990 2269; x_wconf 90' lang='lat' dir='ltr'>quis</span> <span class='ocrx_word' id='word_1_244' title='bbox 1012 2225 1220 2255; x_wconf 87' lang='lat' dir='ltr'>numerus</span> <span class='ocrx_word' id='word_1_245' title='bbox 1240 2212 1295 2254; x_wconf 95' lang='lat' dir='ltr'>sit</span> <span class='ocrx_word' id='word_1_246' title='bbox 1309 2244 1320 2265; x_wconf 94' lang='lat'>,</span> <span class='ocrx_word' id='word_1_247' title='bbox 1343 2209 1589 2269; x_wconf 84' lang='lat' dir='ltr'>singularis,</span> <span class='ocrx_word' id='word_1_248' title='bbox 1613 2225 1669 2254; x_wconf 89' lang='lat' dir='ltr'>an</span> <span class='ocrx_word' id='word_1_249' title='bbox 1690 2209 1787 2269; x_wconf 91' lang='lat' dir='ltr'>plu-</span> 
     </span>
     <span class='ocr_line' id='line_1_30' title="bbox 393 2280 1786 2341; baseline 0.001 -17"><span class='ocrx_word' id='word_1_250' title='bbox 393 2280 525 2338; x_wconf 66' lang='lat' dir='ltr'>ralis,</span> <span class='ocrx_word' id='word_1_251' title='bbox 555 2280 662 2341; x_wconf 91' lang='lat' dir='ltr'>quid</span> <span class='ocrx_word' id='word_1_252' title='bbox 693 2296 783 2325; x_wconf 90' lang='lat' dir='ltr'>esse</span> <span class='ocrx_word' id='word_1_253' title='bbox 815 2280 1128 2339; x_wconf 85' lang='lat' dir='ltr'>respondeam,</span> <span class='ocrx_word' id='word_1_254' title='bbox 1156 2280 1238 2326; x_wconf 89' lang='lat' dir='ltr'>nisi</span> <span class='ocrx_word' id='word_1_255' title='bbox 1258 2280 1502 2340; x_wconf 77' lang='lat' dir='ltr'>pluralem?</span> <span class='ocrx_word' id='word_1_256' title='bbox 1533 2281 1619 2326; x_wconf 90' lang='lat' dir='ltr'>Sed</span> <span class='ocrx_word' id='word_1_257' title='bbox 1642 2281 1786 2325; x_wconf 81' lang='lat' dir='ltr'>adhue</span> 
     </span>
     <span class='ocr_line' id='line_1_31' title="bbox 390 2350 1785 2412; baseline 0.001 -17"><span class='ocrx_word' id='word_1_258' title='bbox 390 2351 520 2395; x_wconf 86' lang='lat' dir='ltr'>etiam</span> <span class='ocrx_word' id='word_1_259' title='bbox 545 2367 632 2396; x_wconf 92' lang='lat' dir='ltr'>non</span> <span class='ocrx_word' id='word_1_260' title='bbox 655 2351 761 2395; x_wconf 87' lang='lat' dir='ltr'>defit</span> <span class='ocrx_word' id='word_1_261' title='bbox 782 2350 902 2412; x_wconf 89' lang='lat' dir='ltr'>quod</span> <span class='ocrx_word' id='word_1_262' title='bbox 925 2350 1082 2396; x_wconf 85' lang='lat' dir='ltr'>dicam.</span> <span class='ocrx_word' id='word_1_263' title='bbox 1109 2352 1263 2396; x_wconf 82' lang='lat' dir='ltr'>Eximo</span> <span class='ocrx_word' id='word_1_264' title='bbox 1285 2351 1387 2396; x_wconf 90' lang='lat' dir='ltr'>inde</span> <span class='ocrx_word' id='word_1_265' title='bbox 1404 2352 1643 2397; x_wconf 87' lang='lat' dir='ltr'>Macarium</span> <span class='ocrx_word' id='word_1_266' title='bbox 1665 2371 1674 2397; x_wconf 74' lang='grc' dir='ltr'>ι</span> <span class='ocrx_word' id='word_1_267' title='bbox 1704 2362 1785 2396; x_wconf 60' lang='lat' dir='ltr'>ne*</span> 
     </span>
     <span class='ocr_line' id='line_1_32' title="bbox 390 2422 1786 2483; baseline 0.001 -18"><span class='ocrx_word' id='word_1_268' title='bbox 390 2438 477 2481; x_wconf 91' lang='lat' dir='ltr'>que</span> <span class='ocrx_word' id='word_1_269' title='bbox 505 2423 619 2466; x_wconf 91' lang='lat' dir='ltr'>enim</span> <span class='ocrx_word' id='word_1_270' title='bbox 656 2422 831 2477; x_wconf 83' lang='lat' dir='ltr'>dixisti,</span> <span class='ocrx_word' id='word_1_271' title='bbox 872 2423 1095 2483; x_wconf 89' lang='lat' dir='ltr'>quomodo</span> <span class='ocrx_word' id='word_1_272' title='bbox 1128 2423 1316 2482; x_wconf 84' lang='lat' dir='ltr'>perierit.</span> <span class='ocrx_word' id='word_1_273' title='bbox 1349 2426 1418 2467; x_wconf 84' lang='lat' dir='ltr'>An</span> <span class='ocrx_word' id='word_1_274' title='bbox 1443 2422 1556 2468; x_wconf 88' lang='lat' dir='ltr'>forte</span> <span class='ocrx_word' id='word_1_275' title='bbox 1588 2423 1786 2483; x_wconf 74' lang='lat' dir='ltr'>quisquis</span> 
     </span>
     <span class='ocr_line' id='line_1_33' title="bbox 389 2492 1784 2553; baseline 0 -17"><span class='ocrx_word' id='word_1_276' title='bbox 389 2507 465 2536; x_wconf 87' lang='lat' dir='ltr'>vos</span> <span class='ocrx_word' id='word_1_277' title='bbox 483 2494 772 2552; x_wconf 81' lang='lat' dir='ltr'>persequitur,</span> <span class='ocrx_word' id='word_1_278' title='bbox 790 2493 871 2538; x_wconf 89' lang='lat' dir='ltr'>nisi</span> <span class='ocrx_word' id='word_1_279' title='bbox 887 2494 932 2537; x_wconf 89' lang='lat' dir='ltr'>in</span> <span class='ocrx_word' id='word_1_280' title='bbox 946 2494 1028 2538; x_wconf 85' lang='lat' dir='ltr'>hac</span> <span class='ocrx_word' id='word_1_281' title='bbox 1039 2503 1151 2538; x_wconf 87' lang='lat' dir='ltr'>terra</span> <span class='ocrx_word' id='word_1_282' title='bbox 1169 2494 1300 2538; x_wconf 85' lang='lat' dir='ltr'>fuerit</span> <span class='ocrx_word' id='word_1_283' title='bbox 1317 2492 1587 2547; x_wconf 88' lang='lat' dir='ltr'>immortalis,</span> <span class='ocrx_word' id='word_1_284' title='bbox 1604 2492 1784 2553; x_wconf 82' lang='lat' dir='ltr'>quando</span> 
     </span>
     <span class='ocr_line' id='line_1_34' title="bbox 390 2559 1783 2623; baseline 0.001 -19"><span class='ocrx_word' id='word_1_285' title='bbox 390 2572 588 2607; x_wconf 88' lang='lat' dir='ltr'>mortuus</span> <span class='ocrx_word' id='word_1_286' title='bbox 609 2564 763 2618; x_wconf 83' lang='lat' dir='ltr'>fuerit,</span> <span class='ocrx_word' id='word_1_287' title='bbox 787 2573 964 2623; x_wconf 85' lang='lat' dir='ltr'>propter</span> <span class='ocrx_word' id='word_1_288' title='bbox 987 2578 1062 2609; x_wconf 87' lang='lat' dir='ltr'>vos</span> <span class='ocrx_word' id='word_1_289' title='bbox 1081 2573 1280 2610; x_wconf 86' lang='lat' dir='ltr'>mortuus</span> <span class='ocrx_word' id='word_1_290' title='bbox 1295 2563 1644 2608; x_wconf 77' lang='lat' dir='ltr'>existimabitur?</span> <span class='ocrx_word' id='word_1_291' title='bbox 1664 2559 1783 2616; x_wconf 86' lang='lat' dir='ltr'>Quid</span> 
     </span>
    </p>
   </div>
   <div class='ocr_carea' id='block_1_3' title="bbox 1797 0 1825 3264">
    <p class='ocr_par' dir='ltr' id='par_1_3' title="bbox 1797 0 1825 3264">
     <span class='ocr_line' id='line_1_35' title="bbox 1797 0 1825 3264; baseline 0 0"><span class='ocrx_word' id='word_1_292' title='bbox 1797 0 1825 3264; x_wconf 95' lang='lat' dir='ltr'> </span> 
     </span>
    </p>
   </div>
  </div>
 </body>
</html>
