1825 3264
305 297 468 328 CONTRA
500 299 701 327 LITTERAS
734 300 967 339 mz'rimAm,
1003 302 1085 328 Lm.
1122 302 1187 328 111.
1361 290 1441 329 163

57 366 259 410 serenitas
291 365 562 419 obscuretur,
581 373 624 408 et
656 365 706 408 fit
736 379 904 409 summa
927 365 1072 424 inopia
1101 367 1300 425 copiosus
1317 400 1328 420 ,
1352 381 1443 410 non

0 446 1 456 ¹
56 451 157 481 vera
177 435 365 481 dicendo
381 471 392 491 ,
417 436 492 480 sed
515 435 746 480 maledicta
770 435 915 480 inania
942 450 1029 480 non
1052 435 1253 481 emendo.
1283 438 1443 481 Tenete

57 521 159 551 sane
174 506 459 550 intentissime
478 515 609 566 atque
623 505 854 550 fortissime
866 504 974 565 quid
989 505 1147 550 debeat
1163 507 1442 564 respondere,

58 577 104 622 id
123 586 212 632 est,
233 578 352 622 unde
373 577 579 622 abluatur
600 578 850 637 accipientis
870 578 1150 633 conscientia,
1179 592 1276 621 cum
1301 593 1444 623 macu-

56 645 146 692 losa
174 648 316 693 dantis
336 647 506 694 occulta
527 658 588 693 est
611 667 619 693 :
646 664 700 693 ne
717 646 830 693 forte
850 648 934 694 hoc
950 648 1075 694 vobis
1095 664 1119 692 e
1140 647 1340 693 manibus
1365 649 1445 692 ssa-

55 726 128 764 tus
149 720 241 779 ejus
263 720 475 776 excutiat,
502 735 668 780 vosque
696 720 775 779 ipsi
796 720 1005 765 sermonis
1032 709 1196 764 turbidi
1213 718 1447 778 caliginosa

56 797 311 848 tempestate
325 791 568 849 rapiamini,
583 799 632 834 ut
644 789 713 834 vel
729 790 961 836 discessum
977 790 1047 835 vel
1064 806 1153 850 quo
1170 789 1447 834 redeundum

56 859 110 905 sit
121 861 301 905 omnino
320 861 532 906 nesciatis.
553 864 609 907 Et
622 860 765 906 videte
780 863 1001 908 hominem
1017 861 1161 921 vagari
1178 877 1265 921 qua
1283 870 1444 922 potest,

55 928 160 975 dum
183 946 261 990 pro
286 933 461 991 negotio
481 932 603 994 quod
623 935 832 993 suscepit,
859 942 972 978 stare
993 949 1081 978 non
1110 942 1266 993 potest.
1289 931 1447 976 Videte

53 1015 183 1060 quam
209 1002 347 1048 multa
367 1003 509 1059 dicat,
537 1019 625 1048 non
645 1004 852 1049 habendo
871 1004 992 1065 quod
1020 1003 1150 1049 dicat.
1188 1022 1209 1046 «
1238 1003 1349 1048 Dicit
1374 1017 1446 1046 me

52 1069 142 1116 labi
159 1072 376 1118 lubricum
392 1109 404 1129 ‚
423 1075 500 1119 sed
519 1075 654 1119 teneri
675 1094 683 1120 :
703 1091 783 1121 nec
805 1075 1051 1130 destruere,
1075 1090 1155 1120 nec
1185 1074 1445 1119 confirmare

54 1141 175 1202 quod
192 1143 366 1204 objicio,
392 1145 554 1190 incerta
573 1162 652 1205 pro
669 1147 795 1190 certis
810 1148 1070 1206 excogitare,
1086 1162 1175 1190 non
1192 1145 1445 1206 permittere

0 1236 2 1246 ι
53 1212 244 1272 legentes
265 1231 364 1276 quae
385 1232 487 1262 vera
505 1227 608 1262 sunt
630 1217 805 1262 credere
820 1253 831 1273 ,
849 1217 924 1262 sed
939 1216 1080 1262 facere
1096 1226 1146 1261 ut
1163 1216 1291 1261 altius
1308 1215 1446 1260 dubia

53 1285 343 1344 suspicentur.
381 1288 495 1331 Dicit
538 1303 607 1332 me
652 1288 899 1332 Academici
931 1287 1180 1332 damnabile
1221 1287 1445 1344 ingenium

0 1372 4 1403 ;
52 1354 215 1400 habere
236 1357 470 1402 Carneadis
494 1360 524 1402 1.
553 1375 574 1398 »
600 1359 796 1401 Conatur
817 1359 947 1401 etiam
966 1358 1185 1401 insinuare
1207 1356 1313 1416 quid
1334 1359 1447 1400 Aca-

0 1442 6 1489 J.-
52 1427 209 1473 demici
242 1430 430 1473 sentiant
462 1428 517 1473 de
542 1428 729 1474 falsitate
761 1428 830 1473 vel
855 1428 1027 1473 fallacia
1051 1443 1200 1473 sensus
1227 1426 1441 1481 humani,

54 1497 182 1543 etiam
208 1499 256 1543 in
293 1500 359 1544 his
393 1500 572 1545 omnino
594 1500 703 1561 quid
740 1499 948 1561 loquatur
974 1503 1192 1559 ignorans.
1223 1517 1242 1540 «
1268 1497 1362 1542 Dici
1386 1496 1444 1541 ab

52 1568 110 1614 eis
137 1571 311 1626 asserit,
339 1571 458 1616 nives
481 1571 623 1630 nigras
650 1587 740 1617 esse
766 1587 867 1616 cum
896 1571 1007 1616 albae
1034 1571 1148 1626 sint,
1181 1570 1443 1628 nigrumque

50 1650 296 1698 argentum,
317 1650 484 1686 turrem
512 1642 744 1688 rotundam
778 1642 846 1687 vel
875 1652 1055 1687 teretem
1078 1641 1216 1686 videri
1237 1655 1338 1685 cum
1361 1655 1444 1683 an·-

51 1710 200 1770 gulosa
221 1714 296 1768 sit,
323 1728 492 1758 remum
513 1714 558 1758 in
590 1730 702 1774 aqua
730 1713 917 1759 fractum
940 1729 1041 1759 cum
1062 1713 1117 1757 sit
1137 1712 1322 1770 integer.
1346 1728 1367 1752 »
1385 1711 1443 1754 Et

50 1779 135 1826 koc
159 1791 301 1828 totum
327 1793 572 1844 propterea,
594 1785 801 1845 quoniam
821 1800 923 1830 cum
948 1785 1138 1838 dixisset,
1163 1803 1182 1825 n
1207 1781 1441 1828 Conscien-

51 1852 111 1898 tia
130 1853 273 1899 dantis
292 1853 363 1900 vel
384 1865 531 1900 sancte
557 1857 700 1901 dantis
725 1856 968 1902 attenditur
983 1891 994 1911 ,
1023 1871 1124 1916 quae
1149 1854 1300 1899 abluat
1327 1852 1438 1897 acci-

51 1923 206 1983 pientis
232 1944 241 1971 :
264 1943 285 1968 »
304 1935 456 1972 contra
471 1942 552 1987 ego
568 1928 653 1971 dixi
669 1962 679 1982 ,
698 1946 718 1970 «
735 1927 852 1982 Quid
868 1928 902 1972 si
915 1927 1048 1973 lateat
1062 1925 1204 1970 dantis
1218 1923 1439 1968 conscien-

50 1993 125 2049 fia,
161 2005 204 2040 et
229 1995 410 2042 fortasse
437 1998 655 2043 maculosa
678 1999 758 2042 sit?
787 2018 804 2040 »
830 2001 927 2042 Istae
951 2006 1054 2041 sunt
1075 1996 1195 2039 nives
1218 1995 1370 2052 nigrae,
1396 2000 1439 2035 et

50 2076 278 2125 argentum
319 2070 516 2127 nigrum,
554 2079 598 2113 et
628 2070 756 2113 turris
782 2069 969 2113 rotunda
997 2082 1077 2127 pro
1116 2064 1346 2124 angulosa,
1394 2071 1434 2107 et

49 2150 194 2182 remus
216 2139 261 2181 in
284 2153 395 2199 aqua
420 2139 582 2184 fractus
604 2155 682 2199 pro
706 2140 873 2198 integro
898 2161 909 2198 3
936 2155 1025 2183 rem
1048 2139 1212 2199 quippe
1228 2136 1314 2180 dixi
1336 2149 1435 2195 quae

50 2208 192 2268 putari
211 2210 343 2268 possit
361 2244 373 2264 ,
397 2219 441 2254 et
461 2225 552 2255 esse
566 2225 655 2255 non
673 2212 821 2270 possit,
843 2219 893 2255 ut
905 2209 1038 2254 lateat
1051 2208 1194 2253 dantis
1208 2206 1435 2252 conscien-

49 2278 124 2333 ὑ,
148 2288 192 2324 et
213 2279 394 2326 fortasse
415 2280 635 2327 maculosa
654 2281 725 2326 sit.

66 2383 74 2391 .
107 2351 247 2395 XXV.
272 2354 327 2397 Et
356 2352 552 2412 sequitur
573 2367 642 2408 se,
673 2361 716 2397 et
740 2351 914 2398 clamat.
955 2369 976 2394 «
1007 2348 1125 2404 Quid
1153 2357 1242 2403 est,
1269 2366 1290 2390 ν
1316 2345 1434 2400 Quid

62 2436 77 2462 ί.

57 2504 68 2520 ,
96 2480 165 2511 ¹De
177 2478 347 2511 carneadis
358 2478 484 2522 ingenio
498 2479 694 2520 Lactantius,
712 2478 768 2510 lib.
786 2489 823 2520 v,
837 2489 909 2521 cap.
929 2477 1042 2520 14.ηυί
1056 2476 1194 2518 legatum
1215 2485 1288 2508 eum
1304 2478 1435 2508 Romam

48 2506 354 2634 &Atheniensibus
382 2537 507 2568 missum
521 2559 530 2574 ‚
549 2535 593 2567 ibi
613 2547 672 2578 pro
688 2536 811 2576 justitia
837 2536 986 2576 primum,
1015 2538 1081 2565 tum
1109 2537 1237 2574 postera
1255 2532 1306 2564 die
1324 2536 1436 2564 contra

114 2591 200 2625 itiam
217 2593 334 2625 dixisse
353 2597 521 2627 memorat.
545 2593 653 2635 sicque
675 2592 706 2623 in
725 2597 828 2624 utrum
845 2591 1002 2622 disserere
1019 2588 1168 2627 solitum,
1188 2592 1223 2621 ut
1248 2588 1324 2621 alios
1344 2588 1434 2631 quid-

51 2644 130 2681 ἢεί
146 2654 321 2682 asserentes
343 2653 451 2692 posset
465 2649 618 2682 refutare.

1187 2698 1249 2736 11.
