1825 3264
376 205 423 242 17
434 206 454 241 8
812 208 845 236 s.
882 208 1110 239 *censum
1142 209 1321 239 ErisCOPl

366 279 562 323 homiues
584 275 807 320 hominem
822 283 1085 333 potuerunt,
1107 273 1184 319 sed
1204 280 1346 316 astuta
1363 271 1538 315 fictione
1575 269 1753 314 latitan-

365 359 452 391 tem
470 347 546 390 diu
561 361 650 390 non
667 345 955 389 invenerunt?
971 345 1184 403 Hujus-ne
1199 357 1312 402 aqua
1333 356 1424 386 non
1438 348 1530 384 erat
1548 338 1749 393 mendax,

369 426 444 462 aut
465 416 611 461 oleum
629 415 902 462 fornicatoris
923 430 1012 459 non
1029 423 1093 458 est
1109 412 1254 458 oleum
1269 411 1535 472 peccatoris?
1551 412 1620 457 An
1632 407 1753 470 quod

366 486 590 533 Catholica
607 485 734 542 dicit,
760 495 804 530 et
823 500 976 530 verum
995 493 1080 539 est,
1103 492 1146 528 et
1167 481 1240 527 illa
1268 498 1381 542 aqua
1401 490 1444 526 et
1474 479 1586 525 illud
1605 477 1754 526 oleum

368 573 457 603 non
479 559 569 617 ejus
591 565 682 603 erat
709 573 733 601 a
765 572 853 616 quo
887 554 1228 609 ministrabatur,
1253 553 1330 598 sed
1357 553 1481 613 cujus
1510 551 1571 596 ibi
1593 564 1757 597 nomen

368 630 680 674 invocabatur?
702 629 791 674 Cur
820 627 885 671 illi
916 627 992 687 qui
1021 627 1077 672 ab
1113 626 1195 671 isto
1228 625 1330 670 ficto
1356 633 1399 670 et
1435 622 1608 670 occulto
1644 622 1758 680 hap-

366 700 628 754 tizabantur‚
664 715 754 744 non
791 698 1037 758 probabant
1079 697 1301 756 spiritum,
1327 695 1429 755 quia
1462 709 1514 740 ex
1544 697 1637 738 Deo
1667 706 1758 738 non

367 773 486 816 erat?
512 771 694 830 Spiritus
717 770 829 814 enim
852 778 1024 814 sanctus
1056 767 1295 827 disciplinae
1324 767 1475 811 fictum
1498 763 1694 824 fugiebat
1709 763 1756 804 ¹?

366 846 435 886 An
451 851 494 885 et
511 840 635 885 illum
659 840 880 899 fugiebat,
901 849 944 885 et
964 855 1038 884 sua
1056 847 1324 884 sacramenta
1341 837 1538 898 quamvis
1556 849 1633 895 per
1654 847 1755 878 eum

360 913 601 957 ministrata
618 928 706 958 non
723 911 947 956 deserebat
967 913 986 956 P
1007 930 1026 953 »
1057 914 1280 955 Postremo
1313 909 1522 970 quoniam
1545 905 1642 952 illos
1663 920 1755 951 non

366 983 532 1041 negatis
565 983 737 1027 ablutos
753 1017 764 1037 ,
798 997 907 1041 quos
932 981 1007 1026 illo
1031 980 1237 1025 damnato
1262 995 1352 1024 non
1383 978 1541 1023 curatis
1569 975 1758 1021 abluen-

367 1053 468 1109 dos3
493 1051 635 1097 videte
663 1053 695 1097 si
726 1061 790 1098 tot
821 1051 993 1096 nebulis
1018 1051 1318 1110 multipliciter
1340 1050 1489 1095 offusis
1505 1083 1517 1104 ‚
1549 1046 1640 1092 ullo
1661 1045 1760 1090 loco

365 1123 599 1167 Petilianus
623 1123 879 1182 respondet,
906 1121 1024 1167 unde
1051 1123 1120 1166 isti
1149 1120 1290 1166 abluti
1307 1122 1416 1176 sint,
1439 1120 1474 1164 si
1494 1117 1759 1164 conscientia

362 1204 509 1238 sancte
538 1194 684 1237 dantis
722 1192 979 1248 attenditur,
1015 1209 1114 1253 quae
1143 1192 1295 1237 abluat
1326 1190 1600 1252 accipientis,
1625 1202 1759 1248 quam

361 1262 499 1307 latens
521 1263 776 1307 immundus
800 1264 962 1308 habere
981 1278 1071 1307 non
1089 1263 1248 1321 potuit.

421 1336 536 1377 XLI.
574 1333 692 1379 Nihil
727 1349 830 1392 ergo
858 1334 915 1377 ad
940 1334 1023 1378 hoc
1048 1332 1339 1393 respondens,
1362 1330 1482 1391 quod
1517 1329 1573 1375 ab
1595 1344 1648 1374 eo
1670 1337 1760 1373 tam

364 1404 574 1448 instanter
598 1404 857 1463 inquiritur]
882 1404 1086 1464 deinceps
1109 1405 1240 1449 etiarn
1269 1403 1351 1447 sibi
1373 1399 1584 1462 loquendi
1605 1399 1758 1445 latitu-

364 1473 513 1517 dinem
547 1489 801 1533 comparans
839 1493 846 1518 :
878 1493 898 1516 «
923 1477 1037 1520 Cum
1059 1475 1174 1529 haec,
1200 1474 1366 1534 inquit,
1392 1482 1436 1517 ct
1457 1471 1686 1531 Prophetae
1716 1478 1760 1513 et

363 1544 598 1602 Apostolus
623 1555 749 1589 caute
770 1546 1014 1601 timuerint,
1036 1561 1123 1605 qua
1139 1544 1284 1590 fronte
1308 1554 1356 1588 tu
1379 1542 1485 1588 dicis
1502 1543 1624 1603 quod
1647 1541 1760 1585 bene

362 1614 643 1660 credentibus
680 1625 878 1660 sanctum
921 1626 984 1661 est
1022 1617 1235 1676 baptisma
1273 1615 1544 1675 peccatoris?
1569 1633 1589 1656 »
1625 1610 1758 1667 Quasi

364 1701 444 1744 ego
475 1685 543 1730 vel
582 1687 810 1746 quisquam
844 1686 1114 1742 catholicus,
1149 1686 1385 1746 peccatoris
1417 1685 1633 1744 baptisma
1668 1696 1760 1727 esse

361 1755 496 1810 dicat,
529 1758 649 1816 quod
671 1767 899 1816 peccatore
923 1758 1196 1802 ministrante
1225 1757 1412 1802 traditur
1435 1755 1505 1801 vel
1527 1754 1756 1814 accipitur,

364 1837 407 1871 et
440 1843 530 1872 non
560 1828 674 1873 illius
709 1830 755 1874 in
797 1831 920 1890 cujus
952 1829 1133 1875 credens
1159 1831 1336 1874 nomine
1359 1828 1621 1887 baptizatur.
1648 1823 1759 1871 Inde

355 1898 446 1955 jam
468 1900 656 1944 excurrit
675 1902 720 1945 in
743 1900 903 1945 Judam
924 1900 1206 1956 traditorem,
1233 1909 1276 1944 et
1299 1899 1406 1944 dicit
1426 1899 1473 1944 in
1494 1913 1595 1943 eum
1622 1894 1757 1957 quid-

363 1968 472 2027 quid
495 1979 658 2028 potest,
683 1971 895 2016 adhibens
918 1972 1163 2017 testimonia
1189 1971 1468 2031 prophetica,
1489 1985 1589 2029 quae
1611 1966 1666 2012 de
1683 1965 1762 2012 illo

364 2047 486 2083 tanto
517 2050 616 2085 ante
659 2043 876 2100 praemissa
915 2052 1018 2087 sunt
1045 2062 1053 2087 2
1095 2052 1306 2102 tanquam
1335 2040 1574 2086 Ecclesiam
1597 2036 1760 2085 Christi

368 2118 459 2153 toto
492 2112 597 2155 orbe
625 2113 854 2168 diffusam,
878 2115 1001 2173 cujus
1023 2129 1149 2158 causa
1172 2114 1219 2157 in
1243 2114 1322 2158 hac
1345 2111 1587 2172 quaestione
1610 2124 1757 2155 versa-

367 2187 451 2233 tur,
476 2183 499 2223 J
507 2180 602 2224 udae
638 2183 853 2227 traditoris
895 2184 1116 2242 impietate
1156 2182 1421 2242 perfundat:
1444 2197 1532 2226 non
1559 2177 1762 2226 conside-

366 2265 463 2293 rans
485 2250 603 2309 quod
627 2252 694 2295 vel
716 2252 817 2297 hinc
840 2253 993 2297 debuit
1015 2253 1262 2308 admoneri,
1290 2262 1378 2297 tam
1401 2268 1492 2297 non
1515 2266 1606 2296 esse
1627 2250 1760 2295 dubi-

366 2321 546 2364 tandum
581 2322 700 2366 illam
738 2338 827 2367 esse
867 2323 1104 2368 Ecclesiam
1133 2325 1293 2370 Christi
1325 2339 1424 2383 quae
1464 2325 1508 2366 in
1555 2321 1760 2367 omnibus

370 2391 572 2447 gentibus
598 2392 820 2447 dilatatur,
837 2395 1044 2453 quoniam
1064 2396 1145 2439 hoc
1169 2404 1290 2439 tanto
1312 2403 1412 2438 ante
1434 2393 1645 2439 veraciter
1664 2407 1762 2451 pro-

373 2460 595 2516 phetatum
621 2472 700 2517 est,
727 2480 858 2523 quam
882 2480 972 2510 non
995 2475 1056 2509 cst
1086 2464 1380 2510 dubitandum
1403 2463 1457 2508 ab
1480 2479 1567 2508 uno
1589 2479 1642 2508 ex
1665 2462 1757 2507 Dis-

423 2550 426 2562 ⁵
456 2546 528 2585 Sip.
552 2558 572 2576 ι.
602 2546 628 2576 3.
