<?xml version="1.0" encoding="UTF-8"?>
<!DOCTYPE html PUBLIC "-//W3C//DTD XHTML 1.0 Transitional//EN"
    "http://www.w3.org/TR/xhtml1/DTD/xhtml1-transitional.dtd">
<html xmlns="http://www.w3.org/1999/xhtml" xml:lang="en" lang="en">
 <head>
  <title>
</title>
<meta http-equiv="Content-Type" content="text/html;charset=utf-8" />
  <meta name='ocr-system' content='tesseract 3.04.00' />
  <meta name='ocr-capabilities' content='ocr_page ocr_carea ocr_par ocr_line ocrx_word'/>
</head>
<body>
  <div class='ocr_page' id='page_1' title='image "./operaomniaaccura32auguuoft_0341.png"; bbox 0 0 1825 3264; ppageno 0'>
   <div class='ocr_carea' id='block_1_1' title="bbox 262 277 1434 326">
    <p class='ocr_par' dir='ltr' id='par_1_1' title="bbox 262 277 1434 326">
     <span class='ocr_line' id='line_1_1' title="bbox 262 277 1434 326; baseline 0 -10"><span class='ocrx_word' id='word_1_1' title='bbox 262 285 425 316; x_wconf 70' lang='lat' dir='ltr'>con-rm</span> <span class='ocrx_word' id='word_1_2' title='bbox 457 286 725 315; x_wconf 69' lang='lat' dir='ltr'>cunscomtm</span> <span class='ocrx_word' id='word_1_3' title='bbox 756 283 1046 326; x_wconf 73' lang='lat' dir='ltr'><strong>DONATISTAM‚</strong></span> <span class='ocrx_word' id='word_1_4' title='bbox 1082 289 1164 316; x_wconf 78' lang='lat' dir='ltr'>mn.</span> <span class='ocrx_word' id='word_1_5' title='bbox 1201 290 1230 315; x_wconf 93' lang='lat'>1.</span> <span class='ocrx_word' id='word_1_6' title='bbox 1356 277 1434 316; x_wconf 87' lang='lat'>331</span> 
     </span>
    </p>
   </div>
   <div class='ocr_carea' id='block_1_2' title="bbox 47 351 1441 2607">
    <p class='ocr_par' dir='ltr' id='par_1_2' title="bbox 58 351 1438 413">
     <span class='ocr_line' id='line_1_2' title="bbox 58 351 1438 413; baseline 0.001 -15"><span class='ocrx_word' id='word_1_7' title='bbox 58 353 296 413; x_wconf 82' lang='lat' dir='ltr'><strong>baptismus</strong></span> <span class='ocrx_word' id='word_1_8' title='bbox 313 351 430 412; x_wconf 88' lang='lat' dir='ltr'>apud</span> <span class='ocrx_word' id='word_1_9' title='bbox 450 352 675 397; x_wconf 86' lang='lat' dir='ltr'>haereticos</span> <span class='ocrx_word' id='word_1_10' title='bbox 695 351 1039 397; x_wconf 88' lang='lat' dir='ltr'>Christianorum</span> <span class='ocrx_word' id='word_1_11' title='bbox 1056 369 1144 398; x_wconf 88' lang='lat' dir='ltr'>non</span> <span class='ocrx_word' id='word_1_12' title='bbox 1161 362 1304 413; x_wconf 89' lang='lat' dir='ltr'>potest</span> <span class='ocrx_word' id='word_1_13' title='bbox 1321 356 1438 399; x_wconf 83' lang='lat' dir='ltr'>esse?</span> 
     </span>
    </p>

    <p class='ocr_par' dir='ltr' id='par_1_3' title="bbox 47 421 1441 2039">
     <span class='ocr_line' id='line_1_3' title="bbox 116 421 1440 483; baseline 0.001 -16"><span class='ocrx_word' id='word_1_14' title='bbox 116 424 345 467; x_wconf 87' lang='lat' dir='ltr'>XXXVII.</span> <span class='ocrx_word' id='word_1_15' title='bbox 374 422 569 467; x_wconf 87' lang='lat' dir='ltr'>Proferte</span> <span class='ocrx_word' id='word_1_16' title='bbox 590 430 705 466; x_wconf 89' lang='lat' dir='ltr'>certe</span> <span class='ocrx_word' id='word_1_17' title='bbox 727 421 916 482; x_wconf 85' lang='lat' dir='ltr'>aliquem</span> <span class='ocrx_word' id='word_1_18' title='bbox 936 423 991 466; x_wconf 92' lang='lat' dir='ltr'>de</span> <span class='ocrx_word' id='word_1_19' title='bbox 1012 424 1241 483; x_wconf 87' lang='lat' dir='ltr'>Scripturis</span> <span class='ocrx_word' id='word_1_20' title='bbox 1261 425 1440 469; x_wconf 91' lang='lat' dir='ltr'>canoni-</span> 
     </span>
     <span class='ocr_line' id='line_1_4' title="bbox 57 492 1441 554; baseline 0 -15"><span class='ocrx_word' id='word_1_21' title='bbox 57 493 132 549; x_wconf 68' lang='grc' dir='ltr'>εἰς,</span> <span class='ocrx_word' id='word_1_22' title='bbox 154 508 342 554; x_wconf 91' lang='lat' dir='ltr'>quarum</span> <span class='ocrx_word' id='word_1_23' title='bbox 364 493 490 538; x_wconf 90' lang='lat' dir='ltr'>nobis</span> <span class='ocrx_word' id='word_1_24' title='bbox 518 501 583 536; x_wconf 92' lang='lat' dir='ltr'>est</span> <span class='ocrx_word' id='word_1_25' title='bbox 602 492 846 537; x_wconf 92' lang='lat' dir='ltr'>communis</span> <span class='ocrx_word' id='word_1_26' title='bbox 876 494 1126 548; x_wconf 86' lang='lat' dir='ltr'>auctoritas,</span> <span class='ocrx_word' id='word_1_27' title='bbox 1154 495 1209 538; x_wconf 88' lang='lat' dir='ltr'>ab</span> <span class='ocrx_word' id='word_1_28' title='bbox 1227 495 1441 540; x_wconf 83' lang='lat' dir='ltr'>haereticis</span> 
     </span>
     <span class='ocr_line' id='line_1_5' title="bbox 55 563 1441 626; baseline 0 -16"><span class='ocrx_word' id='word_1_29' title='bbox 55 564 302 610; x_wconf 88' lang='lat' dir='ltr'>venientem</span> <span class='ocrx_word' id='word_1_30' title='bbox 321 563 466 608; x_wconf 91' lang='lat' dir='ltr'>denuo</span> <span class='ocrx_word' id='word_1_31' title='bbox 488 563 768 623; x_wconf 89' lang='lat' dir='ltr'>baptizatum.</span> <span class='ocrx_word' id='word_1_32' title='bbox 790 566 899 609; x_wconf 85' lang='lat' dir='ltr'>Nam</span> <span class='ocrx_word' id='word_1_33' title='bbox 921 564 1042 625; x_wconf 85' lang='lat' dir='ltr'>quod</span> <span class='ocrx_word' id='word_1_34' title='bbox 1058 567 1280 625; x_wconf 89' lang='lat' dir='ltr'>jusserunt</span> <span class='ocrx_word' id='word_1_35' title='bbox 1302 569 1441 626; x_wconf 85' lang='lat' dir='ltr'>Apos-</span> 
     </span>
     <span class='ocr_line' id='line_1_6' title="bbox 55 635 1440 697; baseline 0.001 -16"><span class='ocrx_word' id='word_1_36' title='bbox 55 635 135 682; x_wconf 88' lang='lat' dir='ltr'>toli</span> <span class='ocrx_word' id='word_1_37' title='bbox 156 636 370 697; x_wconf 88' lang='lat' dir='ltr'>quosdam</span> <span class='ocrx_word' id='word_1_38' title='bbox 392 645 490 696; x_wconf 91' lang='lat' dir='ltr'>post</span> <span class='ocrx_word' id='word_1_39' title='bbox 519 636 698 681; x_wconf 88' lang='lat' dir='ltr'>Joannis</span> <span class='ocrx_word' id='word_1_40' title='bbox 730 636 995 695; x_wconf 89' lang='lat' dir='ltr'>baptismum</span> <span class='ocrx_word' id='word_1_41' title='bbox 1023 637 1069 680; x_wconf 90' lang='lat' dir='ltr'>in</span> <span class='ocrx_word' id='word_1_42' title='bbox 1105 638 1277 682; x_wconf 89' lang='lat' dir='ltr'>Christo</span> <span class='ocrx_word' id='word_1_43' title='bbox 1296 638 1440 697; x_wconf 84' lang='lat' dir='ltr'>bapti·</span> 
     </span>
     <span class='ocr_line' id='line_1_7' title="bbox 52 706 1438 767; baseline -0.001 -15"><span class='ocrx_word' id='word_1_44' title='bbox 52 708 164 762; x_wconf 86' lang='lat' dir='ltr'>zari,</span> <span class='ocrx_word' id='word_1_45' title='bbox 188 706 320 765; x_wconf 89' lang='lat' dir='ltr'>longe</span> <span class='ocrx_word' id='word_1_46' title='bbox 344 706 427 752; x_wconf 89' lang='lat' dir='ltr'>alia</span> <span class='ocrx_word' id='word_1_47' title='bbox 456 722 582 751; x_wconf 90' lang='lat' dir='ltr'>causa</span> <span class='ocrx_word' id='word_1_48' title='bbox 600 709 703 751; x_wconf 90' lang='lat' dir='ltr'>est¹.</span> <span class='ocrx_word' id='word_1_49' title='bbox 736 709 888 767; x_wconf 86' lang='lat' dir='ltr'><strong>Neque</strong></span> <span class='ocrx_word' id='word_1_50' title='bbox 912 707 1028 751; x_wconf 87' lang='lat' dir='ltr'>enim</span> <span class='ocrx_word' id='word_1_51' title='bbox 1050 709 1240 752; x_wconf 84' lang='lat' dir='ltr'>Joannes</span> <span class='ocrx_word' id='word_1_52' title='bbox 1262 708 1438 753; x_wconf 84' lang='lat' dir='ltr'>haereti-</span> 
     </span>
     <span class='ocr_line' id='line_1_8' title="bbox 52 775 1441 838; baseline 0.001 -16"><span class='ocrx_word' id='word_1_53' title='bbox 52 793 129 822; x_wconf 92' lang='lat' dir='ltr'>cus</span> <span class='ocrx_word' id='word_1_54' title='bbox 152 775 250 832; x_wconf 87' lang='lat' dir='ltr'>fuit,</span> <span class='ocrx_word' id='word_1_55' title='bbox 276 777 440 821; x_wconf 91' lang='lat' dir='ltr'>amicus</span> <span class='ocrx_word' id='word_1_56' title='bbox 462 776 534 821; x_wconf 87' lang='lat' dir='ltr'>ille</span> <span class='ocrx_word' id='word_1_57' title='bbox 557 778 723 836; x_wconf 88' lang='lat' dir='ltr'>sponsi,</span> <span class='ocrx_word' id='word_1_58' title='bbox 746 793 835 837; x_wconf 90' lang='lat' dir='ltr'>quo</span> <span class='ocrx_word' id='word_1_59' title='bbox 864 793 993 822; x_wconf 89' lang='lat' dir='ltr'>nemo</span> <span class='ocrx_word' id='word_1_60' title='bbox 1025 778 1210 823; x_wconf 80' lang='lat' dir='ltr'>surrexit</span> <span class='ocrx_word' id='word_1_61' title='bbox 1236 780 1373 838; x_wconf 85' lang='lat' dir='ltr'>major</span> <span class='ocrx_word' id='word_1_62' title='bbox 1394 779 1441 823; x_wconf 91' lang='lat' dir='ltr'>in</span> 
     </span>
     <span class='ocr_line' id='line_1_9' title="bbox 51 846 1441 908; baseline 0.001 -17"><span class='ocrx_word' id='word_1_63' title='bbox 51 847 164 892; x_wconf 91' lang='lat' dir='ltr'>natis</span> <span class='ocrx_word' id='word_1_64' title='bbox 192 846 471 892; x_wconf 39' lang='lat' dir='ltr'>mulierum&amp;</span> <span class='ocrx_word' id='word_1_65' title='bbox 508 851 658 907; x_wconf 80' lang='lat' dir='ltr'>Longe</span> <span class='ocrx_word' id='word_1_66' title='bbox 680 863 784 907; x_wconf 85' lang='lat' dir='ltr'>ergo</span> <span class='ocrx_word' id='word_1_67' title='bbox 805 848 886 891; x_wconf 88' lang='lat' dir='ltr'>alia</span> <span class='ocrx_word' id='word_1_68' title='bbox 909 863 1036 892; x_wconf 87' lang='lat' dir='ltr'>causa</span> <span class='ocrx_word' id='word_1_69' title='bbox 1055 857 1119 892; x_wconf 89' lang='lat' dir='ltr'>est</span> <span class='ocrx_word' id='word_1_70' title='bbox 1153 867 1162 892; x_wconf 88' lang='grc'>;</span> <span class='ocrx_word' id='word_1_71' title='bbox 1196 848 1389 908; x_wconf 87' lang='lat' dir='ltr'>alioquin</span> <span class='ocrx_word' id='word_1_72' title='bbox 1407 849 1441 893; x_wconf 89' lang='lat' dir='ltr'>si</span> 
     </span>
     <span class='ocr_line' id='line_1_10' title="bbox 52 917 1440 978; baseline 0 -16"><span class='ocrx_word' id='word_1_73' title='bbox 52 917 212 963; x_wconf 91' lang='lat' dir='ltr'>Paulus</span> <span class='ocrx_word' id='word_1_74' title='bbox 240 928 338 978; x_wconf 90' lang='lat' dir='ltr'>post</span> <span class='ocrx_word' id='word_1_75' title='bbox 368 920 583 964; x_wconf 87' lang='lat' dir='ltr'>Joannem</span> <span class='ocrx_word' id='word_1_76' title='bbox 611 919 874 977; x_wconf 84' lang='lat' dir='ltr'>baptizavit,</span> <span class='ocrx_word' id='word_1_77' title='bbox 902 933 1002 962; x_wconf 89' lang='lat' dir='ltr'>cum</span> <span class='ocrx_word' id='word_1_78' title='bbox 1027 919 1157 962; x_wconf 88' lang='lat' dir='ltr'>ambo</span> <span class='ocrx_word' id='word_1_79' title='bbox 1191 919 1237 962; x_wconf 92' lang='lat' dir='ltr'>in</span> <span class='ocrx_word' id='word_1_80' title='bbox 1272 919 1440 962; x_wconf 86' lang='lat' dir='ltr'>unitate</span> 
     </span>
     <span class='ocr_line' id='line_1_11' title="bbox 50 988 1439 1050; baseline -0.001 -16"><span class='ocrx_word' id='word_1_81' title='bbox 50 989 208 1035; x_wconf 85' lang='lat' dir='ltr'>Christi</span> <span class='ocrx_word' id='word_1_82' title='bbox 237 988 422 1048; x_wconf 72' lang='lat' dir='ltr'>fuerint,</span> <span class='ocrx_word' id='word_1_83' title='bbox 453 998 620 1050; x_wconf 89' lang='lat' dir='ltr'>quanto</span> <span class='ocrx_word' id='word_1_84' title='bbox 648 989 784 1048; x_wconf 85' lang='lat' dir='ltr'>magis</span> <span class='ocrx_word' id='word_1_85' title='bbox 805 988 968 1034; x_wconf 90' lang='lat' dir='ltr'>debent</span> <span class='ocrx_word' id='word_1_86' title='bbox 1000 989 1190 1048; x_wconf 88' lang='lat' dir='ltr'>episcopi</span> <span class='ocrx_word' id='word_1_87' title='bbox 1219 990 1347 1033; x_wconf 88' lang='lat' dir='ltr'>vestri</span> <span class='ocrx_word' id='word_1_88' title='bbox 1365 989 1439 1049; x_wconf 89' lang='lat' dir='ltr'>qui</span> 
     </span>
     <span class='ocr_line' id='line_1_12' title="bbox 50 1059 1438 1119; baseline 0 -15"><span class='ocrx_word' id='word_1_89' title='bbox 50 1075 94 1104; x_wconf 89' lang='lat' dir='ltr'>se</span> <span class='ocrx_word' id='word_1_90' title='bbox 115 1061 160 1104; x_wconf 92' lang='lat' dir='ltr'>in</span> <span class='ocrx_word' id='word_1_91' title='bbox 189 1061 357 1105; x_wconf 86' lang='lat' dir='ltr'>unitate</span> <span class='ocrx_word' id='word_1_92' title='bbox 385 1060 545 1106; x_wconf 86' lang='lat' dir='ltr'>Christi</span> <span class='ocrx_word' id='word_1_93' title='bbox 573 1075 663 1104; x_wconf 89' lang='lat' dir='ltr'>esse</span> <span class='ocrx_word' id='word_1_94' title='bbox 692 1059 867 1114; x_wconf 88' lang='lat' dir='ltr'>dieunt,</span> <span class='ocrx_word' id='word_1_95' title='bbox 901 1060 1120 1119; x_wconf 88' lang='lat' dir='ltr'>baptizare</span> <span class='ocrx_word' id='word_1_96' title='bbox 1141 1068 1237 1119; x_wconf 80' lang='lat' dir='ltr'>post</span> <span class='ocrx_word' id='word_1_97' title='bbox 1254 1059 1438 1118; x_wconf 83' lang='lat' dir='ltr'>collegas</span> 
     </span>
     <span class='ocr_line' id='line_1_13' title="bbox 49 1129 1438 1190; baseline 0 -16"><span class='ocrx_word' id='word_1_98' title='bbox 49 1144 171 1185; x_wconf 90' lang='lat' dir='ltr'>suos,</span> <span class='ocrx_word' id='word_1_99' title='bbox 198 1131 244 1174; x_wconf 91' lang='lat' dir='ltr'>in</span> <span class='ocrx_word' id='word_1_100' title='bbox 282 1130 442 1190; x_wconf 90' lang='lat' dir='ltr'>quibus</span> <span class='ocrx_word' id='word_1_101' title='bbox 479 1130 658 1190; x_wconf 85' lang='lat' dir='ltr'>collegis</span> <span class='ocrx_word' id='word_1_102' title='bbox 685 1145 825 1174; x_wconf 92' lang='lat' dir='ltr'>mores</span> <span class='ocrx_word' id='word_1_103' title='bbox 857 1129 1024 1190; x_wconf 86' lang='lat' dir='ltr'>aliquos</span> <span class='ocrx_word' id='word_1_104' title='bbox 1064 1139 1178 1174; x_wconf 89' lang='lat' dir='ltr'>recte</span> <span class='ocrx_word' id='word_1_105' title='bbox 1200 1131 1438 1189; x_wconf 90' lang='lat' dir='ltr'>reprehen-</span> 
     </span>
     <span class='ocr_line' id='line_1_14' title="bbox 49 1200 1438 1262; baseline 0 -16"><span class='ocrx_word' id='word_1_106' title='bbox 49 1201 178 1257; x_wconf 91' lang='lat' dir='ltr'>dunt,</span> <span class='ocrx_word' id='word_1_107' title='bbox 200 1217 300 1246; x_wconf 86' lang='lat' dir='ltr'>cum</span> <span class='ocrx_word' id='word_1_108' title='bbox 324 1202 406 1246; x_wconf 89' lang='lat' dir='ltr'>hoc</span> <span class='ocrx_word' id='word_1_109' title='bbox 430 1200 579 1246; x_wconf 86' lang='lat' dir='ltr'>feeerit</span> <span class='ocrx_word' id='word_1_110' title='bbox 603 1201 778 1256; x_wconf 89' lang='lat' dir='ltr'>Paulus,</span> <span class='ocrx_word' id='word_1_111' title='bbox 805 1202 881 1262; x_wconf 85' lang='lat' dir='ltr'>qui</span> <span class='ocrx_word' id='word_1_112' title='bbox 903 1200 1013 1245; x_wconf 89' lang='lat' dir='ltr'>nihil</span> <span class='ocrx_word' id='word_1_113' title='bbox 1034 1202 1178 1261; x_wconf 85' lang='lat' dir='ltr'>potuit</span> <span class='ocrx_word' id='word_1_114' title='bbox 1202 1203 1246 1245; x_wconf 91' lang='lat' dir='ltr'>in</span> <span class='ocrx_word' id='word_1_115' title='bbox 1269 1204 1438 1246; x_wconf 86' lang='lat' dir='ltr'>Joanne</span> 
     </span>
     <span class='ocr_line' id='line_1_15' title="bbox 48 1270 1437 1331; baseline 0 -15"><span class='ocrx_word' id='word_1_116' title='bbox 48 1271 398 1331; x_wconf 79' lang='lat' dir='ltr'>reprehendere?</span> <span class='ocrx_word' id='word_1_117' title='bbox 421 1274 537 1330; x_wconf 84' lang='lat' dir='ltr'>Ergo</span> <span class='ocrx_word' id='word_1_118' title='bbox 555 1270 627 1315; x_wconf 84' lang='lat' dir='ltr'>illa</span> <span class='ocrx_word' id='word_1_119' title='bbox 651 1270 731 1316; x_wconf 83' lang='lat' dir='ltr'>alia</span> <span class='ocrx_word' id='word_1_120' title='bbox 755 1288 881 1316; x_wconf 85' lang='lat' dir='ltr'>causa</span> <span class='ocrx_word' id='word_1_121' title='bbox 900 1281 984 1326; x_wconf 89' lang='lat' dir='ltr'>est,</span> <span class='ocrx_word' id='word_1_122' title='bbox 1011 1271 1090 1316; x_wconf 88' lang='lat' dir='ltr'>alia</span> <span class='ocrx_word' id='word_1_123' title='bbox 1114 1273 1239 1327; x_wconf 91' lang='lat' dir='ltr'>ratio,</span> <span class='ocrx_word' id='word_1_124' title='bbox 1269 1272 1324 1316; x_wconf 90' lang='lat' dir='ltr'>de</span> <span class='ocrx_word' id='word_1_125' title='bbox 1350 1288 1437 1331; x_wconf 90' lang='lat' dir='ltr'>qua</span> 
     </span>
     <span class='ocr_line' id='line_1_16' title="bbox 48 1341 1438 1401; baseline 0 -15"><span class='ocrx_word' id='word_1_126' title='bbox 48 1357 168 1387; x_wconf 88' lang='lat' dir='ltr'>nuuc</span> <span class='ocrx_word' id='word_1_127' title='bbox 199 1341 406 1387; x_wconf 80' lang='lat' dir='ltr'>disserere</span> <span class='ocrx_word' id='word_1_128' title='bbox 433 1342 617 1401; x_wconf 84' lang='lat' dir='ltr'>longum</span> <span class='ocrx_word' id='word_1_129' title='bbox 654 1351 734 1396; x_wconf 89' lang='lat' dir='ltr'>est,</span> <span class='ocrx_word' id='word_1_130' title='bbox 758 1352 801 1386; x_wconf 93' lang='lat' dir='ltr'>et</span> <span class='ocrx_word' id='word_1_131' title='bbox 833 1342 997 1386; x_wconf 80' lang='lat' dir='ltr'>inaliis</span> <span class='ocrx_word' id='word_1_132' title='bbox 1029 1343 1249 1401; x_wconf 88' lang='lat' dir='ltr'>opusculis</span> <span class='ocrx_word' id='word_1_133' title='bbox 1283 1343 1438 1387; x_wconf 91' lang='lat' dir='ltr'>nostris</span> 
     </span>
     <span class='ocr_line' id='line_1_17' title="bbox 48 1412 1437 1473; baseline -0.001 -16"><span class='ocrx_word' id='word_1_134' title='bbox 48 1413 149 1458; x_wconf 87' lang='lat' dir='ltr'>hinc</span> <span class='ocrx_word' id='word_1_135' title='bbox 178 1412 317 1458; x_wconf 91' lang='lat' dir='ltr'>multa</span> <span class='ocrx_word' id='word_1_136' title='bbox 343 1415 433 1473; x_wconf 90' lang='lat' dir='ltr'>jam</span> <span class='ocrx_word' id='word_1_137' title='bbox 466 1413 668 1457; x_wconf 83' lang='lat' dir='ltr'>diximus.</span> <span class='ocrx_word' id='word_1_138' title='bbox 705 1413 774 1457; x_wconf 87' lang='lat' dir='ltr'>Ab</span> <span class='ocrx_word' id='word_1_139' title='bbox 806 1413 1020 1457; x_wconf 83' lang='lat' dir='ltr'>haereticis</span> <span class='ocrx_word' id='word_1_140' title='bbox 1055 1428 1158 1472; x_wconf 85' lang='lat' dir='ltr'>ergo</span> <span class='ocrx_word' id='word_1_141' title='bbox 1189 1413 1437 1457; x_wconf 89' lang='lat' dir='ltr'>venientem</span> 
     </span>
     <span class='ocr_line' id='line_1_18' title="bbox 48 1484 1438 1545; baseline -0.001 -15"><span class='ocrx_word' id='word_1_142' title='bbox 48 1485 230 1545; x_wconf 87' lang='lat' dir='ltr'>probate</span> <span class='ocrx_word' id='word_1_143' title='bbox 250 1485 297 1529; x_wconf 91' lang='lat' dir='ltr'>in</span> <span class='ocrx_word' id='word_1_144' title='bbox 320 1485 552 1544; x_wconf 87' lang='lat' dir='ltr'>Scripturis</span> <span class='ocrx_word' id='word_1_145' title='bbox 589 1485 808 1529; x_wconf 91' lang='lat' dir='ltr'>canonicis</span> <span class='ocrx_word' id='word_1_146' title='bbox 835 1484 983 1529; x_wconf 91' lang='lat' dir='ltr'>denuo</span> <span class='ocrx_word' id='word_1_147' title='bbox 1018 1484 1302 1544; x_wconf 89' lang='lat' dir='ltr'>baptizatum.</span> <span class='ocrx_word' id='word_1_148' title='bbox 1329 1487 1438 1529; x_wconf 86' lang='lat' dir='ltr'>Nam</span> 
     </span>
     <span class='ocr_line' id='line_1_19' title="bbox 48 1555 1434 1616; baseline -0.002 -14"><span class='ocrx_word' id='word_1_149' title='bbox 48 1566 91 1602; x_wconf 90' lang='lat' dir='ltr'>et</span> <span class='ocrx_word' id='word_1_150' title='bbox 112 1572 191 1602; x_wconf 89' lang='lat' dir='ltr'>nos</span> <span class='ocrx_word' id='word_1_151' title='bbox 209 1557 472 1616; x_wconf 89' lang='lat' dir='ltr'>proferimus</span> <span class='ocrx_word' id='word_1_152' title='bbox 506 1560 635 1601; x_wconf 90' lang='lat' dir='ltr'>Petro</span> <span class='ocrx_word' id='word_1_153' title='bbox 658 1556 825 1601; x_wconf 88' lang='lat' dir='ltr'>dictum</span> <span class='ocrx_word' id='word_1_154' title='bbox 854 1575 862 1601; x_wconf 89' lang='lat'>:</span> <span class='ocrx_word' id='word_1_155' title='bbox 892 1556 1017 1610; x_wconf 88' lang='lat' dir='ltr'>«Qui</span> <span class='ocrx_word' id='word_1_156' title='bbox 1046 1555 1161 1601; x_wconf 91' lang='lat' dir='ltr'>lotus</span> <span class='ocrx_word' id='word_1_157' title='bbox 1191 1565 1255 1600; x_wconf 90' lang='lat' dir='ltr'>est</span> <span class='ocrx_word' id='word_1_158' title='bbox 1285 1555 1434 1610; x_wconf 90' lang='lat' dir='ltr'>semel,</span> 
     </span>
     <span class='ocr_line' id='line_1_20' title="bbox 51 1626 1434 1686; baseline 0 -17"><span class='ocrx_word' id='word_1_159' title='bbox 51 1646 71 1669; x_wconf 88' lang='lat'>»</span> <span class='ocrx_word' id='word_1_160' title='bbox 97 1642 185 1671; x_wconf 90' lang='lat' dir='ltr'>non</span> <span class='ocrx_word' id='word_1_161' title='bbox 208 1642 317 1686; x_wconf 87' lang='lat' dir='ltr'>opus</span> <span class='ocrx_word' id='word_1_162' title='bbox 338 1626 473 1671; x_wconf 90' lang='lat' dir='ltr'>habet</span> <span class='ocrx_word' id='word_1_163' title='bbox 496 1627 652 1671; x_wconf 89' lang='lat' dir='ltr'>iterum</span> <span class='ocrx_word' id='word_1_164' title='bbox 676 1626 844 1671; x_wconf 67' lang='lat' dir='ltr'>lavariss.</span> <span class='ocrx_word' id='word_1_165' title='bbox 869 1645 888 1668; x_wconf 69' lang='grc' dir='ltr'>η</span> <span class='ocrx_word' id='word_1_166' title='bbox 916 1626 1000 1671; x_wconf 91' lang='lat' dir='ltr'>Sed</span> <span class='ocrx_word' id='word_1_167' title='bbox 1017 1627 1145 1671; x_wconf 90' lang='lat' dir='ltr'>etiam</span> <span class='ocrx_word' id='word_1_168' title='bbox 1168 1641 1244 1671; x_wconf 88' lang='lat' dir='ltr'>vos</span> <span class='ocrx_word' id='word_1_169' title='bbox 1263 1626 1404 1670; x_wconf 88' lang='lat' dir='ltr'>dicitis</span> <span class='ocrx_word' id='word_1_170' title='bbox 1423 1661 1434 1681; x_wconf 98' lang='lat'>,</span> 
     </span>
     <span class='ocr_line' id='line_1_21' title="bbox 48 1695 1438 1756; baseline -0.002 -13"><span class='ocrx_word' id='word_1_171' title='bbox 48 1700 202 1743; x_wconf 88' lang='lat' dir='ltr'>Petrus</span> <span class='ocrx_word' id='word_1_172' title='bbox 241 1713 330 1742; x_wconf 92' lang='lat' dir='ltr'>non</span> <span class='ocrx_word' id='word_1_173' title='bbox 361 1697 506 1741; x_wconf 76' lang='lat' dir='ltr'>tuerat</span> <span class='ocrx_word' id='word_1_174' title='bbox 540 1695 657 1756; x_wconf 89' lang='lat' dir='ltr'>apud</span> <span class='ocrx_word' id='word_1_175' title='bbox 693 1697 916 1742; x_wconf 83' lang='lat' dir='ltr'>haereticos</span> <span class='ocrx_word' id='word_1_176' title='bbox 949 1696 1209 1756; x_wconf 88' lang='lat' dir='ltr'>baptizatus.</span> <span class='ocrx_word' id='word_1_177' title='bbox 1250 1695 1438 1741; x_wconf 87' lang='lat' dir='ltr'>Proinde</span> 
     </span>
     <span class='ocr_line' id='line_1_22' title="bbox 47 1766 1438 1829; baseline -0.001 -17"><span class='ocrx_word' id='word_1_178' title='bbox 47 1768 150 1829; x_wconf 87' lang='lat' dir='ltr'>quia</span> <span class='ocrx_word' id='word_1_179' title='bbox 168 1783 248 1812; x_wconf 89' lang='lat' dir='ltr'>nec</span> <span class='ocrx_word' id='word_1_180' title='bbox 266 1783 341 1813; x_wconf 88' lang='lat' dir='ltr'>vos</span> <span class='ocrx_word' id='word_1_181' title='bbox 358 1768 536 1828; x_wconf 88' lang='lat' dir='ltr'>potestis</span> <span class='ocrx_word' id='word_1_182' title='bbox 558 1766 752 1828; x_wconf 88' lang='lat' dir='ltr'>proferre</span> <span class='ocrx_word' id='word_1_183' title='bbox 770 1769 824 1812; x_wconf 89' lang='lat' dir='ltr'>de</span> <span class='ocrx_word' id='word_1_184' title='bbox 845 1769 1091 1828; x_wconf 88' lang='lat' dir='ltr'>Scripturis,</span> <span class='ocrx_word' id='word_1_185' title='bbox 1107 1783 1293 1828; x_wconf 87' lang='lat' dir='ltr'>quarum</span> <span class='ocrx_word' id='word_1_186' title='bbox 1312 1768 1438 1812; x_wconf 92' lang='lat' dir='ltr'>nobis</span> 
     </span>
     <span class='ocr_line' id='line_1_23' title="bbox 47 1839 1437 1893; baseline -0.001 -9"><span class='ocrx_word' id='word_1_187' title='bbox 47 1839 291 1884; x_wconf 91' lang='lat' dir='ltr'>communis</span> <span class='ocrx_word' id='word_1_188' title='bbox 323 1847 387 1883; x_wconf 90' lang='lat' dir='ltr'>est</span> <span class='ocrx_word' id='word_1_189' title='bbox 408 1839 668 1893; x_wconf 86' lang='lat' dir='ltr'>auctoritas,</span> <span class='ocrx_word' id='word_1_190' title='bbox 695 1839 751 1884; x_wconf 88' lang='lat' dir='ltr'>ab</span> <span class='ocrx_word' id='word_1_191' title='bbox 778 1839 992 1883; x_wconf 78' lang='lat' dir='ltr'>haereticis</span> <span class='ocrx_word' id='word_1_192' title='bbox 1021 1839 1266 1882; x_wconf 88' lang='lat' dir='ltr'>venientem</span> <span class='ocrx_word' id='word_1_193' title='bbox 1291 1839 1437 1882; x_wconf 91' lang='lat' dir='ltr'>denuo</span> 
     </span>
     <span class='ocr_line' id='line_1_24' title="bbox 47 1906 1436 1969; baseline -0.001 -15"><span class='ocrx_word' id='word_1_194' title='bbox 47 1909 332 1969; x_wconf 91' lang='lat' dir='ltr'>baptizatum,</span> <span class='ocrx_word' id='word_1_195' title='bbox 353 1906 433 1955; x_wconf 81' lang='lat' dir='ltr'>nec</span> <span class='ocrx_word' id='word_1_196' title='bbox 450 1925 528 1954; x_wconf 91' lang='lat' dir='ltr'>nos</span> <span class='ocrx_word' id='word_1_197' title='bbox 549 1910 606 1954; x_wconf 88' lang='lat' dir='ltr'>ita</span> <span class='ocrx_word' id='word_1_198' title='bbox 624 1919 896 1969; x_wconf 82' lang='lat' dir='ltr'>susceptum3</span> <span class='ocrx_word' id='word_1_199' title='bbox 911 1918 1125 1969; x_wconf 88' lang='lat' dir='ltr'>quantum</span> <span class='ocrx_word' id='word_1_200' title='bbox 1145 1908 1200 1952; x_wconf 89' lang='lat' dir='ltr'>ad</span> <span class='ocrx_word' id='word_1_201' title='bbox 1218 1909 1330 1953; x_wconf 86' lang='lat' dir='ltr'>hanc</span> <span class='ocrx_word' id='word_1_202' title='bbox 1346 1924 1436 1953; x_wconf 89' lang='lat' dir='ltr'>rem</span> 
     </span>
     <span class='ocr_line' id='line_1_25' title="bbox 48 1981 709 2039; baseline -0.003 -14"><span class='ocrx_word' id='word_1_203' title='bbox 48 1981 219 2034; x_wconf 84' lang='lat' dir='ltr'>attinet,</span> <span class='ocrx_word' id='word_1_204' title='bbox 242 1996 322 2039; x_wconf 86' lang='lat' dir='ltr'>par</span> <span class='ocrx_word' id='word_1_205' title='bbox 344 1981 470 2025; x_wconf 92' lang='lat' dir='ltr'>nobis</span> <span class='ocrx_word' id='word_1_206' title='bbox 486 1995 613 2024; x_wconf 89' lang='lat' dir='ltr'>causa</span> <span class='ocrx_word' id='word_1_207' title='bbox 631 1989 709 2025; x_wconf 90' lang='lat' dir='ltr'>est.</span> 
     </span>
    </p>

    <p class='ocr_par' dir='ltr' id='par_1_4' title="bbox 48 2048 1440 2607">
     <span class='ocr_line' id='line_1_26' title="bbox 108 2048 1440 2095; baseline -0.001 -1"><span class='ocrx_word' id='word_1_208' title='bbox 108 2053 362 2095; x_wconf 86' lang='lat' dir='ltr'>XXXVIII.</span> <span class='ocrx_word' id='word_1_209' title='bbox 383 2053 546 2094; x_wconf 89' lang='lat' dir='ltr'>Verum</span> <span class='ocrx_word' id='word_1_210' title='bbox 574 2065 653 2095; x_wconf 91' lang='lat' dir='ltr'>nos</span> <span class='ocrx_word' id='word_1_211' title='bbox 679 2050 817 2095; x_wconf 90' lang='lat' dir='ltr'>multa</span> <span class='ocrx_word' id='word_1_212' title='bbox 840 2050 1110 2095; x_wconf 90' lang='lat' dir='ltr'>ostendimus</span> <span class='ocrx_word' id='word_1_213' title='bbox 1129 2050 1258 2094; x_wconf 87' lang='lat' dir='ltr'>etiam</span> <span class='ocrx_word' id='word_1_214' title='bbox 1293 2049 1348 2093; x_wconf 88' lang='lat' dir='ltr'>ad</span> <span class='ocrx_word' id='word_1_215' title='bbox 1377 2048 1440 2093; x_wconf 92' lang='lat' dir='ltr'>le-</span> 
     </span>
     <span class='ocr_line' id='line_1_27' title="bbox 48 2119 1438 2182; baseline -0.001 -17"><span class='ocrx_word' id='word_1_216' title='bbox 48 2135 146 2180; x_wconf 88' lang='lat' dir='ltr'>gem</span> <span class='ocrx_word' id='word_1_217' title='bbox 169 2122 247 2166; x_wconf 89' lang='lat' dir='ltr'>Dei</span> <span class='ocrx_word' id='word_1_218' title='bbox 264 2121 525 2181; x_wconf 89' lang='lat' dir='ltr'>pertinentia</span> <span class='ocrx_word' id='word_1_219' title='bbox 549 2137 638 2166; x_wconf 85' lang='lat' dir='ltr'>esse</span> <span class='ocrx_word' id='word_1_220' title='bbox 656 2121 773 2182; x_wconf 90' lang='lat' dir='ltr'>apud</span> <span class='ocrx_word' id='word_1_221' title='bbox 800 2136 872 2166; x_wconf 85' lang='lat' dir='ltr'>eos</span> <span class='ocrx_word' id='word_1_222' title='bbox 891 2122 966 2182; x_wconf 91' lang='lat' dir='ltr'>qui</span> <span class='ocrx_word' id='word_1_223' title='bbox 989 2137 1077 2166; x_wconf 88' lang='lat' dir='ltr'>non</span> <span class='ocrx_word' id='word_1_224' title='bbox 1100 2130 1203 2165; x_wconf 88' lang='lat' dir='ltr'>sunt</span> <span class='ocrx_word' id='word_1_225' title='bbox 1221 2121 1265 2164; x_wconf 92' lang='lat' dir='ltr'>in</span> <span class='ocrx_word' id='word_1_226' title='bbox 1283 2119 1438 2165; x_wconf 88' lang='lat' dir='ltr'>Eccle-</span> 
     </span>
     <span class='ocr_line' id='line_1_28' title="bbox 48 2190 1440 2253; baseline -0.001 -17"><span class='ocrx_word' id='word_1_227' title='bbox 48 2192 126 2247; x_wconf 89' lang='lat' dir='ltr'>sia,</span> <span class='ocrx_word' id='word_1_228' title='bbox 146 2207 246 2253; x_wconf 85' lang='lat' dir='ltr'>quae</span> <span class='ocrx_word' id='word_1_229' title='bbox 261 2207 390 2237; x_wconf 91' lang='lat' dir='ltr'>nemo</span> <span class='ocrx_word' id='word_1_230' title='bbox 402 2202 594 2237; x_wconf 89' lang='lat' dir='ltr'>vestrum</span> <span class='ocrx_word' id='word_1_231' title='bbox 617 2192 749 2237; x_wconf 89' lang='lat' dir='ltr'>audet</span> <span class='ocrx_word' id='word_1_232' title='bbox 771 2207 930 2252; x_wconf 88' lang='lat' dir='ltr'>negare</span> <span class='ocrx_word' id='word_1_233' title='bbox 953 2211 962 2237; x_wconf 71' lang='grc' dir='ltr'>ι</span> <span class='ocrx_word' id='word_1_234' title='bbox 983 2193 1057 2236; x_wconf 91' lang='lat' dir='ltr'>sed</span> <span class='ocrx_word' id='word_1_235' title='bbox 1073 2207 1151 2236; x_wconf 89' lang='lat' dir='ltr'>cur</span> <span class='ocrx_word' id='word_1_236' title='bbox 1167 2191 1251 2236; x_wconf 90' lang='lat' dir='ltr'>tale</span> <span class='ocrx_word' id='word_1_237' title='bbox 1273 2190 1440 2251; x_wconf 88' lang='lat' dir='ltr'>aliquid</span> 
     </span>
     <span class='ocr_line' id='line_1_29' title="bbox 48 2261 1439 2322; baseline -0.001 -16"><span class='ocrx_word' id='word_1_238' title='bbox 48 2261 194 2308; x_wconf 90' lang='lat' dir='ltr'>nolitis</span> <span class='ocrx_word' id='word_1_239' title='bbox 217 2278 308 2307; x_wconf 89' lang='lat' dir='ltr'>esse</span> <span class='ocrx_word' id='word_1_240' title='bbox 344 2272 388 2308; x_wconf 91' lang='lat' dir='ltr'>et</span> <span class='ocrx_word' id='word_1_241' title='bbox 420 2263 704 2322; x_wconf 85' lang='lat' dir='ltr'>baptismum,</span> <span class='ocrx_word' id='word_1_242' title='bbox 740 2263 919 2308; x_wconf 91' lang='lat' dir='ltr'>omnino</span> <span class='ocrx_word' id='word_1_243' title='bbox 942 2278 1031 2307; x_wconf 92' lang='lat' dir='ltr'>non</span> <span class='ocrx_word' id='word_1_244' title='bbox 1058 2262 1210 2316; x_wconf 90' lang='lat' dir='ltr'>video,</span> <span class='ocrx_word' id='word_1_245' title='bbox 1243 2277 1324 2305; x_wconf 85' lang='lat' dir='ltr'>nec</span> <span class='ocrx_word' id='word_1_246' title='bbox 1363 2276 1439 2305; x_wconf 89' lang='lat' dir='ltr'>vos</span> 
     </span>
     <span class='ocr_line' id='line_1_30' title="bbox 49 2332 1438 2393; baseline -0.002 -15"><span class='ocrx_word' id='word_1_247' title='bbox 49 2347 173 2393; x_wconf 88' lang='lat' dir='ltr'>posse</span> <span class='ocrx_word' id='word_1_248' title='bbox 195 2332 492 2379; x_wconf 87' lang='lat' dir='ltr'>demonstrare</span> <span class='ocrx_word' id='word_1_249' title='bbox 512 2334 700 2379; x_wconf 86' lang='lat' dir='ltr'>confido.</span> <span class='ocrx_word' id='word_1_250' title='bbox 733 2335 965 2393; x_wconf 86' lang='lat' dir='ltr'>Sequimur</span> <span class='ocrx_word' id='word_1_251' title='bbox 993 2349 1095 2378; x_wconf 91' lang='lat' dir='ltr'>sane</span> <span class='ocrx_word' id='word_1_252' title='bbox 1123 2349 1201 2377; x_wconf 92' lang='lat' dir='ltr'>nos</span> <span class='ocrx_word' id='word_1_253' title='bbox 1223 2333 1268 2376; x_wconf 89' lang='lat' dir='ltr'>in</span> <span class='ocrx_word' id='word_1_254' title='bbox 1292 2333 1371 2376; x_wconf 87' lang='lat' dir='ltr'>hac</span> <span class='ocrx_word' id='word_1_255' title='bbox 1393 2346 1438 2375; x_wconf 89' lang='lat' dir='ltr'>re</span> 
     </span>
     <span class='ocr_line' id='line_1_31' title="bbox 49 2403 1439 2462; baseline -0.001 -15"><span class='ocrx_word' id='word_1_256' title='bbox 49 2404 179 2448; x_wconf 90' lang='lat' dir='ltr'>etiam</span> <span class='ocrx_word' id='word_1_257' title='bbox 213 2404 521 2449; x_wconf 90' lang='lat' dir='ltr'>canonicarum</span> <span class='ocrx_word' id='word_1_258' title='bbox 558 2405 860 2449; x_wconf 85' lang='lat' dir='ltr'>auctoritatem</span> <span class='ocrx_word' id='word_1_259' title='bbox 886 2405 1164 2449; x_wconf 85' lang='lat' dir='ltr'>certissimam</span> <span class='ocrx_word' id='word_1_260' title='bbox 1195 2403 1439 2462; x_wconf 83' lang='lat' dir='ltr'>Scriptura-</span> 
     </span>
     <span class='ocr_line' id='line_1_32' title="bbox 50 2474 1437 2536; baseline -0.001 -17"><span class='ocrx_word' id='word_1_261' title='bbox 50 2490 163 2520; x_wconf 90' lang='lat' dir='ltr'>rum.</span> <span class='ocrx_word' id='word_1_262' title='bbox 189 2477 340 2536; x_wconf 88' lang='lat' dir='ltr'>Neque</span> <span class='ocrx_word' id='word_1_263' title='bbox 371 2476 487 2519; x_wconf 88' lang='lat' dir='ltr'>enim</span> <span class='ocrx_word' id='word_1_264' title='bbox 524 2476 645 2534; x_wconf 91' lang='lat' dir='ltr'>parvi</span> <span class='ocrx_word' id='word_1_265' title='bbox 681 2476 893 2520; x_wconf 91' lang='lat' dir='ltr'>momenti</span> <span class='ocrx_word' id='word_1_266' title='bbox 922 2474 1176 2519; x_wconf 88' lang='lat' dir='ltr'>habendum</span> <span class='ocrx_word' id='word_1_267' title='bbox 1201 2484 1288 2528; x_wconf 89' lang='lat' dir='ltr'>est,</span> <span class='ocrx_word' id='word_1_268' title='bbox 1318 2474 1437 2534; x_wconf 84' lang='lat' dir='ltr'>quod</span> 
     </span>
     <span class='ocr_line' id='line_1_33' title="bbox 48 2546 1438 2607; baseline -0.002 -15"><span class='ocrx_word' id='word_1_269' title='bbox 48 2562 151 2592; x_wconf 90' lang='lat' dir='ltr'>cum</span> <span class='ocrx_word' id='word_1_270' title='bbox 181 2547 296 2592; x_wconf 88' lang='lat' dir='ltr'>inter</span> <span class='ocrx_word' id='word_1_271' title='bbox 317 2548 540 2607; x_wconf 90' lang='lat' dir='ltr'>episcopos</span> <span class='ocrx_word' id='word_1_272' title='bbox 562 2548 787 2592; x_wconf 89' lang='lat' dir='ltr'>anterioris</span> <span class='ocrx_word' id='word_1_273' title='bbox 808 2548 946 2591; x_wconf 84' lang='lat' dir='ltr'>aetatis</span> <span class='ocrx_word' id='word_1_274' title='bbox 969 2561 1102 2606; x_wconf 86' lang='lat' dir='ltr'>quam</span> <span class='ocrx_word' id='word_1_275' title='bbox 1118 2561 1208 2592; x_wconf 90' lang='lat' dir='ltr'>esse</span> <span class='ocrx_word' id='word_1_276' title='bbox 1228 2546 1438 2606; x_wconf 89' lang='lat' dir='ltr'>inciperet</span> 
     </span>
    </p>
   </div>
   <div class='ocr_carea' id='block_1_3' title="bbox 98 2630 1081 2676">
    <p class='ocr_par' dir='ltr' id='par_1_5' title="bbox 98 2630 1081 2676">
     <span class='ocr_line' id='line_1_34' title="bbox 98 2630 1081 2676; baseline 0 -11"><span class='ocrx_word' id='word_1_277' title='bbox 98 2639 108 2655; x_wconf 91' lang='lat'>¹</span> <span class='ocrx_word' id='word_1_278' title='bbox 131 2631 285 2674; x_wconf 80' lang='lat' dir='ltr'>soan.1u·‚</span> <span class='ocrx_word' id='word_1_279' title='bbox 304 2642 359 2676; x_wconf 84' lang='lat'>29.</span> <span class='ocrx_word' id='word_1_280' title='bbox 378 2650 419 2658; x_wconf 92' lang='lat'><strong>—</strong></span> <span class='ocrx_word' id='word_1_281' title='bbox 437 2640 450 2658; x_wconf 90' lang='lat'>²</span> <span class='ocrx_word' id='word_1_282' title='bbox 475 2633 587 2666; x_wconf 80' lang='lat' dir='ltr'>Matlh.</span> <span class='ocrx_word' id='word_1_283' title='bbox 607 2644 651 2675; x_wconf 80' lang='lat' dir='ltr'>xi,</span> <span class='ocrx_word' id='word_1_284' title='bbox 676 2643 728 2666; x_wconf 84' lang='lat'>11.</span> <span class='ocrx_word' id='word_1_285' title='bbox 744 2649 785 2659; x_wconf 91' lang='lat'><em>-</em></span> <span class='ocrx_word' id='word_1_286' title='bbox 801 2630 814 2657; x_wconf 87' lang='lat'>3</span> <span class='ocrx_word' id='word_1_287' title='bbox 831 2634 920 2666; x_wconf 88' lang='lat' dir='ltr'>Joan.</span> <span class='ocrx_word' id='word_1_288' title='bbox 940 2642 1007 2673; x_wconf 83' lang='lat' dir='ltr'>xm,</span> <span class='ocrx_word' id='word_1_289' title='bbox 1032 2643 1081 2665; x_wconf 81' lang='grc' dir='ltr'>ιο.</span> 
     </span>
    </p>
   </div>
  </div>
 </body>
</html>
