1825 3264
329 281 411 320 482
746 296 779 319 s.
816 292 1046 321 Ausus-nm
1078 293 1261 321 errscom

325 359 456 401 rimus
471 372 548 416 per
567 372 700 418 quem
728 359 812 402 hoc
833 358 986 403 melius
1017 359 1106 403 fiat.
1135 376 1155 399 υ
1187 360 1275 403 Nec
1297 357 1484 403 attendis
1500 360 1584 404 hoc
1616 373 1708 406 non

322 427 504 472 suadere
522 427 798 484 Petilianum,
811 429 882 473 cui
899 438 1005 474 tunc
1027 427 1246 488 respondi,
1263 437 1306 473 et
1322 429 1448 489 eujus
1468 429 1708 490 Epistolam

322 497 526 543 adversus
562 500 883 558 responsionem
911 514 1050 544 meam
1072 498 1307 545 defendere
1333 508 1464 559 atque
1492 501 1708 546 affirmare
1815 497 1817 526 ³

320 570 502 614 conaris.
529 569 608 614 Ille
639 570 803 631 quippe
823 570 933 616 dixit
970 579 1117 630 aperte
1147 587 1158 612 ε
1195 589 1216 613 «
1251 570 1527 616 Conscientia
1559 580 1708 616 sancte

321 638 463 684 dantis
490 642 749 697 attenditur,
772 657 872 702 quae
895 641 1044 686 abluat
1065 641 1330 701 accipientis,
1355 657 1456 686 nam
1475 642 1553 701 qui
1573 641 1707 686 fidem

318 724 341 753 a
363 710 530 769 perfido
551 713 796 771 sumpserit,
819 727 909 757 non
925 712 1058 756 fidem
1076 712 1277 771 percipit,
1299 712 1373 756 sed
1389 722 1574 757 reatum.
1590 730 1611 754 n
1628 712 1706 758 Dic

318 781 425 825 mihi
440 796 570 842 quem
595 781 740 827 locum
767 783 942 828 Christo
965 781 1188 842 reliquerit
1206 781 1262 826 ad
1288 781 1558 827 abluendum
1581 797 1708 827 cons-

319 852 521 895 cientiam
541 853 745 912 baptizati
767 888 777 907 ,
803 863 879 898 aut
901 869 924 897 a
947 868 1037 913 quo
1057 851 1190 896 fidem
1209 853 1417 912 percipiat
1440 853 1704 912 baptizatus,

316 922 495 981 quando
515 924 828 968 conscientiam
852 923 994 968 dantis
1016 923 1123 967 dicis
1147 922 1315 967 attendi
1336 938 1435 982 quae
1460 921 1610 968 abluat
1627 958 1638 978 ,
1664 931 1709 968 et

255 1051 259 1055 .
317 1007 407 1036 non
422 994 554 1037 fidem
572 995 808 1052 percipere,
838 994 913 1038 sed
936 1003 1104 1038 reatum
1119 1028 1129 1048 ,
1155 994 1233 1053 qui
1253 992 1385 1037 fidem
1409 994 1542 1038 sumit
1559 1009 1582 1038 a
1603 1009 1707 1053 per·

316 1063 438 1106 fido?
457 1065 521 1106 Tu
543 1063 721 1117 quidem
757 1064 1041 1108 succumbere
1063 1063 1221 1109 videris
1242 1073 1366 1110 tanto
1387 1065 1572 1124 ponderi
1593 1066 1707 1110 veri-

315 1133 430 1187 tatis,
446 1142 490 1177 et
506 1133 612 1178 dicis
634 1135 716 1178 hoc
738 1143 781 1178 te
798 1134 996 1190 suadere,
1018 1143 1061 1179 et
1082 1136 1166 1180 hoc
1187 1133 1316 1190 velle,
1342 1144 1392 1179 ut
1412 1136 1611 1181 Christus
1630 1135 1706 1180 det

315 1204 446 1248 fidem
465 1238 476 1258 ,
500 1213 632 1263 atque
649 1204 704 1248 ad
733 1204 971 1249 ineundam
993 1205 1127 1249 vitam
1150 1219 1307 1250 novam
1334 1205 1532 1250 Christus
1556 1204 1707 1250 abluat

315 1276 611 1320 Christianum
632 1311 643 1331 ,
669 1277 826 1336 quaeris
859 1285 1005 1321 autem
1029 1291 1106 1334 per
1127 1291 1258 1335 quem
1292 1275 1445 1320 melius
1462 1277 1558 1331 fiat,
1584 1274 1706 1336 quod

316 1347 407 1390 sine
444 1348 638 1391 ministro
678 1348 772 1390 fleri
804 1362 894 1392 non
930 1355 1117 1407 oportet.
1157 1345 1393 1391 Petilianus
1431 1355 1577 1391 tamen
1615 1361 1706 1391 non

313 1417 424 1461 dixit
457 1437 465 1461 :
500 1417 774 1462 Conscientia
814 1417 1098 1461 ministrantis
1136 1416 1376 1461 attenditur
1401 1451 1411 1471 ,
1452 1431 1530 1475 per
1570 1430 1705 1477 quam

312 1489 509 1533 Christus
536 1489 684 1533 abluat
717 1489 992 1547 accipientis,
1027 1497 1102 1532 aut
1133 1503 1211 1548 per
1231 1503 1365 1548 quam
1399 1487 1596 1533 Christus
1627 1487 1704 1532 det

312 1557 444 1602 fidem
461 1578 469 1603 ε
489 1559 564 1603 sed
580 1560 670 1618 ipsa
691 1560 955 1604 conscientia
971 1558 1283 1617 dantis,voluit
1307 1559 1558 1618 accipientis
1580 1557 1702 1602 ablui

313 1630 636 1673 conscientiam.
674 1632 763 1675 Nec
792 1630 933 1674 dixit:
970 1630 1176 1690 Quisquis
1208 1629 1340 1674 fidem
1377 1643 1454 1689 per
1481 1628 1701 1689 perfidum

314 1699 559 1757 sumpserit,
584 1715 673 1744 non
696 1699 826 1744 fidem
849 1700 1054 1758 percipit,
1080 1699 1156 1744 sed
1183 1709 1349 1744 reatum
1376 1720 1387 1757 3
1412 1708 1463 1744 ut
1484 1714 1508 1743 a
1525 1699 1699 1744 Christo

311 1771 509 1828 quamvis
530 1784 606 1827 per
629 1768 763 1814 alium
785 1784 955 1813 sumere
972 1769 1195 1813 videretur
1223 1788 1232 1814 :
1255 1769 1332 1813 sed
1355 1769 1536 1814 omnino
1558 1769 1669 1813 dixit
1688 1785 1698 1813 ε

316 1854 376 1882 «a
398 1839 566 1899 perfido
588 1840 862 1897 sumpserit.»
880 1843 1024 1900 Atque
1045 1838 1099 1883 ad
1117 1840 1217 1894 hoc,
1244 1840 1367 1899 quasi
1390 1840 1610 1900 probaret,
1627 1838 1703 1884 ad·

305 1910 449 1968 junxit
475 1930 483 1955 ;
515 1911 701 1955 «Omnis
723 1911 839 1955 enim
863 1925 929 1954 res
959 1911 1126 1968 origine
1153 1919 1196 1954 et
1224 1911 1367 1955 radice
1396 1911 1591 1955 consistit
1617 1930 1630 1968 3
1655 1918 1700 1955 et

310 1981 344 2025 si
358 1991 491 2041 caput
525 1997 615 2026 non
646 1982 805 2026 habeat
841 1981 1006 2041 aliquid
1027 2016 1037 2036 ,
1067 1980 1175 2025 nihil
1201 1990 1294 2026 est:
1327 1982 1506 2040 »ipsum
1536 1980 1700 2025 scilicet

311 2052 557 2096 ministrum
580 2087 590 2106 ,
628 2053 751 2111 cujus
788 2052 1096 2097 conscientiam
1131 2050 1239 2096 dixit
1269 2053 1435 2097 attendi
1455 2087 1466 2106 ,
1502 2067 1590 2097 non
1620 2065 1699 2110 per

308 2138 440 2182 quam
463 2124 659 2167 Christus
689 2122 837 2167 abluat
852 2158 862 2178 ‚
884 2123 959 2167 sed
975 2138 1075 2183 quae
1093 2122 1244 2167 abluat
1261 2123 1509 2182 accipientis
1523 2158 1533 2178 ,
1550 2123 1697 2182 ipsum

306 2207 480 2250 prorsus
500 2193 750 2237 ministrum
769 2193 983 2252 originem
1004 2227 1014 2247 ,
1036 2193 1228 2238 radicem
1246 2227 1257 2248 ,
1287 2202 1508 2253 caputque
1530 2192 1695 2237 faciens

311 2263 531 2322 baptizati.

368 2335 534 2378 XXIII.
572 2334 758 2378 Proinde
783 2334 866 2378 hoc
894 2333 992 2378 loco
1010 2368 1020 2388 ,
1043 2348 1130 2377 non
1153 2332 1365 2377 Petiliano
1383 2367 1394 2386 ,
1418 2334 1542 2393 cujus
1563 2333 1697 2377 verba

310 2420 399 2448 non
417 2404 677 2459 defendisti,
705 2403 780 2449 sed
799 2405 878 2449 tibi
901 2404 1156 2463 respondeo,
1182 2405 1258 2464 qui
1278 2420 1357 2464 pro
1379 2414 1455 2448 tua
1483 2404 1697 2448 sententia

309 2477 450 2519 nescio
471 2475 579 2535 quid
602 2474 744 2529 aliud,
770 2490 858 2519 non
880 2475 1001 2535 quod
1023 2475 1096 2519 ille
1114 2510 1124 2530 ,
1148 2474 1311 2519 dixisti.
1335 2478 1400 2519 Tu
1421 2475 1539 2519 enim
1555 2509 1566 2528 ,
1585 2475 1696 2518 sicut

310 2546 475 2598 scribis,
496 2546 579 2590 hoc
591 2546 671 2600 vis,
694 2547 777 2590 hoc
799 2547 968 2600 suades,
993 2554 1042 2590 ut
1063 2561 1168 2601 non,
1193 2546 1304 2590 sicut
1325 2546 1449 2600 dixit,
1475 2545 1694 2590 conscien-

315 2613 370 2658 tia
403 2625 549 2659 sancte
582 2616 724 2661 dantis
761 2616 910 2662 abluat
940 2616 1254 2677 accipientem,
1278 2616 1348 2661 vel
1370 2616 1598 2676 accipienti
1618 2613 1694 2660 det
