1825 3264
329 276 407 314 468
745 291 775 309 s.
814 282 1040 312 Amisum
1076 283 1251 310 Episcopi

325 359 484 395 vestros
508 349 748 393 Donatistas
770 348 1007 408 appellem,
1025 366 1043 387 »
1072 347 1310 406 adjungens
1335 345 1489 405 «quod
1508 348 1698 389 Donatus

321 436 410 465 non
433 428 582 464 auctor
610 428 653 463 et
677 419 896 462 institutor
926 416 1130 462 Ecclesiae
1157 431 1257 475 quae
1285 424 1384 459 ante
1416 430 1505 460 non
1537 412 1701 470 luerat,

321 490 396 535 sed
417 505 441 533 a
462 490 634 535 Christo
658 488 858 533 deductae
880 497 923 532 et
952 488 1143 546 antiquae
1171 501 1284 530 unus
1306 501 1355 529 ex
1377 485 1585 544 episcopis
1606 485 1698 529 fue·

318 560 406 604 rit:
433 578 453 601 »
486 574 632 604 nonne
669 557 854 602 attendis
891 558 974 602 hoe
1011 556 1065 600 de
1102 571 1145 600 se
1186 556 1278 614 ipso
1308 565 1351 599 et
1389 555 1697 600 Maximianum

318 629 477 684 dicere,
503 645 556 673 ex
573 631 697 689 cujus
714 638 859 673 tamen
874 627 1049 672 nomine
1065 626 1308 670 universam
1325 626 1360 685 ej
1368 639 1415 668 us
1429 624 1698 669 communio·

317 715 417 744 nem
436 699 684 758 appellatis?
706 701 856 758 Neque
877 698 1059 742 schisma
1084 695 1203 756 quod
1225 695 1344 749 fecit,
1370 694 1461 738 ullo
1483 692 1697 738 vocabulo

317 785 341 813 a
364 769 485 813 vobis
508 769 575 813 vel
594 769 648 812 ab
671 769 762 812 aliis
783 768 906 812 sectis
928 767 1183 820 discernitis,
1209 766 1290 809 nisi
1307 774 1382 809 aut
1403 763 1697 809 Maximianis-

315 848 408 893 tas,
442 849 517 883 aut
545 839 902 883 Maximianenses
923 872 934 892 ,
967 846 1041 881 aut
1073 835 1299 896 quodlibet
1334 835 1478 890 aliud,
1514 833 1636 893 quod
1673 849 1697 879 a

313 910 562 953 Maximiani
586 910 761 953 nomine
783 908 1020 961 derivetur,
1045 917 1119 951 aut
1141 915 1256 951 certe
1279 905 1515 964 simplicius
1537 914 1580 948 et
1606 904 1697 948 sine

312 979 468 1023 timore
511 980 887 1037 grammaticarum
930 976 1164 1021 ferularum
1181 1011 1192 1030 ‚
1238 985 1405 1034 partem
1447 974 1697 1019 Maximiani

312 1050 560 1093 nominetis.
587 1049 809 1108 Numquid
830 1049 913 1092 hoc
939 1047 1134 1091 dicturus
1155 1062 1215 1101 es,
1239 1047 1550 1091 Maximianum
1569 1061 1590 1089 a
1608 1059 1696 1089 ves-

311 1127 379 1162 tra
408 1119 716 1162 communione
742 1118 923 1161 schisma
952 1116 1122 1171 fecisse,
1154 1117 1238 1160 1100
1272 1126 1417 1160 autem
1447 1131 1470 1159 a
1495 1113 1695 1159 commu-

310 1188 441 1231 nione
476 1187 688 1232 catholica
720 1202 809 1232 non
838 1185 986 1230 fecisse
1017 1188 1260 1231 Donatum?
1291 1185 1373 1230 Sed
1405 1185 1695 1230 Maximianus

310 1273 402 1302 non
426 1259 510 1302 hoc
538 1258 666 1313 dicit,
695 1258 772 1317 qui
799 1257 1067 1301 Primianum
1090 1257 1234 1316 potius
1255 1266 1297 1300 et
1318 1271 1393 1301 vos
1415 1271 1562 1300 omnes
1583 1256 1695 1299 affir-

312 1338 403 1372 mat
429 1344 451 1372 a
481 1338 601 1387 parte
631 1328 809 1381 Donati,
840 1328 884 1371 in
914 1343 1000 1387 qua
1022 1328 1111 1386 ipse
1137 1327 1396 1386 permansit,
1427 1327 1609 1371 schisma
1636 1325 1695 1370 fe-

311 1399 432 1453 cisse,
459 1408 502 1442 et
523 1400 673 1443 recitat
695 1399 868 1442 decreta
894 1398 1177 1443 conciliorum
1197 1417 1204 1442 :
1225 1398 1414 1457 primum
1436 1398 1555 1457 quod
1580 1397 1695 1456 apud

310 1469 617 1526 Carthaginem
653 1485 675 1512 a
713 1468 1000 1528 quadraginta
1033 1478 1076 1512 et
1107 1469 1244 1512 tribus
1281 1468 1445 1512 lactum
1479 1476 1571 1522 est,
1606 1482 1694 1526 quo

312 1538 635 1596 praedamnatus
667 1547 729 1581 est
767 1538 1010 1581 Primianus
1037 1557 1045 1582 :
1072 1541 1254 1582 alterum
1291 1537 1410 1597 quod
1447 1536 1695 1582 Cebarsussi

312 1616 488 1650 centum
523 1607 592 1651 vel
633 1606 816 1665 amplius
849 1608 979 1650 vestri
1011 1617 1112 1652 tunc
1143 1607 1344 1666 Episcopi
1373 1606 1690 1660 condiderunt,

313 1691 401 1735 quo
439 1675 630 1734 perfecte
669 1676 924 1735 pleniusque
952 1677 1183 1721 damnatus
1212 1686 1289 1720 est.
1321 1677 1403 1722 Cui
1427 1676 1526 1721 talia
1555 1678 1693 1721 docu-

312 1755 456 1790 menta
477 1746 713 1804 proferenti
735 1746 840 1806 quid
865 1748 1159 1804 respondebis,
1184 1747 1264 1790 nisi
1283 1747 1454 1806 majoris
1475 1762 1565 1792 esse
1587 1763 1692 1792 auc-

312 1815 496 1859 toritatis
530 1816 761 1873 Bagaiense
793 1815 1041 1871 concilium,
1078 1818 1123 1860 in
1154 1832 1242 1876 quo
1271 1818 1449 1860 trecenti
1472 1827 1515 1862 et
1542 1818 1693 1862 decem

313 1886 514 1928 eumdem
529 1886 838 1929 Maximianum
856 1896 898 1930 et
911 1889 1002 1946 ejus
1013 1887 1148 1931 socios
1160 1887 1498 1942 damnaverunt,
1517 1888 1693 1947 quando

315 1955 557 1998 Primianus
575 1970 664 1999 non
682 1954 798 2014 apud
814 1971 885 2000 cos
904 1965 1112 2016 tanquam
1131 1956 1382 2015 purgandus
1400 1955 1572 2001 dicebat
1587 1973 1692 2002 cau-

313 2039 420 2078 sam,
444 2024 520 2068 sed
542 2039 641 2068 cum
664 2024 722 2068 eis
743 2033 949 2084 tanquam
959 2025 1094 2084 judex
1111 2026 1485 2071 innocentissimus
1502 2027 1694 2071 conside-

313 2095 403 2149 bat,
424 2095 672 2153 proferebat
689 2097 945 2139 sententiam
966 2105 1115 2141 contra
1135 2097 1446 2141 Maximianum
1463 2107 1506 2141 et
1525 2098 1692 2142 duode-

313 2165 398 2208 cim
420 2165 556 2209 socios
578 2166 669 2224 ejus
691 2167 849 2225 quibus
867 2168 1152 2225 praesentibus
1174 2168 1396 2211 ordinatus
1414 2177 1476 2212 est
1494 2203 1505 2222 ,
1531 2178 1573 2212 et
1591 2169 1692 2213 data

315 2234 520 2279 dilatione
543 2244 750 2295 tanquam
769 2237 1020 2282 innocentes
1038 2238 1091 2282 ad
1110 2253 1258 2297 pacem
1281 2239 1500 2297 propriam
1523 2253 1692 2285 revoca-

313 2305 387 2349 bat
410 2314 475 2349 tot
496 2314 674 2350 caeteros
701 2322 724 2350 a
745 2307 906 2365 quibus
927 2308 1017 2366 ipse
1038 2307 1268 2352 damnatus
1288 2317 1365 2352 est.

374 2377 496 2419 VIII.
532 2378 582 2419 In
610 2376 691 2420 hac
725 2385 856 2420 vestra
885 2377 1205 2422 conflictatione
1238 2376 1345 2438 quid
1372 2377 1502 2422 vultis
1535 2389 1584 2424 ut
1612 2393 1690 2424 nos

313 2444 443 2488 medii
468 2446 739 2505 judicemus,
771 2447 1127 2508 quandoquidem
1169 2463 1247 2492 nec
1290 2449 1564 2504 Maximiani,
1610 2465 1689 2494 nec

312 2524 453 2558 vestra
492 2517 800 2561 communione
841 2517 1122 2563 detinemur?
1158 2518 1296 2574 Quid,
1346 2520 1542 2578 inquam,
1587 2521 1688 2566 hinc

360 2598 366 2613 ¹
390 2598 529 2629 Vident).
553 2609 559 2630 ι
582 2604 692 2632 contra
712 2601 854 2632 Petiliam.
879 2612 949 2643 cap.
975 2614 999 2633 1.
