1825 3264
239 234 401 264 comma
432 237 692 264 cnr-:scomma
729 237 1016 272 nom-risum,
1055 239 1135 265 Lm.
1174 240 1219 265 11.
1347 228 1432 267 349

49 317 70 341 η
106 299 194 353 illa,
224 301 368 345 omnia
398 300 556 345 frustra
578 301 690 344 fiunt
715 303 744 344 ¹.
779 319 798 341 »
830 303 934 346 Haec
957 317 1059 346 vero
1086 302 1203 346 unde
1233 302 1302 357 sit,
1329 304 1432 348 audi

45 367 275 414 docentem
297 369 556 430 Apostolum
579 388 587 414 :
617 389 637 412 «
664 370 876 424 Charitas,
900 371 1059 431 inquit,
1086 372 1160 415 Dei
1183 371 1343 416 diffusa
1369 382 1433 417 est

53 458 73 481 »
110 440 156 484 in
177 440 380 486 cordibus
399 442 554 486 nostris
572 456 648 500 per
665 442 871 499 Spiritum
894 452 1108 497 sanctum,
1129 443 1205 502 qui
1226 443 1353 488 datus
1370 453 1434 489 est

51 528 72 552 η
107 510 234 555 nobis
257 513 288 555 ².
319 529 338 552 »
376 511 498 555 Unde
520 512 671 555 merito
691 512 932 556 creduntur
950 512 1026 572 qui
1049 522 1168 557 extra
1193 513 1430 557 Ecclesiam

46 580 309 639 baptismum
332 581 534 626 Ecclesiae
562 592 880 641 perceperunt,
906 598 996 627 non
1025 584 1185 627 habere
1224 584 1430 642 Spiritum

43 662 241 697 sanctum
265 688 276 709 ,
309 654 388 698 nisi
414 669 515 698 cum
547 654 624 712 ipsi
661 653 864 698 Ecclesiae
886 654 1064 698 vinculo
1097 655 1211 713 pacis
1234 669 1310 714 per
1332 670 1434 699 con·

43 723 271 767 nexionem
293 724 514 768 charitatis
536 723 854 769 adhaerescunt.

102 796 221 838 XVI.
259 797 354 838 Jam
376 795 491 838 enim
508 795 629 839 locus
649 805 712 840 est
729 804 778 839 ut
801 795 1025 840 ostendam
1043 831 1053 849 ,
1075 796 1193 855 quod
1229 798 1272 839 in
1294 797 1433 855 primo

43 864 176 909 Libro
197 865 518 920 distuleramus,
539 866 646 925 quid
669 867 714 909 in
735 866 927 911 Ecclesia
942 882 1041 926 quae
1058 876 1254 910 sanctum
1277 881 1434 926 corpus

42 944 106 979 est
128 936 286 981 Christi
316 937 489 995 proprie
518 937 650 995 possit
672 937 836 995 accipi,
869 935 990 995 quod
1015 946 1171 995 praeter
1195 935 1313 980 illam
1345 952 1432 981 non

41 1015 184 1065 potest
213 1007 363 1066 accipi.
390 1010 450 1050 De
471 1008 538 1051 his
562 1008 675 1050 enim
700 1009 774 1066 qui
795 1008 1022 1051 schismata
1046 1007 1290 1061 faciebant,
1317 1007 1434 1051 idem

43 1075 277 1135 Apostolus
307 1076 412 1120 dicit
436 1096 444 1121 :
475 1096 491 1116 «
514 1076 722 1121 Animalis
740 1087 886 1121 autem
910 1078 1042 1121 homo
1060 1092 1150 1121 non
1174 1077 1357 1135 percipit
1385 1092 1434 1120 ea

45 1163 66 1187 »
91 1162 190 1206 quae
208 1157 310 1190 sunt
333 1147 515 1205 Spiritus
537 1148 653 1191 neiss.
684 1167 702 1188 »
726 1149 911 1191 Primam
925 1146 979 1190 ad
996 1148 1244 1192 Corinthios
1257 1147 1433 1205 Episto-

42 1215 128 1261 lam
147 1216 260 1276 lege,
292 1226 335 1261 et
361 1217 568 1261 invenies.
598 1218 842 1276 Baptismus
870 1218 1001 1275 igitur
1025 1227 1341 1262 sacramentum
1371 1226 1435 1261 est

39 1302 165 1332 novae
187 1288 286 1331 vitae
307 1303 355 1332 ac
372 1288 520 1332 salutis
541 1297 715 1332 aeternae
733 1309 744 1345 3
773 1303 904 1349 quem
927 1289 1054 1333 multi
1075 1290 1240 1333 habent
1262 1305 1352 1333 non
1377 1288 1433 1332 ad

41 1359 174 1404 vitam
205 1368 429 1414 aeternam,
449 1359 523 1403 sed
546 1359 600 1403 ad
619 1375 794 1419 poenam
810 1369 1034 1411 aeternam,
1060 1375 1149 1404 non
1168 1360 1279 1403 bene
1301 1369 1433 1403 uten-

40 1439 104 1474 tes
125 1438 248 1474 tanto
271 1430 387 1474 bono
407 1449 416 1474 :
447 1430 701 1475 charitatem
724 1445 826 1474 vero
848 1440 1058 1484 sanctam,
1079 1446 1178 1490 quae
1202 1440 1265 1474 est
1288 1430 1433 1474 vincu-

39 1500 133 1544 lum
156 1501 433 1560 perfectionis
452 1536 463 1556 ,
486 1516 615 1546 nemo
637 1511 779 1560 potest
802 1502 960 1545 habere
981 1517 1070 1546 non
1102 1503 1242 1545 bonus
1269 1522 1278 1557 3
1303 1516 1433 1545 nemo

40 1572 116 1631 qui
130 1573 274 1626 habet,
294 1581 434 1631 potest
449 1587 538 1616 esse
556 1572 625 1616 vel
647 1573 941 1617 schismaticus
960 1572 1028 1616 vel
1050 1573 1292 1616 haereticus.
1319 1575 1433 1617 Cum

40 1655 144 1700 ergo
175 1643 361 1702 quisque
396 1642 451 1686 ad
491 1641 695 1687 Ecclesiae
724 1643 899 1686 veniens
933 1643 1144 1686 unitatem
1164 1676 1174 1696 ,
1212 1657 1312 1686 cum
1342 1643 1434 1700 ejus

40 1713 245 1756 membris
267 1714 474 1757 veraciter
499 1713 752 1772 populatur,
777 1713 960 1772 accipiat
981 1713 1189 1771 Spiritum
1214 1722 1430 1767 sanctum,

39 1799 117 1843 per
137 1798 267 1844 quem
291 1782 555 1828 diffunditur
569 1785 754 1828 charitas
777 1785 821 1827 in
839 1783 1044 1828 cordibus
1066 1784 1239 1836 nostris,
1257 1782 1434 1827 eadem-

0 1911 1 1914 Ἴ
41 1870 127 1914 que
149 1855 334 1900 charitas
350 1856 568 1914 cooperiat
593 1854 916 1900 multitudinem
940 1864 1235 1914 peccatorum,
1255 1863 1303 1898 ut
1326 1854 1433 1913 bap-

41 1926 219 1970 tismum
237 1941 369 1984 quem
392 1926 580 1984 primum
601 1926 792 1970 habebat
814 1925 868 1969 ad
889 1925 1105 1984 judicium
1121 1960 1131 1979 ,
1158 1925 1320 1969 habere
1339 1926 1431 1984 jam

42 2006 261 2041 mereatur
283 1996 337 2041 ad
368 1997 596 2055 praemium
623 2018 634 2053 3
659 1995 883 2056 quomodo
915 2012 1014 2040 eum
1038 1996 1241 2040 mundari
1271 2011 1401 2053 negas
1422 2030 1433 2049 ,

42 2067 124 2111 nisi
147 2067 249 2126 quia
267 2067 446 2110 omnino
464 2083 562 2125 quae
583 2067 636 2110 sit
655 2066 881 2110 mundatio
898 2066 1098 2124 spiritalis
1116 2067 1319 2125 ignoras?
1340 2067 1439 2109 Non

42 2136 202 2195 igitur,
227 2137 339 2181 sicut
372 2137 625 2182 conviciaris
644 2171 654 2190 ,
685 2156 705 2178 «
738 2145 945 2196 tanquam
980 2137 1026 2179 in
1062 2134 1231 2193 asylum
1262 2134 1439 2179 Romuli

43 2215 207 2252 vestros
225 2217 429 2252 nocentes
451 2208 678 2266 recipimus
699 2242 709 2261 ,
740 2225 758 2247 »
785 2222 894 2266 quos
917 2206 1064 2250 civitas
1088 2207 1163 2250 Dei
1189 2204 1438 2265 recipiendo

46 2277 181 2322 eflicit
196 2279 448 2322 innocentes
469 2313 480 2332 ,
510 2293 612 2322 cum
643 2276 698 2321 ad
723 2278 920 2321 eamdem
944 2277 1085 2321 veraci
1107 2276 1238 2320 corde
1259 2275 1440 2319 transie-

48 2349 151 2403 rint,
189 2348 244 2393 de
272 2365 357 2408 qua
391 2351 481 2409 ejus
513 2348 725 2394 Conditor
753 2348 857 2392 dicit
896 2367 904 2392 :
942 2350 1083 2392 «Non
1116 2355 1257 2406 potest
1291 2346 1440 2390 civitas

50 2436 71 2459 n
105 2418 315 2463 abscondi
340 2434 469 2477 super
491 2428 681 2462 montem
704 2418 937 2462 constituta
963 2420 994 2460 ⁴.
1026 2437 1044 2458 n
1076 2420 1172 2461 Non
1197 2417 1311 2459 enim
1344 2430 1438 2459 eam

48 2489 278 2543 condidit,
312 2491 387 2549 qui
420 2488 597 2533 fratrem
631 2489 816 2548 superbe
854 2488 1012 2532 occidit
1054 2488 1183 2531 iratus
1207 2522 1217 2540 ,
1254 2486 1329 2531 sed
1365 2486 1441 2545 qui

100 2582 108 2598 ¹
143 2587 154 2607 1
179 2578 265 2608 l'etr.
294 2586 344 2610 ιν,
365 2576 397 2607 8.
415 2592 449 2597 —-
474 2582 484 2596 2
507 2577 596 2607 Rom.
619 2585 657 2612 v,
677 2575 707 2606 3.
728 2591 767 2596 --
786 2572 798 2595 3
824 2586 832 2606 i
861 2576 931 2606 Cor.
954 2586 987 2613 ii,
1013 2574 1062 2614 ¹3}-
1094 2591 1122 2596 —
1139 2572 1154 2601 ὦ
1176 2572 1294 2604 Manli.
1325 2583 1358 2611 v,
1389 2572 1437 2611 ¹4.
