1825 3264
354 236 438 272 276
777 241 810 269 S.
847 242 1073 271 Aueusnm
1114 244 1288 270 eviscovi

350 311 430 354 nisi
466 308 693 353 canonicas
730 309 852 366 Legis
885 319 926 353 et
964 309 1302 368 Prophetarum?
1338 310 1433 351 Huc
1465 317 1736 351 accesserunt

352 378 608 437 Evangelia,
649 377 909 437 Apostolicae
946 378 1139 437 epistolae
1156 413 1167 432 ,
1216 381 1349 422 Actus
1395 377 1701 436 Apostolorum
1722 412 1733 430 ‚

350 449 634 508 Apocalypsis
656 450 850 494 Joannis.
870 450 1131 495 Scrutamini
1148 450 1242 493 haec
1259 448 1420 501 omnia,
1442 457 1485 492 et
1504 448 1640 492 eruite
1657 447 1739 491 ali-

345 521 451 580 quid
476 520 776 575 manifestum‚
802 536 890 581 quo
920 519 1225 565 demonstretis
1244 517 1479 563 Ecclesiam
1500 517 1569 562 vel
1586 518 1631 561 in
1648 517 1738 562 sola

346 589 491 634 Africa
515 587 862 645 remansisse,vel
877 606 927 634 ex
944 590 1089 634 Africa
1108 588 1309 633 futurum
1328 603 1418 632 esse
1436 597 1483 632 ut
1506 587 1740 647 impleatur

350 661 471 720 quod
516 661 726 705 Dominus
763 660 868 706 dicit
895 681 903 705 :
928 679 946 701 «
975 660 1289 705 Praedicabitur
1329 660 1412 703 hoc
1451 658 1738 718 Evangelium

349 750 368 771 »
394 732 515 790 regni
539 732 584 774 in
616 731 818 776 universo
856 732 962 776 orbe
985 732 1029 775 in
1053 730 1350 775 testimonium
1373 730 1577 774 omnibus
1595 729 1738 788 genti-

349 820 368 842 »
395 803 493 855 bus,
519 812 562 846 et
580 811 685 846 tune
703 802 848 846 veniet
867 802 964 846 finis
989 805 1016 845 ¹.
1042 820 1061 842 »
1086 803 1168 847 Sed
1189 800 1354 861 aliquid
1379 799 1567 860 proferte
1583 835 1594 855 ‚
1619 799 1740 860 quod

344 887 436 916 non
457 882 581 931 egeat
612 873 873 931 interprete,
914 888 993 917 ncc
1030 873 1147 916 unde
1185 871 1504 916 convincamini
1534 871 1652 931 quod
1686 869 1741 914 de

346 944 428 987 alia
452 959 497 986 re
515 943 683 987 dictum
707 945 784 998 sit,
811 953 853 987 et
876 959 950 988 vos
972 944 1083 987 illud
1106 944 1161 987 ad
1183 954 1376 987 vestrum
1395 957 1568 986 sensum
1592 942 1742 986 detor-

345 1030 479 1074 quere
499 1015 734 1058 conemini.
763 1013 927 1057 Vidctis
946 1014 1061 1057 enim
1082 1014 1261 1057 unicum
1284 1012 1394 1056 illud
1413 1013 1534 1072 quod
1548 1011 1742 1071 proferre

341 1086 579 1129 consuestis
607 1104 614 1128 :
641 1103 661 1125 «
684 1086 765 1128 Ubi
789 1085 940 1143 pascis,
956 1084 1034 1127 ubi
1057 1084 1195 1128 cubas
1214 1084 1260 1126 iu
1283 1083 1490 1127 meridie'2
1513 1102 1521 1127 :
1546 1102 1565 1124 »
1586 1098 1742 1143 quem-

352 1157 590 1201 admodum
615 1155 802 1200 excussis
843 1156 1045 1200 omnibus
1078 1155 1272 1215 ejusdem
1304 1155 1389 1199 loci
1428 1155 1593 1210 verbis,
1613 1154 1742 1212 longe

346 1226 464 1270 aliud
501 1225 664 1270 iudicat
686 1243 818 1286 quam
852 1242 926 1271 vos
949 1227 1126 1285 putatis.
1168 1228 1225 1270 Et
1250 1226 1283 1269 si
1322 1226 1404 1270 hoc
1429 1235 1602 1270 sonaret
1623 1224 1743 1285 quod

345 1297 498 1351 vultis,
525 1299 854 1342 Maximianistae
870 1313 944 1342 vos
963 1298 1008 1341 in
1031 1313 1081 1342 eo
1104 1298 1342 1341 vincerent.
1369 1297 1505 1355 Magis
1522 1297 1635 1341 enim
1658 1312 1743 1341 me·

348 1368 476 1412 ridies
513 1369 737 1412 Provincia
757 1403 768 1423 ,
805 1369 1038 1426 Byzacium
1053 1403 1063 1421 ‚
1093 1367 1298 1427 Tripolis,
1335 1368 1410 1412 ubi
1431 1367 1494 1411 illi
1518 1378 1619 1412 sunt
1641 1368 1744 1428 qui—

348 1456 538 1499 cumque
571 1449 694 1493 sunt,
718 1455 848 1499 quam
874 1439 1078 1484 Numidia
1099 1474 1110 1494 ‚
1147 1439 1225 1482 ubi
1253 1455 1329 1484 vos
1360 1439 1638 1498 praepolletis.
1678 1442 1744 1484 lta

350 1526 453 1568 ergo
476 1510 554 1569 ipsi
577 1510 823 1568 germanius
847 1518 890 1554 et
908 1509 1154 1554 distinctius
1172 1520 1354 1569 possunt
1377 1510 1431 1553 de
1454 1509 1634 1554 meridie
1656 1509 1744 1569 glo-

351 1581 449 1624 riari
464 1615 473 1630 ,
500 1589 550 1623 ut
567 1596 638 1624 eos
661 1579 890 1624 excludere
913 1581 967 1624 ab
990 1581 1070 1624 hac
1093 1581 1306 1624 sententia
1330 1595 1418 1624 non
1441 1581 1609 1639 possitis
1626 1615 1636 1635 ‚
1663 1580 1743 1624 nisi

352 1652 396 1695 in
419 1650 502 1694 illis
524 1651 665 1694 verbis
694 1667 847 1695 verum
879 1667 1055 1695 sensum
1079 1661 1122 1695 et
1145 1652 1411 1696 catholicum
1436 1652 1640 1706 teneatis,
1675 1667 1745 1696 os-

352 1722 603 1777 tendentes,
635 1723 694 1765 eis
722 1724 965 1766 secundum
988 1733 1178 1782 quatuor
1195 1723 1375 1781 angulos
1393 1724 1509 1767 orbis
1531 1733 1744 1767 terrarum

353 1794 407 1837 ab
438 1797 598 1838 Austro
621 1793 757 1852 magis
779 1810 910 1853 quam
934 1794 989 1838 ab
1024 1793 1172 1838 Africo
1194 1809 1284 1838 esse
1305 1794 1527 1838 meridiem
1546 1815 1556 1851 3
1587 1810 1744 1839 secun-

355 1864 460 1908 dum
485 1866 690 1922 figuratas
711 1874 857 1908 autem
881 1865 1202 1924 Scripturarum
1224 1864 1488 1917 locutiones,
1509 1864 1746 1923 perfectam

355 1937 509 1979 mentis
538 1935 900 1980 illuminationem
917 1972 927 1991 ,
953 1936 1258 1995 fervoremque
1299 1936 1533 1979 maximum
1558 1936 1746 1980 charita-

358 2006 408 2050 tis
427 2042 437 2060 ,
465 2007 608 2050 vocari
631 2006 886 2063 meridiem3
916 2007 1035 2052 unde
1067 2007 1277 2065 scriptum
1310 2015 1374 2050 est
1398 2026 1405 2050 ι
1437 2026 1456 2048 «
1479 2009 1534 2050 Et
1556 2006 1745 2050 tenebrae

360 2100 376 2119 »
406 2088 495 2122 tuae
523 2088 731 2136 tanquam
762 2076 963 2121 meridies
985 2087 1114 2122 erunt
1132 2079 1162 2120 ³.
1190 2096 1208 2119 »
1236 2076 1414 2137 Aliquid
1430 2091 1531 2136 ergo
1556 2076 1746 2136 proferte

356 2148 477 2208 quod
505 2164 595 2193 non
615 2157 766 2192 contra
788 2163 863 2192 vos
886 2149 1027 2192 verius
1049 2149 1361 2208 interpretetur
1382 2169 1393 2205 3
1429 2146 1505 2192 sed
1532 2148 1652 2207 quod
1675 2147 1746 2191 in-

356 2228 545 2278 terprete
567 2220 746 2263 omnino
779 2234 868 2263 non
900 2228 1036 2277 egeat.
1075 2219 1194 2264 Sicut
1217 2234 1305 2262 non
1340 2227 1437 2275 eget
1474 2219 1742 2277 interprete:

361 2309 380 2332 «
407 2293 459 2334 In
481 2290 643 2334 semine
666 2299 742 2334 tuo
765 2290 1079 2334 benedicentur
1101 2304 1251 2334 omnes
1272 2297 1420 2348 gentes
1438 2290 1453 2313 4
1481 2308 1489 2332 ε
1516 2307 1534 2329 »
1561 2290 1662 2349 quia
1679 2305 1746 2334 se-

357 2377 457 2405 men
481 2361 669 2405 Abrahae
700 2361 949 2415 Christum,
993 2376 1082 2405 non
1120 2375 1225 2419 ego,
1257 2360 1331 2403 sed
1353 2358 1586 2418 Apostolus
1607 2360 1746 2403 inter-

357 2441 569 2491 pretatur.
595 2432 716 2477 Sicut
732 2447 820 2476 non
843 2441 938 2490 eget
960 2431 1196 2491 interprete
1222 2450 1231 2476 ε
1261 2449 1281 2472 «
1301 2433 1366 2474 Tu
1389 2430 1503 2474 enim
1525 2430 1745 2475 vocaberis

409 2546 416 2561 ¹
438 2540 551 2571 Matth,
575 2551 641 2583 xiv,
661 2549 713 2572 12.
727 2556 769 2563 -
785 2545 798 2561 ’-“
818 2541 911 2573 Cant.
928 2551 952 2580 1,
975 2540 1007 2572 6.
1020 2557 1061 2563 ——
1078 2538 1090 2562 3
1108 2539 1180 2571 lsai.
1196 2548 1281 2579 tvm,
1303 2549 1350 2571 10.
1363 2554 1403 2561 --
1417 2536 1433 2567 4
1452 2539 1531 2572 Gen.
1550 2549 1614 2577 xxi,
1642 2540 1694 2579 18,
1712 2542 1745 2571 et

361 2595 427 2628 Gal.
448 2606 493 2635 in,
518 2594 567 2626 16.
