1825 3264
481 281 534 308 οε
568 281 756 308 muna-E
790 281 1003 309 near-:sm
1353 273 1431 311 251

110 346 298 390 XXXII.
338 345 380 390 Si
403 353 547 389 autem
567 344 744 390 aliunde
766 345 924 389 clamas
951 345 1019 390 vel
1037 346 1189 391 recitas
1205 381 1215 401 ‚
1241 361 1319 391 nos
1341 356 1440 407 post

52 431 203 462 vocem
227 415 408 475 pastoris
431 418 591 471 nostri,
626 431 703 476 per
722 431 796 460 ora
817 417 1154 476 Prophetarum,
1177 433 1252 476 per
1271 434 1316 462 os
1334 434 1439 478 pro—

51 486 219 546 prium,
245 500 322 545 per
351 501 422 530 ora
448 485 825 546 Evangelistarum
849 487 973 531 nobis
1004 488 1267 547 apertissime
1293 488 1438 533 decla-

50 566 184 602 ratam
203 591 214 612 ,
234 571 360 601 voces
375 566 536 602 vestras
554 574 641 602 non
657 557 924 602 admittimus
940 592 951 612 ,
978 574 1065 602 non
1089 557 1304 602 credimus
1317 595 1331 615 ,
1350 576 1437 604 non

50 627 298 687 accipimus.
325 646 344 668 «
378 630 486 680 Quae
506 638 607 672 sunt
623 643 723 673 oves
743 643 872 683 meae,
894 628 1037 688 inquit
1060 638 1205 688 pastor
1226 630 1434 686 coelestis,

51 715 72 739 »
108 712 258 742 vocem
292 713 432 741 meam
459 699 668 753 audiunt,
695 708 738 743 et
757 708 1002 759 sequuntur
1039 714 1107 743 me
1129 701 1158 743 ¹.
1185 719 1202 740 »
1228 702 1321 744 Vox
1345 702 1436 759 ejus

48 768 104 812 de
122 766 308 812 Ecclesia
333 783 421 812 non
435 779 499 813 est
520 770 718 814 obscura.
741 770 947 830 Quisquis
967 770 1023 813 ab
1041 771 1132 829 ejus
1151 785 1278 828 grege
1295 786 1438 815 errare

47 852 136 882 non
157 837 274 892 vult,
301 839 419 882 hunc
442 839 612 895 audiat,
640 841 757 884 hunc
786 849 1007 900 sequatur.
1036 839 1330 884 Fidelissimus
1348 841 1436 885 dis-

45 917 249 969 pensator
267 909 357 968 ejus
379 909 534 953 doctor
548 911 743 968 gentium
762 911 805 953 in
826 911 912 954 fide
935 920 977 954 et
999 911 1202 965 veritate,
1222 912 1325 971 quia
1347 913 1436 970 ipse

44 979 90 1023 in
113 994 165 1023 eo
185 977 466 1039 loquebatur,
492 981 586 1024 haec
609 979 714 1025 dicit
742 1000 751 1025 :
792 1000 811 1022 α
836 981 969 1025 Miror
1003 982 1122 1041 quod
1150 981 1209 1025 sic
1238 990 1324 1025 tam
1349 986 1435 1026 cito

47 1067 67 1092 »
104 1050 411 1094 transferimini
429 1051 485 1095 ab
508 1067 559 1096 co
582 1053 656 1112 qui
680 1068 754 1096 vos
771 1053 942 1096 vocavit
958 1052 1002 1096 in
1015 1053 1193 1110 gratiam
1214 1053 1373 1098 Christi
1391 1054 1434 1096 in

45 1138 67 1163 ³»
103 1121 221 1165 aliud
247 1121 555 1181 Evangelium,
582 1122 702 1183 quod
724 1139 811 1167 non
830 1132 892 1167 est
918 1121 1060 1177 aliud,
1081 1124 1159 1167 nisi
1183 1123 1315 1183 aliqui
1335 1133 1435 1168 sunt

47 1209 67 1234 n
101 1192 414 1237 conturbantes
445 1208 545 1248 vos,
571 1203 614 1238 et
635 1192 830 1238 volentes
862 1203 1114 1239 convertere
1146 1194 1434 1252 Evangelium

46 1279 66 1304 n
101 1263 275 1307 Christi.
307 1262 391 1308 Sed
415 1263 516 1307 licet
538 1264 572 1307 si
596 1279 699 1319 nos,
736 1273 811 1308 aut
853 1263 1044 1322 Angelus
1082 1263 1137 1308 de
1176 1264 1290 1309 coelo
1312 1266 1434 1309 vobis

47 1350 69 1374 »
104 1334 461 1392 evangelizaverit
485 1344 641 1393 praeter
659 1350 791 1395 quam
809 1335 929 1393 quod
952 1335 1340 1392 evangelizavimus
1364 1351 1434 1380 vo-

45 1420 66 1444 »
102 1402 191 1458 his,
217 1404 445 1448 anathema
467 1405 536 1448 sit.
570 1406 690 1449 Sicut
722 1404 1027 1464 praediximus,
1053 1413 1096 1448 et
1121 1420 1241 1449 nunc
1276 1406 1434 1450 iterum

46 1491 67 1515 »
101 1472 200 1518 dico
217 1509 227 1529 ,
253 1475 285 1518 si
319 1474 415 1534 quis
448 1475 570 1519 vobis
592 1475 951 1534 evangelizaverit
974 1484 1132 1535 praeter
1159 1491 1292 1535 quam
1315 1475 1435 1537 quod

45 1561 66 1586 n
102 1545 347 1604 accepistis,
373 1547 602 1590 anathema
620 1549 673 1590 sit
692 1549 722 1589 ².
746 1565 765 1587 »
793 1545 1097 1604 Evangelizata
1120 1557 1183 1591 est
1206 1548 1332 1592 nobis
1349 1551 1435 1592 Ec-

43 1613 168 1659 clesia
187 1631 264 1675 pcr
285 1625 425 1661 totum
450 1616 600 1660 orbem
626 1626 838 1661 terrarum
854 1617 1018 1661 futura.
1039 1620 1133 1662 Hoc
1157 1619 1201 1663 in
1224 1621 1339 1677 Lege
1358 1655 1368 1674 ‚
1393 1629 1437 1664 et

43 1687 296 1746 Prophetis,
328 1697 371 1731 et
405 1686 583 1732 Psalmis
626 1703 715 1732 esse
746 1689 1088 1746 praenuntiatum
1114 1689 1205 1748 ipse
1226 1690 1435 1734 Dominus

43 1757 298 1802 testificatus
320 1766 412 1813 est,
450 1759 526 1817 qui
550 1774 645 1803 eam
666 1769 911 1819 coepturam
944 1761 999 1804 ab
1027 1759 1266 1804 Jerusalem
1289 1770 1332 1805 et
1359 1776 1436 1820 per

43 1841 192 1872 omnes
214 1837 364 1886 gentes
397 1839 752 1888 permanaturam
787 1845 878 1874 esse
899 1830 1101 1889 praedixit
1119 1832 1151 1885 ³,
1191 1839 1320 1875 testes
1356 1832 1435 1875 sibi

43 1895 215 1942 futuros
238 1899 283 1942 in
313 1899 578 1955 Jerusalem,
610 1910 654 1943 ct
682 1900 726 1944 in
748 1909 840 1944 tota
862 1899 1037 1954 Judaea,
1073 1910 1116 1944 et
1145 1901 1357 1956 Samaria,
1392 1911 1436 1946 et

41 1982 179 2027 usque
210 1968 254 2012 in
278 1977 414 2012 totam
449 1978 633 2024 terram,
660 1985 758 2014 cum
787 1972 878 2030 jam
901 1971 946 2014 in
969 1971 1131 2015 coelum
1155 1973 1430 2026 ascenderet,

39 2039 355 2098 praenuntiavit
370 2040 401 2083 ⁴.
441 2042 544 2084 Haec
578 2040 710 2084 verba
739 2040 851 2085 facta
881 2050 1026 2084 secuta
1059 2050 1176 2085 sunt.
1202 2041 1434 2094 Quomodo

39 2118 236 2168 coeptum
251 2108 306 2153 sit
323 2109 378 2152 ab
394 2110 650 2165 Jerusalem,
662 2119 704 2154 et
718 2109 875 2155 deinde
892 2127 1138 2170 processum
1159 2112 1201 2156 in
1215 2112 1430 2166 Judaeam,

39 2188 83 2223 et
106 2179 364 2234 Samariam,
391 2189 433 2224 et
455 2180 556 2224 inde
578 2182 622 2224 in
645 2190 782 2225 totam
803 2192 982 2236 terram,
1015 2182 1091 2226 ubi
1114 2182 1258 2228 adhuc
1279 2185 1434 2228 crescit

38 2248 231 2294 Ecclesia
246 2285 257 2304 ,
273 2249 414 2295 donec
435 2266 573 2311 usque
591 2251 636 2295 in
651 2251 782 2295 finem
803 2252 930 2296 etiam
950 2252 1135 2312 reliquas
1158 2263 1328 2312 gentes,
1355 2254 1431 2298 ubi

39 2318 183 2365 adhuc
204 2336 294 2365 non
317 2331 395 2377 est,
421 2322 633 2377 obtineat,
663 2323 896 2383 Scripturis
918 2324 1076 2368 sanctis
1110 2325 1292 2368 testibus
1320 2340 1428 2369 con-

41 2402 273 2453 sequenter
318 2394 560 2438 ostenditur
598 2413 606 2438 :
647 2395 843 2454 quisquis
883 2395 1000 2439 aliud
1043 2395 1395 2453 evangelizaverit
1415 2431 1427 2451 ,

40 2463 270 2507 anathema
291 2464 359 2507 sit.
388 2463 519 2507 Aliud
543 2473 688 2507 antem
710 2465 978 2523 evangelizat
998 2499 1008 2519 ,
1034 2466 1108 2524 qui
1135 2466 1307 2524 periisse
1324 2466 1429 2511 dicit

39 2532 95 2578 de
121 2533 279 2579 caetero
313 2534 481 2579 mundo
499 2535 760 2590 Ecclesiam,
786 2545 829 2580 et
857 2537 901 2579 in
932 2546 1052 2595 parte
1081 2538 1234 2581 Donati
1265 2538 1308 2581 in
1337 2537 1427 2583 sola

90 2626 96 2639 ¹
123 2619 237 2650 Joann.
254 2630 297 2659 x,
317 2627 369 2661 27.
387 2635 429 2643 —
457 2626 470 2642 ²
488 2619 558 2652 Gal.
579 2630 602 2660 i,
622 2619 698 2652 6·8.
721 2636 762 2644 —
779 2618 792 2643 3
811 2622 888 2653 Luc.
909 2631 997 2662 xxiv,
1017 2620 1070 2663 44.
1088 2621 1160 2652 -4
1181 2624 1254 2656 Act.
1274 2635 1296 2662 ι,
1317 2623 1347 2656 8.
