<?xml version="1.0" encoding="UTF-8"?>
<!DOCTYPE html PUBLIC "-//W3C//DTD XHTML 1.0 Transitional//EN"
    "http://www.w3.org/TR/xhtml1/DTD/xhtml1-transitional.dtd">
<html xmlns="http://www.w3.org/1999/xhtml" xml:lang="en" lang="en">
 <head>
  <title>
</title>
<meta http-equiv="Content-Type" content="text/html;charset=utf-8" />
  <meta name='ocr-system' content='tesseract 3.04.00' />
  <meta name='ocr-capabilities' content='ocr_page ocr_carea ocr_par ocr_line ocrx_word'/>
</head>
<body>
  <div class='ocr_page' id='page_1' title='image "./operaomniaaccura32auguuoft_0423.png"; bbox 0 0 1825 3264; ppageno 0'>
   <div class='ocr_carea' id='block_1_1' title="bbox 278 246 1476 296">
    <p class='ocr_par' dir='ltr' id='par_1_1' title="bbox 278 246 1476 296">
     <span class='ocr_line' id='line_1_1' title="bbox 278 246 1476 296; baseline 0.002 -14"><span class='ocrx_word' id='word_1_1' title='bbox 278 253 440 283; x_wconf 61' lang='lat' dir='ltr'>con&#39;ruA</span> <span class='ocrx_word' id='word_1_2' title='bbox 472 256 736 283; x_wconf 63' lang='lat' dir='ltr'>canseomuivt</span> <span class='ocrx_word' id='word_1_3' title='bbox 770 257 1058 296; x_wconf 56' lang='lat' dir='ltr'>nonnasun,</span> <span class='ocrx_word' id='word_1_4' title='bbox 1095 259 1177 284; x_wconf 73' lang='lat' dir='ltr'>Lis.</span> <span class='ocrx_word' id='word_1_5' title='bbox 1216 258 1284 284; x_wconf 91' lang='lat'>111.</span> <span class='ocrx_word' id='word_1_6' title='bbox 1393 246 1476 285; x_wconf 75' lang='lat'>413</span> 
     </span>
    </p>
   </div>
   <div class='ocr_carea' id='block_1_2' title="bbox 86 320 1488 2642">
    <p class='ocr_par' dir='ltr' id='par_1_2' title="bbox 86 320 1488 2642">
     <span class='ocr_line' id='line_1_2' title="bbox 89 320 1479 381; baseline 0.003 -17"><span class='ocrx_word' id='word_1_7' title='bbox 89 321 321 375; x_wconf 90' lang='lat' dir='ltr'>miserunt,</span> <span class='ocrx_word' id='word_1_8' title='bbox 347 320 516 365; x_wconf 87' lang='lat' dir='ltr'>facinus</span> <span class='ocrx_word' id='word_1_9' title='bbox 533 320 800 381; x_wconf 87' lang='lat' dir='ltr'>displicuerit</span> <span class='ocrx_word' id='word_1_10' title='bbox 819 323 1102 377; x_wconf 78' lang='lat' dir='ltr'>traditorum,</span> <span class='ocrx_word' id='word_1_11' title='bbox 1118 332 1161 368; x_wconf 88' lang='lat' dir='ltr'>et</span> <span class='ocrx_word' id='word_1_12' title='bbox 1183 323 1239 368; x_wconf 89' lang='lat' dir='ltr'>ab</span> <span class='ocrx_word' id='word_1_13' title='bbox 1258 338 1406 368; x_wconf 90' lang='lat' dir='ltr'>eorum</span> <span class='ocrx_word' id='word_1_14' title='bbox 1434 339 1479 368; x_wconf 91' lang='lat' dir='ltr'>se</span> 
     </span>
     <span class='ocr_line' id='line_1_3' title="bbox 87 390 1479 451; baseline 0.001 -16"><span class='ocrx_word' id='word_1_15' title='bbox 87 390 394 435; x_wconf 87' lang='lat' dir='ltr'>communione</span> <span class='ocrx_word' id='word_1_16' title='bbox 407 400 690 445; x_wconf 80' lang='lat' dir='ltr'>retraxerant,</span> <span class='ocrx_word' id='word_1_17' title='bbox 707 401 750 436; x_wconf 87' lang='lat' dir='ltr'>et</span> <span class='ocrx_word' id='word_1_18' title='bbox 763 402 991 451; x_wconf 86' lang='lat' dir='ltr'>propterea</span> <span class='ocrx_word' id='word_1_19' title='bbox 1007 397 1177 438; x_wconf 89' lang='lat' dir='ltr'>Donato</span> <span class='ocrx_word' id='word_1_20' title='bbox 1200 402 1342 438; x_wconf 88' lang='lat' dir='ltr'>vestro</span> <span class='ocrx_word' id='word_1_21' title='bbox 1366 408 1479 438; x_wconf 88' lang='lat' dir='ltr'>com·</span> 
     </span>
     <span class='ocr_line' id='line_1_4' title="bbox 87 461 1481 521; baseline 0.001 -17"><span class='ocrx_word' id='word_1_22' title='bbox 87 461 385 505; x_wconf 86' lang='lat' dir='ltr'>municabant.</span> <span class='ocrx_word' id='word_1_23' title='bbox 416 479 435 502; x_wconf 89' lang='lat'>»</span> <span class='ocrx_word' id='word_1_24' title='bbox 463 462 588 506; x_wconf 88' lang='lat' dir='ltr'>Disce</span> <span class='ocrx_word' id='word_1_25' title='bbox 610 477 714 521; x_wconf 84' lang='lat' dir='ltr'>ergo</span> <span class='ocrx_word' id='word_1_26' title='bbox 737 462 857 521; x_wconf 91' lang='lat' dir='ltr'>quod</span> <span class='ocrx_word' id='word_1_27' title='bbox 878 464 1030 517; x_wconf 89' lang='lat' dir='ltr'>neseis,</span> <span class='ocrx_word' id='word_1_28' title='bbox 1060 464 1309 508; x_wconf 87' lang='lat' dir='ltr'>Sardicense</span> <span class='ocrx_word' id='word_1_29' title='bbox 1331 463 1481 508; x_wconf 92' lang='lat' dir='ltr'>eonci-</span> 
     </span>
     <span class='ocr_line' id='line_1_5' title="bbox 86 531 1481 593; baseline 0.001 -18"><span class='ocrx_word' id='word_1_30' title='bbox 86 531 193 575; x_wconf 90' lang='lat' dir='ltr'>lium</span> <span class='ocrx_word' id='word_1_31' title='bbox 218 531 478 577; x_wconf 84' lang='lat' dir='ltr'>Arianorum</span> <span class='ocrx_word' id='word_1_32' title='bbox 496 532 596 588; x_wconf 86' lang='lat' dir='ltr'>fuit,</span> <span class='ocrx_word' id='word_1_33' title='bbox 613 533 734 592; x_wconf 87' lang='lat' dir='ltr'>quod</span> <span class='ocrx_word' id='word_1_34' title='bbox 752 542 892 577; x_wconf 87' lang='lat' dir='ltr'>totum</span> <span class='ocrx_word' id='word_1_35' title='bbox 911 534 999 593; x_wconf 85' lang='lat' dir='ltr'>jam</span> <span class='ocrx_word' id='word_1_36' title='bbox 1023 533 1100 577; x_wconf 92' lang='lat' dir='ltr'>diu</span> <span class='ocrx_word' id='word_1_37' title='bbox 1122 544 1185 578; x_wconf 90' lang='lat' dir='ltr'>est</span> <span class='ocrx_word' id='word_1_38' title='bbox 1207 543 1256 577; x_wconf 90' lang='lat' dir='ltr'>ut</span> <span class='ocrx_word' id='word_1_39' title='bbox 1270 535 1481 578; x_wconf 89' lang='lat' dir='ltr'>habemus</span> 
     </span>
     <span class='ocr_line' id='line_1_6' title="bbox 86 602 1479 663; baseline 0.001 -19"><span class='ocrx_word' id='word_1_40' title='bbox 86 602 130 645; x_wconf 89' lang='lat' dir='ltr'>in</span> <span class='ocrx_word' id='word_1_41' title='bbox 153 602 371 657; x_wconf 79' lang='lat' dir='ltr'>manibuS‚</span> <span class='ocrx_word' id='word_1_42' title='bbox 389 613 661 647; x_wconf 90' lang='lat' dir='ltr'>contractum</span> <span class='ocrx_word' id='word_1_43' title='bbox 681 603 866 647; x_wconf 82' lang='lat' dir='ltr'>maxime</span> <span class='ocrx_word' id='word_1_44' title='bbox 888 612 1039 647; x_wconf 83' lang='lat' dir='ltr'>contra</span> <span class='ocrx_word' id='word_1_45' title='bbox 1060 604 1344 647; x_wconf 80' lang='lat' dir='ltr'>Athanasium</span> <span class='ocrx_word' id='word_1_46' title='bbox 1364 604 1479 663; x_wconf 90' lang='lat' dir='ltr'>epis-</span> 
     </span>
     <span class='ocr_line' id='line_1_7' title="bbox 86 672 1481 734; baseline 0.001 -19"><span class='ocrx_word' id='word_1_47' title='bbox 86 686 247 730; x_wconf 84' lang='lat' dir='ltr'>copum</span> <span class='ocrx_word' id='word_1_48' title='bbox 270 672 612 717; x_wconf 79' lang='lat' dir='ltr'>Alexandrinum</span> <span class='ocrx_word' id='word_1_49' title='bbox 632 672 895 718; x_wconf 85' lang='lat' dir='ltr'>catholicum</span> <span class='ocrx_word' id='word_1_50' title='bbox 917 708 928 727; x_wconf 89' lang='lat'>,</span> <span class='ocrx_word' id='word_1_51' title='bbox 953 674 1028 734; x_wconf 86' lang='lat' dir='ltr'>qui</span> <span class='ocrx_word' id='word_1_52' title='bbox 1050 689 1200 717; x_wconf 90' lang='lat' dir='ltr'>eorum</span> <span class='ocrx_word' id='word_1_53' title='bbox 1220 688 1409 718; x_wconf 86' lang='lat' dir='ltr'>errorem</span> <span class='ocrx_word' id='word_1_54' title='bbox 1428 688 1481 716; x_wconf 83' lang='lat' dir='ltr'>ex</span> 
     </span>
     <span class='ocr_line' id='line_1_8' title="bbox 86 742 1480 803; baseline 0.001 -18"><span class='ocrx_word' id='word_1_55' title='bbox 86 742 179 801; x_wconf 88' lang='lat' dir='ltr'>ipsa</span> <span class='ocrx_word' id='word_1_56' title='bbox 198 743 372 787; x_wconf 88' lang='lat' dir='ltr'>civitate</span> <span class='ocrx_word' id='word_1_57' title='bbox 386 753 531 788; x_wconf 87' lang='lat' dir='ltr'>ortum</span> <span class='ocrx_word' id='word_1_58' title='bbox 551 779 561 799; x_wconf 96' lang='lat'>‚</span> <span class='ocrx_word' id='word_1_59' title='bbox 587 760 676 803; x_wconf 84' lang='lat' dir='ltr'>prae</span> <span class='ocrx_word' id='word_1_60' title='bbox 699 745 866 789; x_wconf 84' lang='lat' dir='ltr'>caeteris</span> <span class='ocrx_word' id='word_1_61' title='bbox 881 745 1035 789; x_wconf 88' lang='lat' dir='ltr'>acriter</span> <span class='ocrx_word' id='word_1_62' title='bbox 1059 745 1269 802; x_wconf 87' lang='lat' dir='ltr'>arguebat</span> <span class='ocrx_word' id='word_1_63' title='bbox 1290 755 1333 788; x_wconf 90' lang='lat' dir='ltr'>et</span> <span class='ocrx_word' id='word_1_64' title='bbox 1351 743 1480 788; x_wconf 84' lang='lat' dir='ltr'>refel-</span> 
     </span>
     <span class='ocr_line' id='line_1_9' title="bbox 87 812 1481 873; baseline 0.001 -17"><span class='ocrx_word' id='word_1_65' title='bbox 87 812 328 859; x_wconf 88' lang='lat' dir='ltr'>lebat.Non</span> <span class='ocrx_word' id='word_1_66' title='bbox 343 815 473 873; x_wconf 85' lang='lat' dir='ltr'>igitur</span> <span class='ocrx_word' id='word_1_67' title='bbox 488 816 646 858; x_wconf 89' lang='lat' dir='ltr'>mirum</span> <span class='ocrx_word' id='word_1_68' title='bbox 670 815 703 858; x_wconf 89' lang='lat' dir='ltr'>si</span> <span class='ocrx_word' id='word_1_69' title='bbox 725 814 787 858; x_wconf 89' lang='lat' dir='ltr'>illi</span> <span class='ocrx_word' id='word_1_70' title='bbox 806 815 996 859; x_wconf 78' lang='lat' dir='ltr'>haeretici</span> <span class='ocrx_word' id='word_1_71' title='bbox 1017 818 1232 859; x_wconf 81' lang='lat' dir='ltr'>Donatum</span> <span class='ocrx_word' id='word_1_72' title='bbox 1250 815 1331 858; x_wconf 89' lang='lat' dir='ltr'>sibi</span> <span class='ocrx_word' id='word_1_73' title='bbox 1352 814 1481 858; x_wconf 86' lang='lat' dir='ltr'>ascis-</span> 
     </span>
     <span class='ocr_line' id='line_1_10' title="bbox 89 884 1480 946; baseline 0 -18"><span class='ocrx_word' id='word_1_74' title='bbox 89 900 187 929; x_wconf 85' lang='lat' dir='ltr'>cere</span> <span class='ocrx_word' id='word_1_75' title='bbox 217 895 496 931; x_wconf 87' lang='lat' dir='ltr'>tentaverunt</span> <span class='ocrx_word' id='word_1_76' title='bbox 516 921 526 941; x_wconf 86' lang='lat'>‚</span> <span class='ocrx_word' id='word_1_77' title='bbox 545 902 655 946; x_wconf 90' lang='lat' dir='ltr'>quos</span> <span class='ocrx_word' id='word_1_78' title='bbox 679 901 754 945; x_wconf 87' lang='lat' dir='ltr'>per</span> <span class='ocrx_word' id='word_1_79' title='bbox 777 895 919 931; x_wconf 89' lang='lat' dir='ltr'>totum</span> <span class='ocrx_word' id='word_1_80' title='bbox 942 887 1093 930; x_wconf 85' lang='lat' dir='ltr'>orbem</span> <span class='ocrx_word' id='word_1_81' title='bbox 1117 885 1330 930; x_wconf 84' lang='lat' dir='ltr'>catholica</span> <span class='ocrx_word' id='word_1_82' title='bbox 1352 884 1480 929; x_wconf 82' lang='lat' dir='ltr'>dam-</span> 
     </span>
     <span class='ocr_line' id='line_1_11' title="bbox 89 956 1482 1018; baseline 0 -18"><span class='ocrx_word' id='word_1_83' title='bbox 89 957 221 1001; x_wconf 88' lang='lat' dir='ltr'>nabat</span> <span class='ocrx_word' id='word_1_84' title='bbox 244 959 448 1002; x_wconf 80' lang='lat' dir='ltr'>Ecclesia.</span> <span class='ocrx_word' id='word_1_85' title='bbox 478 961 740 1018; x_wconf 82' lang='lat' dir='ltr'>Quanquam</span> <span class='ocrx_word' id='word_1_86' title='bbox 764 974 842 1003; x_wconf 90' lang='lat' dir='ltr'>nos</span> <span class='ocrx_word' id='word_1_87' title='bbox 863 959 954 1002; x_wconf 87' lang='lat' dir='ltr'>sine</span> <span class='ocrx_word' id='word_1_88' title='bbox 983 959 1208 1002; x_wconf 86' lang='lat' dir='ltr'>civitatum</span> <span class='ocrx_word' id='word_1_89' title='bbox 1231 956 1482 1001; x_wconf 90' lang='lat' dir='ltr'>nominibus</span> 
     </span>
     <span class='ocr_line' id='line_1_12' title="bbox 87 1029 1483 1089; baseline 0 -19"><span class='ocrx_word' id='word_1_90' title='bbox 87 1029 311 1087; x_wconf 87' lang='lat' dir='ltr'>episcopos</span> <span class='ocrx_word' id='word_1_91' title='bbox 336 1030 390 1073; x_wconf 86' lang='lat' dir='ltr'>ad</span> <span class='ocrx_word' id='word_1_92' title='bbox 413 1045 522 1089; x_wconf 88' lang='lat' dir='ltr'>quos</span> <span class='ocrx_word' id='word_1_93' title='bbox 544 1030 613 1073; x_wconf 75' lang='lat' dir='ltr'>hae</span> <span class='ocrx_word' id='word_1_94' title='bbox 647 1029 823 1072; x_wconf 86' lang='lat' dir='ltr'>Litterae</span> <span class='ocrx_word' id='word_1_95' title='bbox 845 1029 959 1072; x_wconf 85' lang='lat' dir='ltr'>datae</span> <span class='ocrx_word' id='word_1_96' title='bbox 983 1037 1085 1072; x_wconf 89' lang='lat' dir='ltr'>sunt</span> <span class='ocrx_word' id='word_1_97' title='bbox 1107 1029 1359 1072; x_wconf 82' lang='lat' dir='ltr'>habeamus.</span> <span class='ocrx_word' id='word_1_98' title='bbox 1394 1030 1483 1071; x_wconf 85' lang='lat' dir='ltr'>Aut</span> 
     </span>
     <span class='ocr_line' id='line_1_13' title="bbox 87 1099 1481 1158; baseline -0.001 -16"><span class='ocrx_word' id='word_1_99' title='bbox 87 1113 190 1157; x_wconf 83' lang='lat' dir='ltr'>ergo</span> <span class='ocrx_word' id='word_1_100' title='bbox 208 1099 362 1158; x_wconf 86' lang='lat' dir='ltr'>aliquis</span> <span class='ocrx_word' id='word_1_101' title='bbox 382 1104 573 1144; x_wconf 79' lang='lat' dir='ltr'>Donatus</span> <span class='ocrx_word' id='word_1_102' title='bbox 596 1099 681 1143; x_wconf 87' lang='lat' dir='ltr'>fuit</span> <span class='ocrx_word' id='word_1_103' title='bbox 698 1115 785 1144; x_wconf 86' lang='lat' dir='ltr'>non</span> <span class='ocrx_word' id='word_1_104' title='bbox 806 1100 850 1143; x_wconf 90' lang='lat' dir='ltr'>in</span> <span class='ocrx_word' id='word_1_105' title='bbox 873 1099 1017 1143; x_wconf 87' lang='lat' dir='ltr'>Africa</span> <span class='ocrx_word' id='word_1_106' title='bbox 1038 1100 1279 1158; x_wconf 87' lang='lat' dir='ltr'>episcopus,</span> <span class='ocrx_word' id='word_1_107' title='bbox 1306 1099 1377 1142; x_wconf 91' lang='lat' dir='ltr'>cui</span> <span class='ocrx_word' id='word_1_108' title='bbox 1399 1113 1481 1142; x_wconf 89' lang='lat' dir='ltr'>no-</span> 
     </span>
     <span class='ocr_line' id='line_1_14' title="bbox 88 1168 1483 1228; baseline 0.001 -18"><span class='ocrx_word' id='word_1_109' title='bbox 88 1168 195 1211; x_wconf 90' lang='lat' dir='ltr'>mini</span> <span class='ocrx_word' id='word_1_110' title='bbox 218 1170 634 1228; x_wconf 83' lang='lat' dir='ltr'>Carthagoavestris</span> <span class='ocrx_word' id='word_1_111' title='bbox 648 1179 710 1214; x_wconf 91' lang='lat' dir='ltr'>est</span> <span class='ocrx_word' id='word_1_112' title='bbox 733 1168 906 1226; x_wconf 80' lang='lat' dir='ltr'>addita3</span> <span class='ocrx_word' id='word_1_113' title='bbox 931 1179 1006 1214; x_wconf 85' lang='lat' dir='ltr'>aut</span> <span class='ocrx_word' id='word_1_114' title='bbox 1029 1179 1077 1214; x_wconf 88' lang='lat' dir='ltr'>ut</span> <span class='ocrx_word' id='word_1_115' title='bbox 1097 1169 1206 1224; x_wconf 79' lang='lat' dir='ltr'>dixi,</span> <span class='ocrx_word' id='word_1_116' title='bbox 1232 1169 1483 1213; x_wconf 77' lang='lat' dir='ltr'>Africanam</span> 
     </span>
     <span class='ocr_line' id='line_1_15' title="bbox 88 1238 1485 1299; baseline 0 -17"><span class='ocrx_word' id='word_1_117' title='bbox 88 1238 285 1283; x_wconf 85' lang='lat' dir='ltr'>haeresim</span> <span class='ocrx_word' id='word_1_118' title='bbox 308 1240 538 1284; x_wconf 86' lang='lat' dir='ltr'>Orientalis</span> <span class='ocrx_word' id='word_1_119' title='bbox 560 1240 732 1284; x_wconf 83' lang='lat' dir='ltr'>haeresis</span> <span class='ocrx_word' id='word_1_120' title='bbox 754 1240 833 1284; x_wconf 88' lang='lat' dir='ltr'>sibi</span> <span class='ocrx_word' id='word_1_121' title='bbox 855 1240 1037 1284; x_wconf 89' lang='lat' dir='ltr'>tentavit</span> <span class='ocrx_word' id='word_1_122' title='bbox 1074 1239 1322 1299; x_wconf 82' lang='lat' dir='ltr'>adjungere.</span> <span class='ocrx_word' id='word_1_123' title='bbox 1354 1239 1485 1292; x_wconf 89' lang='lat' dir='ltr'>Quod</span> 
     </span>
     <span class='ocr_line' id='line_1_16' title="bbox 87 1309 1483 1371; baseline 0 -18"><span class='ocrx_word' id='word_1_124' title='bbox 87 1309 190 1355; x_wconf 89' lang='lat' dir='ltr'>hine</span> <span class='ocrx_word' id='word_1_125' title='bbox 209 1312 394 1355; x_wconf 79' lang='lat' dir='ltr'>maxime</span> <span class='ocrx_word' id='word_1_126' title='bbox 407 1311 616 1356; x_wconf 87' lang='lat' dir='ltr'>credibile</span> <span class='ocrx_word' id='word_1_127' title='bbox 634 1321 713 1366; x_wconf 82' lang='lat' dir='ltr'>est,</span> <span class='ocrx_word' id='word_1_128' title='bbox 730 1310 850 1371; x_wconf 92' lang='lat' dir='ltr'>quod</span> <span class='ocrx_word' id='word_1_129' title='bbox 863 1310 917 1354; x_wconf 88' lang='lat' dir='ltr'>ad</span> <span class='ocrx_word' id='word_1_130' title='bbox 931 1311 1206 1369; x_wconf 85' lang='lat' dir='ltr'>Carthaginis</span> <span class='ocrx_word' id='word_1_131' title='bbox 1227 1310 1483 1369; x_wconf 90' lang='lat' dir='ltr'>episcopum</span> 
     </span>
     <span class='ocr_line' id='line_1_17' title="bbox 89 1380 1483 1442; baseline -0.001 -17"><span class='ocrx_word' id='word_1_132' title='bbox 89 1384 287 1427; x_wconf 86' lang='lat' dir='ltr'>Romano</span> <span class='ocrx_word' id='word_1_133' title='bbox 309 1383 597 1442; x_wconf 82' lang='lat' dir='ltr'>praetermisso</span> <span class='ocrx_word' id='word_1_134' title='bbox 611 1418 621 1437; x_wconf 56' lang='lat'>2</span> <span class='ocrx_word' id='word_1_135' title='bbox 647 1398 874 1442; x_wconf 84' lang='lat' dir='ltr'>nunquam</span> <span class='ocrx_word' id='word_1_136' title='bbox 894 1381 1123 1425; x_wconf 83' lang='lat' dir='ltr'>Orientalis</span> <span class='ocrx_word' id='word_1_137' title='bbox 1144 1380 1357 1425; x_wconf 89' lang='lat' dir='ltr'>catholica</span> <span class='ocrx_word' id='word_1_138' title='bbox 1378 1380 1483 1424; x_wconf 91' lang='lat' dir='ltr'>seri-</span> 
     </span>
     <span class='ocr_line' id='line_1_18' title="bbox 90 1450 1482 1510; baseline -0.001 -14"><span class='ocrx_word' id='word_1_139' title='bbox 90 1452 212 1496; x_wconf 90' lang='lat' dir='ltr'>beret</span> <span class='ocrx_word' id='word_1_140' title='bbox 240 1472 248 1497; x_wconf 90' lang='lat'>:</span> <span class='ocrx_word' id='word_1_141' title='bbox 274 1452 351 1497; x_wconf 91' lang='lat' dir='ltr'>ubi</span> <span class='ocrx_word' id='word_1_142' title='bbox 374 1452 525 1497; x_wconf 88' lang='lat' dir='ltr'>saltem</span> <span class='ocrx_word' id='word_1_143' title='bbox 549 1463 688 1497; x_wconf 91' lang='lat' dir='ltr'>vester</span> <span class='ocrx_word' id='word_1_144' title='bbox 711 1452 839 1497; x_wconf 89' lang='lat' dir='ltr'>scribi</span> <span class='ocrx_word' id='word_1_145' title='bbox 861 1451 1040 1505; x_wconf 91' lang='lat' dir='ltr'>debuit,</span> <span class='ocrx_word' id='word_1_146' title='bbox 1063 1466 1194 1510; x_wconf 86' lang='lat' dir='ltr'>quem</span> <span class='ocrx_word' id='word_1_147' title='bbox 1218 1450 1363 1495; x_wconf 84' lang='lat' dir='ltr'>soletis</span> <span class='ocrx_word' id='word_1_148' title='bbox 1389 1453 1482 1495; x_wconf 85' lang='lat' dir='ltr'>Ro-</span> 
     </span>
     <span class='ocr_line' id='line_1_19' title="bbox 88 1520 1483 1582; baseline -0.002 -16"><span class='ocrx_word' id='word_1_149' title='bbox 88 1537 202 1566; x_wconf 88' lang='lat' dir='ltr'>mam</span> <span class='ocrx_word' id='word_1_150' title='bbox 225 1523 374 1582; x_wconf 87' lang='lat' dir='ltr'>paucis</span> <span class='ocrx_word' id='word_1_151' title='bbox 402 1523 553 1567; x_wconf 86' lang='lat' dir='ltr'>vestris</span> <span class='ocrx_word' id='word_1_152' title='bbox 586 1522 758 1566; x_wconf 85' lang='lat' dir='ltr'>mittere</span> <span class='ocrx_word' id='word_1_153' title='bbox 787 1537 837 1565; x_wconf 83' lang='lat' dir='ltr'>ex</span> <span class='ocrx_word' id='word_1_154' title='bbox 869 1521 1030 1565; x_wconf 85' lang='lat' dir='ltr'>Africa.</span> <span class='ocrx_word' id='word_1_155' title='bbox 1059 1520 1142 1566; x_wconf 85' lang='lat' dir='ltr'>Sed</span> <span class='ocrx_word' id='word_1_156' title='bbox 1178 1524 1266 1564; x_wconf 89' lang='lat' dir='ltr'>Deo</span> <span class='ocrx_word' id='word_1_157' title='bbox 1295 1520 1450 1579; x_wconf 84' lang='lat' dir='ltr'>gratias</span> <span class='ocrx_word' id='word_1_158' title='bbox 1472 1554 1483 1574; x_wconf 87' lang='lat'>,</span> 
     </span>
     <span class='ocr_line' id='line_1_20' title="bbox 86 1591 1488 1652; baseline -0.001 -16"><span class='ocrx_word' id='word_1_159' title='bbox 86 1593 208 1652; x_wconf 90' lang='lat' dir='ltr'>quod</span> <span class='ocrx_word' id='word_1_160' title='bbox 226 1609 306 1638; x_wconf 90' lang='lat' dir='ltr'>nec</span> <span class='ocrx_word' id='word_1_161' title='bbox 330 1592 491 1648; x_wconf 86' lang='lat' dir='ltr'>valuit,</span> <span class='ocrx_word' id='word_1_162' title='bbox 517 1593 551 1637; x_wconf 89' lang='lat' dir='ltr'>si</span> <span class='ocrx_word' id='word_1_163' title='bbox 571 1602 716 1637; x_wconf 85' lang='lat' dir='ltr'>tamen</span> <span class='ocrx_word' id='word_1_164' title='bbox 734 1601 879 1652; x_wconf 81' lang='lat' dir='ltr'>coepta</span> <span class='ocrx_word' id='word_1_165' title='bbox 903 1602 965 1636; x_wconf 88' lang='lat' dir='ltr'>est</span> <span class='ocrx_word' id='word_1_166' title='bbox 980 1627 990 1647; x_wconf 88' lang='lat'>,</span> <span class='ocrx_word' id='word_1_167' title='bbox 1016 1591 1089 1635; x_wconf 90' lang='lat' dir='ltr'>illa</span> <span class='ocrx_word' id='word_1_168' title='bbox 1112 1592 1375 1651; x_wconf 82' lang='lat' dir='ltr'>conspiratio</span> <span class='ocrx_word' id='word_1_169' title='bbox 1395 1591 1488 1634; x_wconf 86' lang='lat' dir='ltr'>hae-</span> 
     </span>
     <span class='ocr_line' id='line_1_21' title="bbox 87 1662 1486 1722; baseline -0.001 -15"><span class='ocrx_word' id='word_1_170' title='bbox 87 1665 322 1709; x_wconf 90' lang='lat' dir='ltr'>reticorum</span> <span class='ocrx_word' id='word_1_171' title='bbox 339 1665 628 1709; x_wconf 83' lang='lat' dir='ltr'>Orientalium</span> <span class='ocrx_word' id='word_1_172' title='bbox 651 1679 752 1709; x_wconf 92' lang='lat' dir='ltr'>cum</span> <span class='ocrx_word' id='word_1_173' title='bbox 772 1664 887 1708; x_wconf 85' lang='lat' dir='ltr'>Afris</span> <span class='ocrx_word' id='word_1_174' title='bbox 908 1662 1121 1707; x_wconf 84' lang='lat' dir='ltr'>haereticis</span> <span class='ocrx_word' id='word_1_175' title='bbox 1140 1664 1388 1722; x_wconf 85' lang='lat' dir='ltr'>praevalere.</span> <span class='ocrx_word' id='word_1_176' title='bbox 1420 1664 1486 1705; x_wconf 92' lang='lat' dir='ltr'>Tu</span> 
     </span>
     <span class='ocr_line' id='line_1_22' title="bbox 88 1731 1487 1795; baseline -0.002 -17"><span class='ocrx_word' id='word_1_177' title='bbox 88 1735 266 1779; x_wconf 82' lang='lat' dir='ltr'>Arianos</span> <span class='ocrx_word' id='word_1_178' title='bbox 288 1737 379 1795; x_wconf 86' lang='lat' dir='ltr'>jam</span> <span class='ocrx_word' id='word_1_179' title='bbox 398 1736 512 1780; x_wconf 87' lang='lat' dir='ltr'>inter</span> <span class='ocrx_word' id='word_1_180' title='bbox 534 1736 758 1779; x_wconf 78' lang='lat' dir='ltr'>haereticos</span> <span class='ocrx_word' id='word_1_181' title='bbox 774 1743 816 1778; x_wconf 82' lang='lat' dir='ltr'>et</span> <span class='ocrx_word' id='word_1_182' title='bbox 841 1734 967 1778; x_wconf 91' lang='lat' dir='ltr'>nobis</span> <span class='ocrx_word' id='word_1_183' title='bbox 990 1743 1033 1777; x_wconf 89' lang='lat' dir='ltr'>et</span> <span class='ocrx_word' id='word_1_184' title='bbox 1061 1732 1183 1777; x_wconf 80' lang='lat' dir='ltr'>vobis</span> <span class='ocrx_word' id='word_1_185' title='bbox 1207 1731 1487 1776; x_wconf 79' lang='lat' dir='ltr'>detestandos</span> 
     </span>
     <span class='ocr_line' id='line_1_23' title="bbox 88 1802 1487 1866; baseline -0.001 -19"><span class='ocrx_word' id='word_1_186' title='bbox 88 1805 132 1848; x_wconf 92' lang='lat' dir='ltr'>in</span> <span class='ocrx_word' id='word_1_187' title='bbox 156 1814 230 1849; x_wconf 90' lang='lat' dir='ltr'>tua</span> <span class='ocrx_word' id='word_1_188' title='bbox 249 1806 439 1866; x_wconf 86' lang='lat' dir='ltr'>Epistola</span> <span class='ocrx_word' id='word_1_189' title='bbox 453 1806 633 1866; x_wconf 86' lang='lat' dir='ltr'>posuisti</span> <span class='ocrx_word' id='word_1_190' title='bbox 651 1826 661 1862; x_wconf 79' lang='lat'><em>3</em></span> <span class='ocrx_word' id='word_1_191' title='bbox 681 1805 799 1849; x_wconf 89' lang='lat' dir='ltr'>unde</span> <span class='ocrx_word' id='word_1_192' title='bbox 822 1804 928 1847; x_wconf 89' lang='lat' dir='ltr'>mihi</span> <span class='ocrx_word' id='word_1_193' title='bbox 952 1813 1096 1847; x_wconf 87' lang='lat' dir='ltr'>tecum</span> <span class='ocrx_word' id='word_1_194' title='bbox 1115 1802 1236 1846; x_wconf 90' lang='lat' dir='ltr'>nulla</span> <span class='ocrx_word' id='word_1_195' title='bbox 1255 1803 1487 1846; x_wconf 87' lang='lat' dir='ltr'>necessitas</span> 
     </span>
     <span class='ocr_line' id='line_1_24' title="bbox 89 1873 1487 1936; baseline -0.002 -17"><span class='ocrx_word' id='word_1_196' title='bbox 89 1885 182 1931; x_wconf 86' lang='lat' dir='ltr'>est,</span> <span class='ocrx_word' id='word_1_197' title='bbox 207 1877 336 1921; x_wconf 87' lang='lat' dir='ltr'>etiam</span> <span class='ocrx_word' id='word_1_198' title='bbox 369 1876 424 1921; x_wconf 89' lang='lat' dir='ltr'>de</span> <span class='ocrx_word' id='word_1_199' title='bbox 456 1878 536 1921; x_wconf 87' lang='lat' dir='ltr'>hae</span> <span class='ocrx_word' id='word_1_200' title='bbox 568 1877 809 1936; x_wconf 79' lang='lat' dir='ltr'>quaestione</span> <span class='ocrx_word' id='word_1_201' title='bbox 839 1875 1088 1933; x_wconf 79' lang='lat' dir='ltr'>confligere.</span> <span class='ocrx_word' id='word_1_202' title='bbox 1115 1876 1223 1918; x_wconf 88' lang='lat' dir='ltr'>Nam</span> <span class='ocrx_word' id='word_1_203' title='bbox 1257 1873 1376 1933; x_wconf 91' lang='lat' dir='ltr'>quod</span> <span class='ocrx_word' id='word_1_204' title='bbox 1407 1873 1487 1917; x_wconf 92' lang='lat' dir='ltr'>tibi</span> 
     </span>
     <span class='ocr_line' id='line_1_25' title="bbox 90 1944 1487 2008; baseline -0.004 -17"><span class='ocrx_word' id='word_1_205' title='bbox 90 1949 353 2007; x_wconf 87' lang='lat' dir='ltr'>proposuisti</span> <span class='ocrx_word' id='word_1_206' title='bbox 382 1949 668 2008; x_wconf 80' lang='lat' dir='ltr'>quaestionem</span> <span class='ocrx_word' id='word_1_207' title='bbox 693 1957 902 2006; x_wconf 85' lang='lat' dir='ltr'>tanquam</span> <span class='ocrx_word' id='word_1_208' title='bbox 933 1962 955 1990; x_wconf 82' lang='lat' dir='ltr'>a</span> <span class='ocrx_word' id='word_1_209' title='bbox 987 1945 1112 1989; x_wconf 88' lang='lat' dir='ltr'>nobis</span> <span class='ocrx_word' id='word_1_210' title='bbox 1135 1944 1349 2004; x_wconf 86' lang='lat' dir='ltr'>objectam</span> <span class='ocrx_word' id='word_1_211' title='bbox 1377 1963 1419 1988; x_wconf 75' lang='lat'>2«</span> <span class='ocrx_word' id='word_1_212' title='bbox 1443 1944 1487 1988; x_wconf 91' lang='lat' dir='ltr'>Si</span> 
     </span>
     <span class='ocr_line' id='line_1_26' title="bbox 90 2013 1486 2074; baseline -0.003 -14"><span class='ocrx_word' id='word_1_213' title='bbox 90 2018 184 2062; x_wconf 85' lang='lat' dir='ltr'>haee</span> <span class='ocrx_word' id='word_1_214' title='bbox 216 2019 272 2061; x_wconf 87' lang='lat' dir='ltr'>ita</span> <span class='ocrx_word' id='word_1_215' title='bbox 304 2028 437 2074; x_wconf 88' lang='lat' dir='ltr'>sunt,</span> <span class='ocrx_word' id='word_1_216' title='bbox 463 2034 486 2062; x_wconf 83' lang='lat' dir='ltr'>a</span> <span class='ocrx_word' id='word_1_217' title='bbox 517 2017 826 2063; x_wconf 85' lang='lat' dir='ltr'>communione</span> <span class='ocrx_word' id='word_1_218' title='bbox 849 2025 1089 2060; x_wconf 84' lang='lat' dir='ltr'>vestrorum</span> <span class='ocrx_word' id='word_1_219' title='bbox 1112 2013 1486 2074; x_wconf 81' lang='lat' dir='ltr'>quemadmodum</span> 
     </span>
     <span class='ocr_line' id='line_1_27' title="bbox 90 2083 1486 2148; baseline -0.003 -17"><span class='ocrx_word' id='word_1_220' title='bbox 90 2088 330 2132; x_wconf 87' lang='lat' dir='ltr'>Orientales</span> <span class='ocrx_word' id='word_1_221' title='bbox 349 2098 496 2148; x_wconf 86' lang='lat' dir='ltr'>postea</span> <span class='ocrx_word' id='word_1_222' title='bbox 519 2087 751 2148; x_wconf 83' lang='lat' dir='ltr'>disgregati</span> <span class='ocrx_word' id='word_1_223' title='bbox 773 2088 900 2131; x_wconf 81' lang='lat' dir='ltr'>sunt?</span> <span class='ocrx_word' id='word_1_224' title='bbox 917 2105 936 2127; x_wconf 89' lang='lat'>»</span> <span class='ocrx_word' id='word_1_225' title='bbox 962 2095 1005 2130; x_wconf 89' lang='lat' dir='ltr'>et</span> <span class='ocrx_word' id='word_1_226' title='bbox 1025 2084 1307 2144; x_wconf 83' lang='lat' dir='ltr'>respondisti:</span> <span class='ocrx_word' id='word_1_227' title='bbox 1329 2104 1347 2125; x_wconf 79' lang='grc' dir='ltr'>ι(</span> <span class='ocrx_word' id='word_1_228' title='bbox 1366 2083 1486 2144; x_wconf 87' lang='lat' dir='ltr'>quod</span> 
     </span>
     <span class='ocr_line' id='line_1_28' title="bbox 91 2155 1487 2218; baseline -0.002 -17"><span class='ocrx_word' id='word_1_229' title='bbox 91 2158 136 2201; x_wconf 85' lang='lat' dir='ltr'>in</span> <span class='ocrx_word' id='word_1_230' title='bbox 155 2159 410 2218; x_wconf 83' lang='lat' dir='ltr'>recipiendis</span> <span class='ocrx_word' id='word_1_231' title='bbox 425 2160 581 2203; x_wconf 86' lang='lat' dir='ltr'>iterum</span> <span class='ocrx_word' id='word_1_232' title='bbox 599 2158 754 2203; x_wconf 88' lang='lat' dir='ltr'>nostris</span> <span class='ocrx_word' id='word_1_233' title='bbox 771 2157 988 2201; x_wconf 82' lang='lat' dir='ltr'>damnatae</span> <span class='ocrx_word' id='word_1_234' title='bbox 1004 2172 1144 2201; x_wconf 87' lang='lat' dir='ltr'>causae</span> <span class='ocrx_word' id='word_1_235' title='bbox 1159 2172 1247 2200; x_wconf 88' lang='lat' dir='ltr'>non</span> <span class='ocrx_word' id='word_1_236' title='bbox 1263 2155 1487 2214; x_wconf 85' lang='lat' dir='ltr'>potuerint</span> 
     </span>
     <span class='ocr_line' id='line_1_29' title="bbox 93 2225 1486 2287; baseline -0.004 -15"><span class='ocrx_word' id='word_1_237' title='bbox 93 2244 262 2273; x_wconf 83' lang='lat' dir='ltr'>servare</span> <span class='ocrx_word' id='word_1_238' title='bbox 286 2231 573 2274; x_wconf 86' lang='lat' dir='ltr'>constantiam</span> <span class='ocrx_word' id='word_1_239' title='bbox 601 2249 609 2273; x_wconf 87' lang='lat'>:</span> <span class='ocrx_word' id='word_1_240' title='bbox 640 2248 658 2269; x_wconf 90' lang='lat'>»</span> <span class='ocrx_word' id='word_1_241' title='bbox 694 2227 911 2287; x_wconf 90' lang='lat' dir='ltr'>numquid</span> <span class='ocrx_word' id='word_1_242' title='bbox 946 2228 1194 2271; x_wconf 89' lang='lat' dir='ltr'>mirandum</span> <span class='ocrx_word' id='word_1_243' title='bbox 1223 2236 1285 2270; x_wconf 89' lang='lat' dir='ltr'>est</span> <span class='ocrx_word' id='word_1_244' title='bbox 1318 2225 1372 2268; x_wconf 89' lang='lat' dir='ltr'>de</span> <span class='ocrx_word' id='word_1_245' title='bbox 1397 2234 1486 2267; x_wconf 88' lang='lat' dir='ltr'>tam</span> 
     </span>
     <span class='ocr_line' id='line_1_30' title="bbox 93 2292 1487 2359; baseline -0.004 -17"><span class='ocrx_word' id='word_1_246' title='bbox 93 2298 343 2359; x_wconf 84' lang='lat' dir='ltr'>longinquis</span> <span class='ocrx_word' id='word_1_247' title='bbox 365 2301 485 2344; x_wconf 89' lang='lat' dir='ltr'>terris</span> <span class='ocrx_word' id='word_1_248' title='bbox 509 2300 730 2358; x_wconf 89' lang='lat' dir='ltr'>episcopos</span> <span class='ocrx_word' id='word_1_249' title='bbox 754 2309 850 2342; x_wconf 84' lang='lat' dir='ltr'>tuos</span> <span class='ocrx_word' id='word_1_250' title='bbox 871 2298 1050 2356; x_wconf 89' lang='lat' dir='ltr'>impune</span> <span class='ocrx_word' id='word_1_251' title='bbox 1075 2297 1149 2340; x_wconf 86' lang='lat' dir='ltr'>tibi</span> <span class='ocrx_word' id='word_1_252' title='bbox 1173 2311 1348 2340; x_wconf 85' lang='lat' dir='ltr'>narrare</span> <span class='ocrx_word' id='word_1_253' title='bbox 1366 2292 1487 2353; x_wconf 91' lang='lat' dir='ltr'>quod</span> 
     </span>
     <span class='ocr_line' id='line_1_31' title="bbox 94 2366 1482 2426; baseline -0.003 -14"><span class='ocrx_word' id='word_1_254' title='bbox 94 2368 415 2424; x_wconf 83' lang='lat' dir='ltr'>voluntPQuod</span> <span class='ocrx_word' id='word_1_255' title='bbox 429 2372 654 2415; x_wconf 89' lang='lat' dir='ltr'>siomnino</span> <span class='ocrx_word' id='word_1_256' title='bbox 677 2371 734 2413; x_wconf 86' lang='lat' dir='ltr'>ita</span> <span class='ocrx_word' id='word_1_257' title='bbox 754 2379 877 2422; x_wconf 83' lang='lat' dir='ltr'>esset,</span> <span class='ocrx_word' id='word_1_258' title='bbox 891 2378 955 2412; x_wconf 91' lang='lat' dir='ltr'>tot</span> <span class='ocrx_word' id='word_1_259' title='bbox 971 2367 1121 2426; x_wconf 89' lang='lat' dir='ltr'>populi</span> <span class='ocrx_word' id='word_1_260' title='bbox 1139 2368 1246 2425; x_wconf 87' lang='lat' dir='ltr'>quid</span> <span class='ocrx_word' id='word_1_261' title='bbox 1270 2366 1482 2419; x_wconf 82' lang='lat' dir='ltr'>fecerunt,</span> 
     </span>
     <span class='ocr_line' id='line_1_32' title="bbox 94 2437 1486 2501; baseline -0.004 -16"><span class='ocrx_word' id='word_1_262' title='bbox 94 2442 170 2501; x_wconf 91' lang='lat' dir='ltr'>qui</span> <span class='ocrx_word' id='word_1_263' title='bbox 193 2457 290 2486; x_wconf 88' lang='lat' dir='ltr'>cum</span> <span class='ocrx_word' id='word_1_264' title='bbox 312 2443 392 2486; x_wconf 86' lang='lat' dir='ltr'>ista</span> <span class='ocrx_word' id='word_1_265' title='bbox 420 2442 634 2486; x_wconf 85' lang='lat' dir='ltr'>nescirent</span> <span class='ocrx_word' id='word_1_266' title='bbox 657 2476 668 2494; x_wconf 82' lang='lat'>‚</span> <span class='ocrx_word' id='word_1_267' title='bbox 698 2450 840 2484; x_wconf 80' lang='lat' dir='ltr'>tamen</span> <span class='ocrx_word' id='word_1_268' title='bbox 864 2457 885 2482; x_wconf 85' lang='lat' dir='ltr'>a</span> <span class='ocrx_word' id='word_1_269' title='bbox 915 2440 1037 2482; x_wconf 87' lang='lat' dir='ltr'>vobis</span> <span class='ocrx_word' id='word_1_270' title='bbox 1064 2437 1359 2497; x_wconf 84' lang='lat' dir='ltr'>rebaptizandi</span> <span class='ocrx_word' id='word_1_271' title='bbox 1382 2452 1486 2480; x_wconf 89' lang='lat' dir='ltr'>cen-</span> 
     </span>
     <span class='ocr_line' id='line_1_33' title="bbox 96 2507 1484 2568; baseline -0.005 -12"><span class='ocrx_word' id='word_1_272' title='bbox 96 2522 245 2556; x_wconf 88' lang='lat' dir='ltr'>sentur</span> <span class='ocrx_word' id='word_1_273' title='bbox 266 2515 283 2555; x_wconf 76' lang='lat' dir='ltr'>P</span> <span class='ocrx_word' id='word_1_274' title='bbox 306 2516 372 2555; x_wconf 81' lang='lat' dir='ltr'>An</span> <span class='ocrx_word' id='word_1_275' title='bbox 396 2527 483 2556; x_wconf 91' lang='lat' dir='ltr'>non</span> <span class='ocrx_word' id='word_1_276' title='bbox 514 2521 578 2555; x_wconf 87' lang='lat' dir='ltr'>cst</span> <span class='ocrx_word' id='word_1_277' title='bbox 598 2509 808 2555; x_wconf 87' lang='lat' dir='ltr'>credibile</span> <span class='ocrx_word' id='word_1_278' title='bbox 825 2543 836 2563; x_wconf 90' lang='lat'>,</span> <span class='ocrx_word' id='word_1_279' title='bbox 862 2508 982 2568; x_wconf 89' lang='lat' dir='ltr'>quod</span> <span class='ocrx_word' id='word_1_280' title='bbox 1004 2509 1098 2552; x_wconf 79' lang='lat' dir='ltr'>haec</span> <span class='ocrx_word' id='word_1_281' title='bbox 1117 2507 1267 2567; x_wconf 90' lang='lat' dir='ltr'>populi</span> <span class='ocrx_word' id='word_1_282' title='bbox 1286 2509 1484 2566; x_wconf 84' lang='lat' dir='ltr'>ignorare</span> 
     </span>
     <span class='ocr_line' id='line_1_34' title="bbox 98 2577 1480 2642; baseline -0.004 -17"><span class='ocrx_word' id='word_1_283' title='bbox 98 2583 349 2642; x_wconf 73' lang='lat' dir='ltr'>potuerint,</span> <span class='ocrx_word' id='word_1_284' title='bbox 375 2597 474 2627; x_wconf 91' lang='lat' dir='ltr'>eum</span> <span class='ocrx_word' id='word_1_285' title='bbox 506 2591 550 2626; x_wconf 89' lang='lat' dir='ltr'>tu</span> <span class='ocrx_word' id='word_1_286' title='bbox 582 2582 736 2626; x_wconf 88' lang='lat' dir='ltr'>harum</span> <span class='ocrx_word' id='word_1_287' title='bbox 761 2595 904 2624; x_wconf 85' lang='lat' dir='ltr'>rerum</span> <span class='ocrx_word' id='word_1_288' title='bbox 928 2578 1198 2639; x_wconf 86' lang='lat' dir='ltr'>aliquantum</span> <span class='ocrx_word' id='word_1_289' title='bbox 1223 2577 1480 2630; x_wconf 83' lang='lat' dir='ltr'>studiosior,</span> 
     </span>
    </p>
   </div>
  </div>
 </body>
</html>
