1825 3264
330 287 491 318 comum
524 286 726 317 LITTERAS
759 288 994 329 paruum,
1031 293 1112 320 Lux.
1149 294 1197 320 11.
1400 276 1450 320 91

75 363 139 400 est
159 354 319 399 :vMulti
345 353 389 398 in
411 353 589 398 nomine
610 362 687 397 tuo
709 367 864 397 manus
894 355 1140 413 imponunt,
1166 365 1209 400 et
1230 357 1455 401 nobiscum

74 441 162 470 non
175 433 291 480 sunt,
306 439 532 484 nunquam
548 423 658 468 Filio
670 423 742 468 Dei
758 425 986 484 quisquam
999 425 1316 484 Discipulorum
1326 427 1452 472 dixit:

72 494 191 540 unde
218 509 297 540 nec
323 495 434 539 illud
455 495 571 539 abeo
596 495 845 554 responderi
868 496 1025 554 potuit,
1052 496 1260 541 Dimittite
1281 494 1394 553 illos,
1425 500 1458 542 si

71 575 222 612 contra
233 581 310 611 vos
322 580 411 610 non
422 574 539 621 sunt,
557 581 634 626 pro
645 566 767 610 vobis
777 574 893 610 sunt.
908 565 992 610 Sed
1006 574 1070 610 est
1083 566 1290 626 quiddam
1304 569 1455 624 simile,

71 635 192 698 quod
215 651 261 680 re
282 650 380 681 vera
392 637 438 680 in
456 636 692 694 Evangelio
714 636 900 696 legimus
917 637 971 681 de
993 637 1186 697 quodam
1204 648 1457 697 suggestum

72 720 162 752 esse
186 703 372 752 Domino
391 740 402 761 ,
427 707 503 767 qui
525 705 740 751 daemonia
764 707 810 750 in
839 708 932 767 ejus
955 708 1132 752 nomine
1154 708 1375 767 ejiciebat,
1413 717 1456 752 et

70 788 170 821 cum
201 777 429 836 Discipulis
462 791 563 820 eum
596 791 685 825 non
708 777 999 837 sequebatur,
1026 777 1103 821 ubi
1130 778 1342 822 Dominus
1371 779 1453 823 ait:

76 846 249 893 «Nolite
270 847 523 906 prohibere:
544 847 620 907 qui
642 856 793 892 contra
808 862 884 892 vos
906 863 995 892 non
1012 857 1091 903 est,
1112 859 1191 907 pro
1200 848 1322 893 vobis
1344 857 1451 893 est.»

71 916 165 962 Hoc
195 925 341 961 autem
369 916 424 962 ad
454 925 590 962 sectas
617 918 1006 968 demonstrandas,
1032 918 1193 978 quibus
1217 919 1457 978 pepercisse

71 987 281 1033 Dominus
296 988 493 1033 videatur
510 990 689 1034 omnino
707 1005 796 1034 non
817 989 1020 1049 pertinet.
1036 988 1119 1034 Sed
1133 991 1167 1033 si
1186 998 1228 1033 te
1245 990 1456 1034 nonnulla

70 1055 227 1102 fefellit
255 1058 493 1103 similitudo
523 1060 764 1115 sententiae,
794 1075 884 1104 non
915 1068 977 1103 est
1009 1060 1308 1115 mendacium,
1337 1075 1457 1104 error

71 1129 288 1172 humanus
311 1137 389 1172 est.
413 1130 455 1174 Si
474 1139 619 1174 autem
636 1131 848 1189 imperitis
869 1140 1112 1175 sanctarum
1134 1131 1452 1190 Scripturarum

71 1197 251 1243 nebulas
265 1197 459 1244 falsitatis
481 1200 656 1260 injicere
676 1200 868 1255 voluisti,
891 1201 1194 1260 compungaris
1212 1211 1255 1245 et
1272 1201 1456 1245 confun-

70 1268 183 1313 daris
209 1279 252 1313 et
268 1271 508 1329 corrigaris.
536 1268 610 1314 Est
632 1280 777 1315 tamen
803 1272 923 1331 quod
952 1272 1006 1314 de
1035 1272 1117 1314 hoc
1146 1272 1261 1329 ipso,
1283 1271 1338 1315 de
1366 1285 1455 1330 quo

72 1340 259 1384 Domino
272 1349 520 1399 suggestum
538 1349 618 1395 est,
647 1355 725 1384 nos
742 1354 933 1398 agamus.
954 1340 1186 1392 Quomodo
1209 1341 1324 1383 enim
1349 1349 1455 1383 tunc

70 1418 227 1470 praeter
247 1411 600 1455 communionem
629 1411 974 1470 Discipulorum,
995 1410 1169 1454 valebat
1191 1420 1336 1454 tamen
1360 1410 1456 1469 plu-

70 1480 227 1524 rimum
249 1481 449 1525 sanctitas
463 1480 650 1525 nominis
667 1481 826 1526 Christi
839 1502 850 1539 3
865 1481 925 1526 sic
950 1490 1106 1540 praeter
1122 1479 1328 1525 Ecclesiae
1342 1494 1458 1524 com·

72 1552 321 1595 munionem
345 1551 457 1596 valet
474 1551 677 1596 sanctitas
695 1552 965 1596 sacramenti.
985 1554 1136 1611 Neque
1155 1552 1271 1595 enim
1290 1551 1456 1610 baptis-

70 1635 167 1665 mus
191 1632 469 1666 consecratur
490 1623 571 1666 nisi
593 1623 638 1666 in
660 1623 836 1667 nomine
860 1623 996 1667 Patris
1027 1632 1070 1666 et
1088 1622 1185 1666 Filii
1208 1631 1251 1666 et
1275 1622 1456 1681 Spiritus

69 1691 219 1736 sancti.
244 1692 350 1745 Quis
367 1701 512 1736 autem
534 1691 827 1737 insanissimus
849 1693 1019 1747 dixerit,
1041 1693 1170 1736 etiam
1188 1701 1346 1751 praeter
1370 1695 1456 1736 Ec-

69 1761 211 1806 clesiae
232 1763 585 1808 communionem
603 1779 763 1808 nomen
786 1764 882 1808 Filii
906 1763 1065 1818 valere,
1088 1764 1225 1808 Patris
1247 1772 1392 1807 autem
1415 1771 1459 1806 et

73 1833 255 1892 Spiritus
277 1834 411 1878 sancti
438 1849 527 1878 non
545 1833 688 1878 valere
710 1836 728 1877 P
750 1843 825 1878 aut
845 1833 989 1878 valere
1012 1833 1190 1894 quidem
1212 1834 1257 1877 in
1281 1833 1458 1878 homine

70 1906 280 1958 sanando,
292 1921 381 1950 non
395 1914 541 1949 autern
558 1904 701 1950 valere
715 1906 760 1949 in
784 1906 1002 1964 baptismo
1019 1904 1344 1950 consecrando?
1374 1903 1457 1948 Sed

71 1972 200 2034 plane
211 1984 368 2034 praeter
385 1974 587 2020 Ecclesiae
606 1976 962 2021 communionem
983 1985 1026 2020 et
1044 1976 1220 2020 unitatis
1242 1975 1453 2019 sanctissi-

70 2055 190 2088 mum
203 2045 427 2090 vinculum
442 2055 485 2090 et
499 2046 718 2090 charitatis
735 2046 1254 2105 supereminentissimum
1270 2044 1452 2097 donum,

72 2129 152 2159 nec
171 2114 245 2159 ille
263 2131 284 2159 a
307 2131 396 2175 quo
418 2115 684 2160 daemonium
705 2117 891 2177 ejicitur,
910 2131 990 2161 nec
1010 2116 1083 2159 ille
1101 2116 1176 2175 qui
1196 2116 1453 2174 baptizatur,

70 2194 276 2229 aeternam
292 2186 425 2230 vitam
447 2186 748 2246 consequitur:
770 2186 971 2230 sicutnec
993 2185 1054 2229 illi
1074 2186 1150 2246 qui
1171 2201 1246 2244 per
1258 2199 1457 2230 commu-

70 2255 245 2299 nionem
269 2265 636 2300 sacramentorum
656 2256 770 2300 intus
791 2255 1010 2304 videntur,
1032 2265 1074 2300 et
1091 2271 1168 2315 per
1182 2255 1457 2314 iniquitatem

71 2339 242 2370 morum
265 2326 368 2370 foris
401 2326 719 2386 imelliguntur.
758 2326 886 2380 Quod
919 2335 1064 2370 autem
1093 2326 1290 2370 Christus
1327 2325 1455 2368 etiam

71 2396 353 2455 corporaliter
374 2395 506 2440 suerit
528 2405 779 2455 persecutus
801 2412 887 2451 eos,
911 2412 1019 2456 quos
1036 2396 1091 2440 de
1107 2395 1271 2454 templo
1294 2393 1460 2452 expulit

73 2464 352 2523 flagellando,
369 2467 459 2526 jam
473 2480 601 2524 supra
623 2465 825 2510 diximus.

131 2537 369 2582 CLXXIX.
410 2539 670 2582 Famam-s
704 2535 812 2581 dixit
844 2555 853 2582 :
887 2538 1069 2581 Sanctus
1105 2546 1208 2579 vero
1239 2533 1459 2593 apostolus
