1825 3264
323 239 406 279 510
761 251 796 276 s.
832 248 1060 279 Ancusnm
1091 249 1273 278 Emscom

318 316 461 360 dicere
485 315 647 373 cogeris
668 332 676 360 z
701 314 907 376 episcopi,
931 316 1129 377 inquam,
1157 316 1288 362 vestri
1309 323 1475 361 vestros
1498 316 1700 362 schisma·

320 388 425 431 ticos
446 387 660 446 persecuti
683 395 800 431 sunt.

377 459 511 501 LVII.
552 460 649 502 Jam
671 458 818 518 itaque
841 472 930 502 non
951 458 1072 512 dico,
1102 458 1444 517 persecutionem
1467 473 1616 518 passus
1637 468 1701 503 est

317 529 606 573 Maximianus
627 563 638 583 ,
663 527 767 573 fecit
793 530 978 588 Optatus
1007 548 1014 573 :
1051 529 1257 587 quoniam
1289 529 1373 574 hoc
1399 543 1474 573 vos
1497 529 1700 588 ignorare

317 599 567 658 respondes,
584 599 697 643 etita
712 597 815 644 fecit
837 608 886 643 ut
906 599 1007 643 hinc
1029 598 1148 643 nulla
1167 599 1326 658 possim
1349 608 1467 659 gesta
1490 599 1696 657 recitare3

315 685 569 729 quanquam
591 670 638 713 in
659 679 744 714 tam
769 670 930 713 recenti
945 669 1151 714 memoria
1173 670 1368 714 civitates
1387 670 1490 728 ipsae
1507 669 1541 713 si
1559 669 1698 713 inter-

316 751 527 799 rogentur
542 776 556 795 ,
581 755 740 800 negare
770 755 859 785 non
881 749 1077 799 possunt.
1105 743 1198 785 Hoc
1219 755 1320 798 ergo
1351 755 1442 785 non
1464 739 1563 784 dico
1590 759 1600 785 ι
1623 740 1701 784 sed

314 812 428 866 dico,
454 812 798 870 persecutionem
816 827 964 871 passus
986 821 1050 856 est
1073 811 1375 864 Maximianus,
1401 810 1503 855 fecit
1525 811 1702 854 Primia·

314 897 410 925 nus.
446 884 502 926 Et
532 882 667 926 recito
702 891 818 939 gesta
856 882 1016 941 quibus
1051 881 1277 926 ostendam
1314 881 1495 925 domum
1519 916 1530 936 ,
1568 895 1702 940 quam

312 954 598 997 Maximianus
627 953 847 1013 propriam
869 952 1135 997 defendebat
1157 988 1168 1007 ,
1201 953 1468 997 Primianum
1492 967 1701 1012 procura-

312 1023 431 1068 tione
463 1024 665 1067 mandata
681 1059 692 1077 ,
717 1024 976 1068 exorcisterii
998 1023 1273 1068 ecclesiastici
1303 1024 1502 1078 nomine,
1529 1022 1703 1067 favente

311 1093 392 1137 sibi
410 1094 632 1138 sacerdote
654 1093 812 1152 legato,
838 1094 958 1154 quod
976 1093 1066 1153 ipsa
1091 1102 1206 1152 gesta
1229 1093 1439 1148 indicant,
1456 1093 1695 1138 abstulisse.

313 1163 397 1208 Sed
416 1164 595 1224 justitiae
618 1179 706 1208 non
729 1163 876 1222 gratiae
898 1163 1030 1207 fuerit
1046 1163 1197 1223 judex,
1215 1179 1305 1208 non
1321 1165 1485 1219 abnuo,
1520 1179 1609 1208 non
1631 1178 1701 1207 re-

310 1233 429 1277 fello.
453 1235 543 1278 Cur
563 1248 664 1291 ergo
691 1233 930 1278 Primianus
956 1232 1074 1292 apud
1102 1243 1195 1278 acta
1222 1235 1494 1293 magistratus
1515 1233 1701 1278 Cartha-

312 1303 496 1362 ginensis
512 1303 626 1348 inter
652 1303 732 1346 alia
752 1319 852 1363 quae
864 1303 919 1347 de
935 1303 1060 1348 nobis
1071 1304 1384 1349 contumeliose
1397 1301 1701 1364 prosequenda

310 1374 531 1418 mandavit
558 1393 566 1418 :
595 1393 614 1416 «
643 1373 732 1428 Illi,
750 1374 915 1433 inquit,
937 1373 1141 1418 auferunt
1162 1374 1321 1429 aliena,
1347 1389 1426 1418 nos
1447 1373 1699 1418 intermitti-

307 1458 404 1487 mus
434 1444 575 1488 ablata
604 1465 614 1502 3
644 1463 662 1485 »
688 1445 900 1503 cumipse
933 1443 1177 1488 abstulisset
1205 1444 1368 1499 aliena,
1395 1445 1429 1488 si
1451 1443 1700 1488 Maximiani

308 1524 400 1558 erat
413 1515 590 1572 domu83
611 1515 644 1559 si
658 1525 802 1560 autem
816 1516 1101 1560 Maximianus
1123 1530 1216 1559 eam
1234 1516 1379 1575 potius
1398 1522 1696 1575 usurpaverat,

308 1600 397 1629 non
410 1585 708 1629 intermisisset
730 1585 872 1630 ablata
895 1587 914 1627 ⁶?
938 1586 1021 1630 Sed
1039 1586 1073 1630 si
1095 1601 1237 1646 neque
1254 1586 1338 1630 hoc
1353 1585 1407 1630 ad
1428 1585 1698 1644 persecutio-

307 1668 407 1698 nem
426 1655 488 1698 vis
510 1655 726 1713 pertinere
752 1676 762 1711 3
786 1654 884 1700 dico
911 1657 1136 1715 episcopos
1165 1665 1327 1701 vestros
1349 1665 1392 1699 et
1413 1654 1591 1700 clericos
1605 1669 1700 1700 ves·-

308 1731 395 1767 tros
415 1724 842 1777 Maximianensibus,
864 1726 908 1767 in
923 1725 981 1768 eis
999 1725 1171 1779 sedibus
1186 1726 1463 1770 manentibus
1479 1726 1524 1770 in
1536 1725 1696 1786 quibus

307 1794 547 1853 antiquitus
578 1794 752 1837 fuerant
782 1795 999 1849 ordinati,
1024 1794 1174 1839 fecisse
1207 1797 1551 1855 persecutiones,
1578 1793 1697 1854 apud

306 1863 586 1922 proconsules
622 1879 842 1908 accusasse
861 1899 871 1919 ‚
904 1865 1154 1923 impetrasse
1177 1867 1392 1926 jussiones
1411 1900 1422 1918 ,
1447 1865 1697 1925 eisdemque

301 1935 568 1994 jussionibus
601 1934 864 1995 exequendis
894 1936 1150 1980 Oiliciorum
1174 1937 1449 1992 instantiam,
1473 1945 1516 1980 et
1544 1936 1696 1980 civita·

308 2015 399 2049 tum
424 2006 583 2050 auxilia
606 2006 811 2051 meruisse
829 2042 839 2061 ,
866 2016 915 2050 ut
937 2006 999 2050 illi
1028 2007 1103 2066 qui
1131 2008 1221 2066 jam
1244 2006 1420 2051 fuerant
1450 2005 1696 2065 Baga'l'ensis

305 2077 531 2121 sententiae
567 2077 792 2121 severitate
825 2077 1017 2121 damnati
1037 2112 1047 2132 ,
1083 2087 1126 2121 et
1151 2093 1174 2121 a
1195 2087 1348 2122 vestrae
1377 2077 1694 2122 communionis

306 2161 501 2205 corpore,
533 2163 587 2191 ne
611 2163 686 2206 per
706 2157 862 2192 cuncta
890 2148 1086 2192 membra
1105 2148 1308 2205 pestilens
1330 2148 1445 2192 virus
1466 2148 1688 2206 irreperet,

305 2217 614 2276 compendioso
628 2218 778 2262 dolore
794 2218 975 2277 praecisi,
993 2228 1036 2262 et
1054 2217 1223 2261 nullum
1235 2219 1324 2277 jam
1345 2218 1470 2262 vobis
1485 2217 1692 2261 facientes

305 2303 394 2331 suae
428 2290 746 2333 communionis
778 2288 977 2333 morbida
1009 2289 1264 2346 contagione
1287 2288 1528 2348 periculum
1547 2322 1560 2342 ,
1590 2301 1692 2331 cum

306 2360 490 2418 praecisis
523 2361 681 2418 pariter
711 2360 914 2420 plebibus
947 2361 1033 2404 suis
1067 2361 1240 2419 propria
1276 2358 1579 2404 conventicula
1612 2358 1693 2402 fre-

305 2430 575 2488 quentabant
592 2466 602 2486 ,
629 2430 723 2475 loca
755 2440 797 2474 et
827 2430 1018 2474 basilicas
1054 2446 1161 2490 quas
1183 2445 1269 2475 non
1294 2423 1539 2474 invaserant
1557 2463 1569 2484 ,
1589 2441 1692 2472 cum

307 2500 477 2559 populis
491 2501 571 2545 sibi
584 2501 904 2546 cohaerentibus
920 2509 1129 2560 perpetua
1147 2501 1410 2560 possessione
1424 2499 1687 2553 retinebant,
