1825 3264
70 343 172 447 S.
233 338 565 443 AUR.
635 335 1445 441 AUGUSTINI

455 554 794 594 HIPPONENSIS
828 552 1061 591 EPISCOPI

122 728 583 812 CONTRA
643 723 1394 812 CRESCONIUM

221 943 723 997 GRAMMATICUM
763 946 1002 995 PARTIS
1041 944 1290 993 DONATI

531 1127 781 1193 LIBRI
836 1122 987 1195 1V¹.

70 1315 172 1349 &00ae-
177 1298 1459 1351 θωε-Ξκκωε--ὲκε-εωεέέωὲ-ἒωὲ-ἒωὲᾢςωΗωΗωΗαΗωΗωεθωε-ἕωῆᾴε-ἣυ

69 1631 342 1692 Epistolam
381 1634 631 1679 Cresconii
652 1649 744 1694 pro
774 1633 1014 1679 Petiliani
1042 1632 1324 1695 defensione
1356 1630 1457 1677 edi-

124 1713 254 1760 tam,
279 1703 462 1764 sibique
485 1706 785 1765 inscriptam,
812 1703 1035 1768 refellere
1068 1705 1234 1765 incipit
1260 1705 1458 1766 Augus-

125 1775 264 1820 tinus.
305 1774 497 1821 Probat
533 1792 621 1821 nec
660 1774 986 1834 eloquentiam
1028 1790 1116 1820 nec
1150 1773 1461 1819 dialecticam

124 1844 434 1903 qualemlibet
451 1845 759 1892 metuendam
773 1863 875 1892 esse
890 1844 1210 1892 assertoribus
1225 1845 1457 1899 veritatis,

125 1918 375 1975 quominus
393 1917 496 1978 ejus
518 1917 843 1974 adversarios,
880 1933 989 1963 cum
1007 1917 1123 1977 ipsis
1145 1913 1458 1975 disputando,

126 1987 428 2052 redarguant
444 2011 465 2044 ,·
497 2005 651 2048 neque
680 1989 1029 2034 contentiosum
1053 1986 1331 2032 nabendum
1355 2001 1462 2030 eum

127 2075 245 2115 esse,
267 2061 351 2119 qui
371 2059 502 2105 duris
525 2071 571 2105 et
593 2059 901 2105 renitentibus
927 2061 1159 2105 sermonis
1180 2057 1462 2104 altercatio-

126 2146 233 2175 nem
267 2130 338 2175 acl
356 2147 436 2176 eos
465 2130 759 2193 raffellenclos
787 2131 971 2193 inferre
993 2131 1248 2175 curaverit.
1276 2129 1462 2175 Postea

126 2201 334 2246 ostendit
356 2219 451 2248 non
471 2219 573 2248 esse
593 2219 906 2261 consequens,
927 2213 978 2248 ut
999 2204 1042 2248 si
1061 2201 1342 2248 conceditur
1362 2217 1463 2246 esse

130 2271 371 2333 baptisma
391 2277 439 2319 in
452 2285 597 2334 parte
614 2275 819 2332 Donati,
837 2275 981 2321 simul
1000 2277 1146 2320 etiam
1169 2273 1467 2320 concedatur

129 2341 196 2388 ibi
217 2346 377 2404 accipi
394 2356 627 2404 oportere.
647 2346 716 2391 lct
735 2348 861 2391 enim
884 2356 1026 2392 ez’tra
1053 2345 1345 2392 catholicam
1363 2343 1465 2388 Ec-

127 2413 325 2460 clesiam
340 2417 540 2478 frustra
574 2428 619 2462 et
644 2419 938 2476 perniciose,
970 2417 1059 2462 secl
1086 2428 1249 2462 tamen
1277 2431 1381 2461 vere
1403 2429 1465 2459 ac

128 2486 321 2531 omnino
346 2485 472 2532 idem
497 2485 685 2533 haberi.

119 2619 127 2635 ¹
146 2614 265 2656 Scripti
282 2615 409 2647 circiter
427 2626 545 2649 annum
562 2616 679 2650 clu-isti
697 2616 775 2658 406.
804 2616 885 2651 Vide
906 2618 1053 2649 Rctract.
1074 2616 1131 2649 lib.
1158 2627 1192 2658 n,
1211 2627 1284 2659 cap.
1306 2617 1360 2648 26.
