1825 3264
336 216 361 255 4
764 223 797 252 s.
833 222 1063 252 Aucus'nm
1094 223 1275 251 Emscom

328 291 497 345 fratres,
514 290 589 350 qui
601 303 650 333 ea
665 304 765 349 quae
781 288 941 333 alicubi
958 287 1158 347 legerint,
1179 287 1234 331 ad
1252 286 1397 331 omnia
1418 285 1537 345 paria
1554 283 1718 328 referre

330 377 419 406 non
433 369 630 421 possunt,
657 360 715 404 ita
733 374 899 404 morem
920 374 1065 418 geram
1082 358 1157 413 eiS,
1174 358 1252 418 qui
1274 372 1344 402 me
1365 356 1542 402 omnino
1559 355 1614 399 ad
1634 355 1719 399 sin-

329 432 431 492 gula
452 429 713 491 respondere
733 429 1020 491 compellunt,
1038 438 1089 474 ut
1105 430 1228 489 quasi
1250 428 1427 473 alternis
1445 426 1719 472 sermonibus

324 503 370 547 in
404 502 629 562 praesentia
658 501 929 546 disseramus.
956 501 1100 545 Verba
1134 515 1185 545 ex
1205 499 1400 559 Epistola
1433 499 1526 560 ejus
1557 510 1719 557 ponam

322 575 403 618 sub
429 575 519 634 ejus
544 573 747 630 nomine,
782 583 825 618 et
855 572 1177 633 responsionem
1198 570 1380 616 reddam
1401 570 1483 615 sub
1505 584 1604 614 meo
1628 583 1714 617 no-

326 645 458 701 mine,
477 655 703 706 tanquam,
721 661 821 690 cum
837 659 1079 704 ageremus,
1101 660 1124 689 a
1139 643 1317 689 notariis
1334 650 1513 703 excepta
1529 642 1630 686 sint.
1653 643 1720 685 Ita

324 732 453 761 nemo
475 716 556 760 erit
578 715 653 776 qui
674 731 746 760 me
770 715 936 776 aliquid
958 713 1279 774 praetermisisse
1296 750 1307 769 ,
1344 723 1420 758 aut
1446 721 1623 773 propter
1647 711 1720 755 in-

326 786 529 832 discretas
542 802 744 847 personas
760 802 803 831 se
825 802 914 831 non
938 786 1124 843 potuisse
1143 785 1383 844 intelligere
1400 791 1716 844 conqueratur:

323 859 451 902 simul
464 861 593 903 etiam
616 868 665 903 ut
687 858 819 902 iidem
842 859 923 917 ipsi
946 858 1198 912 Donatistae,
1220 858 1297 918 qui
1321 872 1466 920 coram
1488 856 1722 900 nobiscum

325 931 531 974 disserere
551 930 724 984 nolunt,
750 945 827 989 per
848 929 1011 973 litteras
1032 945 1140 989 quas
1163 929 1248 973 suis
1270 928 1521 983 ediderunt,
1546 927 1606 971 ita
1630 941 1721 970 non

325 1001 539 1058 effugiant
569 999 901 1059 respondentem
937 1000 1018 1044 sibi
1054 999 1108 1043 ad
1142 998 1310 1057 singula
1344 999 1604 1054 veritatem,
1628 1006 1722 1041 tan-

326 1087 458 1131 quam
478 1071 705 1116 nobiscum
728 1070 838 1114 facie
862 1069 1087 1115 adfaciem
1106 1069 1430 1130 colloquantur.

385 1146 442 1186 ΙΙ.
478 1143 546 1186 Ab
575 1143 667 1201 ipso
702 1140 879 1185 exordio
908 1140 1115 1200 Epistolae
1147 1156 1237 1185 suae
1267 1144 1529 1185 Pmnmus
1573 1138 1717 1183 dixit:

334 1231 354 1254 «
380 1212 617 1257 Petilianus
637 1212 863 1272 episcopus
885 1211 1174 1256 dilectissimis
1192 1211 1417 1266 fratribus,
1442 1210 1722 1270 compresby-

328 1284 428 1328 teris
458 1293 501 1327 et
530 1283 786 1327 diaconibus
813 1282 1017 1326 ministris
1047 1298 1123 1342 per
1154 1282 1376 1327 dioecesim
1408 1282 1638 1327 nobiscum
1673 1281 1720 1324 in

328 1363 478 1399 sancto
500 1353 736 1412 Evangelio
770 1353 1015 1398 constitutis
1040 1373 1048 1397 ε
1090 1353 1236 1398 Gratia
1263 1353 1386 1398 vobis
1407 1362 1451 1398 et
1471 1368 1554 1413 pax
1574 1368 1598 1397 a
1629 1354 1720 1397 Deo

330 1428 456 1469 Patre
474 1433 622 1469 nostro
645 1434 687 1468 et
708 1425 889 1468 Domino
912 1425 1012 1468 Jesu
1035 1423 1222 1469 Christo.
1251 1442 1272 1465 »

385 1498 464 1540 ΙΙΙ.
494 1499 771 1540 Auonsrmus
790 1494 1013 1554 respondit
1040 1515 1049 1540 ε
1076 1498 1278 1554 Agnosco
1302 1494 1585 1555 apostolicam
1602 1493 1719 1539 salu-

327 1567 535 1611 tationem
557 1585 565 1611 :
591 1566 746 1611 videris
768 1566 864 1626 quis
886 1565 1002 1611 dicas
1018 1601 1029 1622 ,
1059 1567 1177 1610 unde
1203 1575 1348 1610 tamen
1375 1566 1576 1611 didiceris
1597 1563 1721 1626 quod

327 1636 434 1682 dicis
456 1637 648 1682 adverte.
675 1638 742 1681 Sic
759 1635 917 1680 salutat
935 1635 1094 1680 Paulus
1108 1639 1346 1692 Romanos,
1369 1636 1429 1681 sic
1451 1635 1717 1690 Corinthios,

327 1709 386 1753 sic
408 1708 594 1763 Galatas,
611 1709 670 1752 sic
690 1708 914 1767 Ephesios,
938 1706 1228 1763 Colossenses,
1249 1707 1563 1769 Philippenses,
1586 1707 1722 1752 Thes·

329 1780 629 1824 salonicenses.
656 1781 765 1832 Quae
785 1779 917 1837 igitur
939 1779 1158 1824 dementia
1187 1788 1274 1834 est,
1299 1795 1401 1824 cum
1424 1779 1490 1824 his
1518 1777 1721 1824 Ecclesiis

328 1851 446 1896 nolle
477 1851 798 1896 communicare
834 1851 949 1910 pacis
982 1851 1192 1907 salutem,
1226 1852 1272 1895 in
1306 1867 1492 1911 quarum
1516 1848 1719 1911 Epistolis

328 1921 514 1967 didicisti
536 1922 757 1981 pacificam
779 1921 1103 1966 salutationem.

389 1995 465 2036 IV.
497 1995 760 2037 Piznmmus
783 1992 890 2036 dixit
917 2012 925 2037 ε
954 2012 975 2035 «
1015 1993 1084 2037 Bis
1111 1992 1324 2051 baptisma
1359 1992 1484 2036 nobis
1507 1990 1721 2051 objiciunt

329 2063 358 2106 ii
379 2063 455 2122 qui
479 2064 558 2107 sub
581 2063 756 2107 nomine
786 2062 989 2123 baptismi
1018 2063 1182 2107 animas
1202 2078 1299 2107 suas
1327 2078 1402 2107 reo
1423 2061 1596 2107 lavacro
1620 2060 1719 2121 pol-

329 2132 522 2189 luerunt,
543 2133 702 2193 quibus
729 2133 930 2192 equidem
963 2134 1179 2178 obscoenis
1205 2132 1350 2177 sordes
1385 2142 1555 2177 cunctae
1587 2147 1720 2176 mun-

330 2202 472 2248 diores
493 2213 609 2259 sunt,
635 2219 744 2264 quos
766 2219 965 2264 perversa
984 2202 1199 2248 munditia
1216 2218 1329 2264 aqua
1351 2218 1428 2247 sua
1450 2203 1632 2261 contigit
1652 2202 1722 2248 in-

328 2275 517 2336 quinari.
548 2294 567 2317 η

389 2349 442 2390 V.
478 2350 755 2390 Auocsrmus
769 2345 989 2404 respondit
1003 2364 1012 2389 :
1027 2347 1116 2390 Nec
1129 2360 1241 2404 aqua
1255 2354 1402 2389 nostra
1416 2344 1715 2405 inquinamur,

331 2433 410 2461 nec
444 2427 581 2461 vestra
606 2416 895 2461 mundamur:
919 2416 994 2461 sed
1018 2433 1128 2476 aqua
1152 2416 1353 2476 baptismi
1371 2417 1416 2461 in
1437 2416 1613 2461 nomine
1636 2420 1718 2461 Pa-

332 2488 402 2531 tris
425 2497 467 2531 et
482 2487 577 2531 Filii
592 2498 632 2531 et
651 2488 831 2547 Spiritus
850 2488 985 2532 sancti
1000 2503 1099 2531 curn
1123 2486 1252 2532 datur
1274 2487 1422 2542 alicui,
1439 2503 1519 2532 nec
1540 2497 1712 2541 nostra,

332 2573 412 2604 nec
422 2567 564 2604 vestra
577 2567 658 2615 est,
672 2558 747 2604 sed
757 2558 872 2606 illius
885 2558 941 2604 de
956 2574 1046 2620 quo
1058 2561 1080 2605 J
1086 2557 1219 2606 oanni
1234 2557 1404 2604 dictum
1422 2566 1486 2604 est
1502 2577 1511 2604 2
1535 2576 1556 2600 «
1576 2559 1718 2619 Super
