1825 3264
322 263 405 305 514
753 277 787 303 s.
823 271 1055 303 Aueus‘nm
1087 272 1270 302 Errscom

317 341 374 386 ad
393 339 594 395 salutem,
618 348 742 385 tanto
763 342 809 384 in
833 355 911 386 nos
932 338 1082 386 furore
1102 340 1302 395 saeviunt,
1323 347 1375 384 ut
1395 336 1444 384 ea
1460 353 1560 399 quae
1577 339 1702 385 nobis

313 411 504 466 faciunt,
543 425 624 455 nec
656 425 909 467 numerare,
944 427 1026 457 nec
1061 425 1424 466 commemorare,
1462 425 1543 456 nec
1569 409 1702 470 digne

315 481 457 526 verbis
488 480 700 541 explicare
722 481 950 542 sufficiam..

374 555 490 598 LXI.
527 553 715 598 Proinde
736 569 836 598 cum
857 554 1134 614 phreneticus
1154 552 1375 598 medicum
1390 561 1534 607 vexat,
1556 561 1600 597 et
1617 567 1702 598 me-

313 624 434 669 dicus
461 625 761 684 phreneticum
780 624 902 684 ligat,
924 633 999 669 aut
1012 624 1142 668 ambo
1157 623 1342 669 invicem
1358 632 1697 684 persequuntur,

312 705 388 739 aut
410 696 443 739 si
464 696 724 755 persecutio,
750 696 830 739 nisi
851 711 952 756 quae
973 695 1085 739 male
1108 696 1172 750 fit,
1196 710 1286 739 non
1318 703 1380 739 est
1395 729 1406 750 ,
1431 709 1521 739 non
1547 695 1701 754 utique

310 767 585 826 persequitur
607 766 799 811 medicus
815 766 1135 826 phreneticum,
1161 765 1236 809 sed
1258 765 1538 824 phreneticus
1559 763 1702 809 medi-

309 852 427 881 cum.
451 838 620 882 Saevitia
638 837 767 895 igitur
779 846 919 881 vestra
938 845 981 880 et
992 835 1300 880 violentissima
1317 835 1493 880 audacia
1511 850 1588 894 per
1602 835 1700 880 Cir-

309 907 615 952 cumcelliones
630 917 793 952 vestros
807 907 1061 952 clericorum
1079 916 1320 951 vestrorum
1339 906 1542 951 satellites
1562 907 1700 951 omni-

308 978 389 1022 bus
413 987 530 1032 nota,
550 978 877 1036 comprimenda
895 976 981 1021 fuit
995 977 1180 1035 legibus,
1202 992 1299 1035 quae
1321 985 1472 1020 contra
1494 991 1571 1021 vos
1598 975 1698 1020 latae
1722 1027 1730 1033 ²

307 1037 425 1097 sunt,
449 1057 490 1090 et
508 1046 700 1106 quodam
715 1047 848 1091 modo
863 1046 1109 1104 colliganda
1136 1064 1144 1089 :
1167 1046 1297 1090 simul
1320 1054 1370 1090 ut
1391 1046 1435 1090 in
1448 1062 1538 1106 quo
1554 1045 1699 1090 essetis

307 1133 465 1172 errore,
478 1127 520 1161 et
537 1133 626 1178 quo
643 1118 868 1177 sacrilegio
883 1126 1033 1162 contra
1052 1117 1266 1161 unitatem
1286 1132 1524 1178 pacemque
1538 1116 1699 1163 Christi

306 1189 601 1245 videremini²,
626 1190 779 1234 saltem
793 1190 886 1249 ipso
907 1199 1070 1233 terrore
1092 1190 1346 1234 commoniti
1361 1190 1551 1248 cogitare
1567 1198 1698 1249 atque

305 1262 538 1305 emendare
554 1261 721 1305 velletis
749 1281 757 1306 :
783 1262 893 1306 sicut
915 1261 1154 1305 terroribus
1170 1262 1317 1305 vestris
1334 1255 1411 1320 per
1433 1269 1696 1320 potestatum

303 1333 576 1377 saecularium
603 1332 815 1392 jussiones
844 1333 1047 1391 exagitati
1072 1331 1316 1376 Felicianus
1341 1341 1384 1376 et
1414 1335 1697 1376 Praetextatus

300 1402 437 1462 (quod
459 1402 590 1447 corde
613 1403 798 1446 nimium
812 1402 923 1446 duro
947 1411 990 1446 et
1013 1402 1334 1461 perversissimo
1350 1401 1516 1447 Salvius
1535 1401 1697 1459 noluit)

301 1473 483 1517 schisma
506 1474 626 1533 quod
643 1489 666 1517 a
686 1474 809 1518 vobis
832 1472 1041 1528 fecerant,
1062 1482 1360 1527 correxerunt,
1382 1481 1424 1517 et
1442 1473 1496 1517 ad
1509 1482 1694 1518 vestram

302 1545 654 1588 communionem
694 1544 1034 1603 societatemque
1073 1543 1309 1588 redierunt.
1352 1546 1509 1588 Totum
1548 1552 1695 1588 autem

301 1615 605 1673 corrigeretur,
631 1615 664 1658 si
693 1615 748 1658 ad
781 1614 970 1659 radicem
1001 1613 1269 1658 catholicam
1292 1629 1315 1658 a
1336 1614 1458 1659 vobis
1490 1613 1694 1659 omnibus

302 1684 530 1728 rediretur.
557 1685 783 1745 Quidquid
808 1701 911 1729 vero
942 1684 1106 1730 factum
1142 1694 1205 1731 est
1227 1684 1432 1730 adversus
1452 1700 1548 1741 vos,
1573 1683 1694 1745 quod

301 1763 692 1813 temperamentum
716 1755 961 1799 christianas
983 1755 1227 1800 dilectionis
1240 1756 1481 1811 excederet,
1500 1766 1586 1800 tam
1601 1770 1691 1800 non

300 1834 363 1868 est
385 1825 692 1884 imputandum
710 1824 935 1869 catholicae
952 1824 1172 1880 Ecclesiae,
1194 1841 1326 1886 quam
1345 1841 1426 1871 nec
1442 1825 1553 1870 illud
1570 1822 1692 1886 quod

302 1896 444 1941 Salvio
467 1895 663 1940 fecerunt
681 1895 971 1952 Abitinenses,
990 1897 1207 1942 Primiano
1222 1897 1291 1942 vel
1308 1899 1525 1943 Restituto
1542 1897 1690 1957 impu-

300 1975 496 2010 taverim.
1068 2009 1070 2011 ,

359 2039 498 2081 LXII.
534 2037 663 2090 Quod
686 2052 788 2082 vero
810 2046 907 2096 post
926 2046 1199 2096 exaggeratas
1221 2038 1556 2097 persecutiones,
1582 2052 1689 2097 quas

298 2118 466 2168 partem
494 2109 646 2152 Donati
672 2123 915 2168 perpessam
941 2108 1071 2153 fuisse
1095 2108 1262 2163 dixisti,
1293 2118 1334 2152 et
1368 2118 1509 2154 totum
1543 2119 1688 2154 tacens

298 2178 418 2238 quod
440 2178 656 2238 praecessit
677 2195 702 2223 a
724 2179 889 2232 vestris,
925 2187 968 2222 et
997 2178 1130 2223 multa
1153 2178 1302 2224 dicens
1333 2195 1433 2239 quae
1466 2194 1556 2224 non
1583 2194 1687 2239 pro-

298 2249 460 2294 bantur
491 2249 537 2293 in
565 2250 741 2304 nostris,
774 2249 829 2293 de
858 2248 1037 2293 Psalmis
1073 2250 1367 2294 testimonium
1396 2249 1616 2310 subjecisti
1642 2258 1686 2294 et

297 2318 456 2374 dixisti,
486 2340 503 2361 «
526 2323 682 2366 Nonne
699 2319 753 2363 de
770 2320 819 2364 iis
841 2320 918 2379 qui
937 2319 1037 2363 talia
1061 2317 1227 2364 faciunt
1255 2320 1421 2364 dictum
1444 2329 1522 2374 est,
1551 2338 1570 2362 «
1596 2321 1687 2363 Ve-

299 2410 320 2434 »
345 2392 459 2436 loces
478 2391 608 2451 pedes
627 2406 778 2436 eorum
801 2390 857 2435 ad
881 2389 1198 2434 effundendum
1214 2392 1484 2449 sauguinem,
1504 2400 1548 2435 et
1568 2391 1683 2435 viam

297 2479 318 2503 »
344 2464 458 2522 pacis
479 2478 568 2507 non
586 2464 940 2522 cognoverunt2?
966 2481 985 2504 »
1008 2463 1112 2506 Haec
1137 2463 1228 2521 ipsa
1250 2472 1293 2507 et
1314 2462 1396 2507 alia
1424 2461 1563 2506 multo
1582 2461 1677 2507 lon-

293 2546 432 2591 geque
453 2533 660 2591 graviora,
696 2532 771 2578 illo
799 2532 1021 2591 Bagaiensi
1043 2531 1228 2578 concilio
1251 2532 1440 2593 episcopi
1467 2532 1600 2578 vestri
1629 2531 1677 2577 in

343 2622 353 2637 ¹
374 2615 480 2650 Forte
493 2616 725 2651 divideremini.
739 2622 800 2641 -2
820 2615 903 2650 Psal.
922 2626 990 2658 xm,
1014 2616 1046 2649 3.
