1825 3264
372 242 454 280 202
805 247 838 276 s.
876 247 1108 276 mous-nm
1142 247 1323 275 ammom

374 335 394 358 n
420 317 737 360 incrementum
760 311 921 358 dedit1.
950 331 971 355 »
999 312 1105 373 quid
1123 311 1242 356 aliud
1259 311 1388 367 dixit,
1414 312 1494 356 nisi
1516 326 1598 371 ego
1611 312 1759 357 homi-

370 401 472 431 nem
503 387 548 430 in
577 385 749 430 Christo
779 386 1141 430 catechumenum
1170 382 1252 427 feci
1278 402 1287 428 :
1318 381 1477 442 Apollo
1498 382 1757 443 baptizavit,

370 460 485 500 Deus
507 456 628 516 quod
649 455 829 500 fecimus
850 455 1155 500 confirmavit?
1181 474 1199 494 »
1230 457 1369 507 Quare
1394 467 1498 512 ergo
1526 468 1614 498 non
1635 452 1760 498 addi-

370 525 434 571 dit
458 526 693 571 Petilianus
710 525 830 585 quod
847 525 1080 585 Apostolus
1094 523 1276 578 addidit,
1295 533 1337 568 et
1356 538 1435 582 ego
1449 524 1633 568 maxime
1648 539 1765 568 com-

370 596 590 651 mendavi,
613 605 663 640 ut
679 598 804 641 etiam
823 597 905 641 hoc
920 595 1045 639 nobis
1062 604 1294 655 exponeret
1313 614 1322 639 :
1351 613 1368 635 α
1385 597 1538 654 Neque
1552 595 1626 654 qui
1642 594 1766 654 plan-

375 686 396 709 »
420 676 482 711 tat
510 676 573 712 est
598 665 763 727 aliquid
779 701 789 721 ‚
815 682 958 726 neque
980 666 1055 726 qui
1081 665 1191 724 rigat
1207 700 1218 720 ‚
1252 664 1329 709 sed
1349 665 1423 724 qui
1448 665 1765 709 incrementum

377 756 397 779 »
421 737 496 782 dat
519 739 655 782 Deus?
678 756 698 778 »
723 737 852 791 Quod
878 737 910 781 si
943 735 1048 780 velit
1075 751 1291 795 exponere
1316 736 1559 780 secundum
1588 750 1637 779 ea
1666 749 1768 795 quae

373 823 503 866 supra
522 808 666 867 posuit
683 843 693 862 ,
718 808 810 852 sine
837 807 974 851 dubio
996 806 1215 866 sequitur,
1241 815 1290 850 ut
1311 821 1456 866 neque
1477 806 1552 865 qui
1576 805 1770 865 baptizat

373 877 537 938 aliquid
558 879 627 933 sit,
653 879 729 923 sed
759 882 871 923 Deus
897 878 970 937 qui
990 877 1310 922 incrementum
1329 876 1420 921 dat.
1445 876 1563 930 Quid
1585 877 1699 920 enim
1714 875 1771 920 ad

374 964 465 993 rem
489 965 607 993 nunc
633 950 820 1009 pertinet
842 947 1066 1008 quomodo
1090 946 1257 992 dietum
1274 948 1327 991 sit
1349 966 1357 992 :
1386 966 1406 989 «
1430 950 1525 1006 Ego
1547 946 1764 1006 plantavi,

377 1038 399 1061 »
425 1020 584 1079 Apollo
607 1021 764 1079 rigavit
785 1039 792 1064 ε
820 1038 840 1061 »
868 1029 1015 1063 utrum
1038 1034 1186 1063 revera
1208 1020 1268 1063 ita
1286 1019 1591 1078 accipiendum
1606 1019 1661 1062 sit
1674 1027 1772 1062 tan-

373 1106 506 1150 quam
533 1091 689 1135 dixerit
717 1110 726 1135 ;
757 1110 775 1131 «
797 1093 889 1147 Ego
916 1090 1280 1133 catechumenum
1310 1088 1420 1144 feci,
1443 1087 1601 1148 Apollo
1626 1088 1772 1148 bapti-

374 1162 482 1205 zavit
503 1180 511 1206 :
536 1177 590 1204 an
613 1161 667 1204 sit
688 1160 795 1204 alius
811 1161 952 1205 verior
971 1170 1012 1205 et
1030 1160 1341 1219 congruentior
1356 1159 1636 1205 intellectus?
1658 1161 1773 1204 Ecce

373 1233 548 1277 interim
572 1231 813 1276 secundum
836 1232 970 1291 ipsius
993 1228 1311 1291 expositionem
1329 1266 1339 1285 ‚
1373 1246 1517 1290 neque
1544 1231 1621 1291 qui
1653 1239 1772 1275 cate-

374 1304 640 1348 chumenum
660 1303 793 1357 facit,
817 1318 961 1362 neque
977 1304 1054 1362 qui
1072 1303 1263 1361 baptizat
1286 1311 1350 1347 est
1376 1301 1542 1362 aliquid
1559 1337 1570 1356 ‚
1600 1300 1675 1345 sed
1697 1302 1773 1360 qui

374 1374 691 1416 incrementum
716 1373 791 1417 dat
811 1376 938 1417 Deus.
965 1373 1156 1418 Multum
1178 1382 1324 1417 autem
1342 1375 1521 1417 interest
1535 1372 1649 1416 inter
1667 1386 1774 1415 con-

375 1444 547 1489 firmare
570 1443 691 1503 quod
713 1443 822 1488 alius
851 1443 981 1499 facit,
1021 1453 1064 1488 et
1091 1438 1248 1489 facere.
1281 1444 1367 1497 Qui
1389 1443 1506 1487 enim
1531 1442 1608 1487 dat
1631 1442 1774 1486 incre-

376 1524 598 1569 mentum⁷
617 1530 706 1559 non
720 1515 920 1559 arborem
936 1514 1004 1560 vel
1023 1515 1154 1560 vitem
1173 1516 1419 1569 confirmat,
1444 1514 1520 1558 sed
1541 1521 1672 1558 creat.
1692 1512 1774 1558 Illo

377 1587 538 1645 quippe
562 1586 834 1629 incremento
858 1586 906 1629 fit
926 1621 936 1640 ‚
969 1595 1018 1630 ut
1039 1586 1169 1630 etiam
1193 1585 1361 1644 lignum
1383 1584 1628 1646 plantatum
1654 1584 1774 1628 radi-

376 1670 469 1699 cem
498 1655 710 1714 producat
731 1665 774 1699 et
798 1657 899 1714 figat
929 1675 937 1701 :
963 1655 1040 1700 illo
1057 1657 1327 1700 incremento
1347 1656 1422 1711 fit,
1447 1664 1498 1700 ut
1522 1669 1670 1699 semen
1685 1657 1776 1715 jac·

378 1734 471 1769 tum
493 1741 669 1784 germen
699 1727 882 1770 emittat.
920 1727 1003 1772 Sed
1031 1727 1139 1786 quid
1160 1728 1262 1771 hinc
1291 1726 1456 1771 diutius
1488 1726 1775 1770 disseramus?

382 1796 552 1841 Sufficit
573 1797 692 1855 quod
715 1796 955 1841 secundum
974 1797 1133 1856 ipsum,
1158 1812 1302 1857 neque
1320 1798 1395 1857 qui
1412 1796 1775 1841 catechumenum

378 1866 510 1921 facit,
536 1882 679 1926 neque
697 1868 772 1927 qui
795 1868 1002 1926 baptizat,
1029 1867 1195 1927 aliquid
1218 1876 1307 1921 est,
1333 1866 1408 1911 sed
1430 1867 1507 1926 qui
1528 1867 1774 1910 incremen-

380 1946 473 1981 tum
496 1938 570 1981 dat
597 1941 725 1982 Deus.
762 1939 948 1991 Quando
977 1948 1121 1983 autem
1148 1940 1228 1983 hoc
1254 1938 1418 1983 diceret
1441 1937 1701 1991 Petilianus‚
1726 1944 1776 1980 ut

380 2023 481 2052 eum
516 2007 660 2052 dicere
693 2009 1034 2067 intelligeremus
1065 2028 1075 2055 :
1101 2011 1252 2069 Neque
1280 2012 1474 2053 Donatus
1500 2005 1775 2065 Carthaginis

381 2087 443 2122 est
467 2078 658 2138 aliquid,
683 2095 826 2138 neque
849 2081 1104 2134 Januarius,
1130 2095 1272 2140 neque
1302 2078 1567 2124 Petilianus?
1588 2075 1776 2131 Quando

383 2149 463 2192 hoc
483 2158 629 2193 tumor
657 2149 730 2193 ille
748 2159 992 2209 pateretur,
1018 2166 1107 2210 quo
1134 2166 1179 2194 se
1198 2159 1325 2209 putat
1345 2151 1477 2195 homo
1494 2148 1662 2209 aliquid
1684 2161 1774 2192 esse

381 2234 480 2263 curn
502 2219 609 2263 nihil
627 2220 697 2274 sit,
723 2230 764 2264 et
786 2236 830 2264 se
852 2221 993 2279 ipsum
1011 2220 1241 2265 seducit¹P

442 2292 599 2334 LXVI.
637 2290 835 2350 Denique
863 2291 990 2334 etiam
1029 2291 1161 2349 paulo
1181 2300 1279 2351 post
1309 2305 1411 2335 cum
1435 2290 1703 2343 institueret,
1733 2297 1778 2332 et

382 2360 628 2404 intenderet
650 2371 860 2422 tanquam
878 2377 927 2406 ea
941 2362 1074 2406 verba
1097 2362 1311 2421 Apostoli,
1337 2376 1438 2422 quae
1454 2376 1533 2406 nos
1553 2361 1777 2420 objecera-

384 2445 503 2484 mus,
526 2432 683 2476 iterum
708 2441 965 2487 retractare,
995 2431 1138 2477 noluit
1160 2433 1253 2477 haec
1284 2447 1445 2492 ponere
1466 2447 1565 2492 quae
1584 2430 1776 2475 dixeram

386 2514 467 2557 ego
483 2535 493 2554 ‚
518 2502 594 2545 sed
618 2501 699 2545 alia
721 2502 766 2545 in
783 2502 945 2561 quibus
965 2512 1108 2562 posset
1129 2511 1371 2562 utcumque
1394 2503 1585 2547 humana
1606 2501 1775 2545 inflatio

439 2593 444 2606 ¹
472 2596 480 2616 ι
508 2586 580 2616 Cor.
601 2597 650 2625 ιιι,
668 2586 701 2618 6.
720 2603 759 2610 -
776 2594 787 2610 ²
807 2587 874 2619 Gal.
897 2599 943 2625 Vl,
965 2588 993 2619 3.
