<?xml version="1.0" encoding="UTF-8"?>
<!DOCTYPE html PUBLIC "-//W3C//DTD XHTML 1.0 Transitional//EN"
    "http://www.w3.org/TR/xhtml1/DTD/xhtml1-transitional.dtd">
<html xmlns="http://www.w3.org/1999/xhtml" xml:lang="en" lang="en">
 <head>
  <title>
</title>
<meta http-equiv="Content-Type" content="text/html;charset=utf-8" />
  <meta name='ocr-system' content='tesseract 3.04.00' />
  <meta name='ocr-capabilities' content='ocr_page ocr_carea ocr_par ocr_line ocrx_word'/>
</head>
<body>
  <div class='ocr_page' id='page_1' title='image "./operaomniaaccura32auguuoft_0522.png"; bbox 0 0 1825 3264; ppageno 0'>
   <div class='ocr_carea' id='block_1_1' title="bbox 290 239 1238 274">
    <p class='ocr_par' dir='ltr' id='par_1_1' title="bbox 290 239 1238 274">
     <span class='ocr_line' id='line_1_1' title="bbox 290 239 1238 274; baseline -0.005 0"><span class='ocrx_word' id='word_1_1' title='bbox 290 239 370 274; x_wconf 63' lang='lat'>2212</span> <span class='ocrx_word' id='word_1_2' title='bbox 726 250 758 272; x_wconf 76' lang='lat' dir='ltr'>s.</span> <span class='ocrx_word' id='word_1_3' title='bbox 796 242 1026 272; x_wconf 70' lang='lat' dir='ltr'>Aucus-um</span> <span class='ocrx_word' id='word_1_4' title='bbox 1059 242 1238 271; x_wconf 71' lang='lat' dir='ltr'>EPlsCOPI</span> 
     </span>
    </p>
   </div>
   <div class='ocr_carea' id='block_1_2' title="bbox 284 307 1678 2487">
    <p class='ocr_par' dir='ltr' id='par_1_2' title="bbox 286 307 1672 585">
     <span class='ocr_line' id='line_1_2' title="bbox 287 307 1670 368; baseline -0.007 -9"><span class='ocrx_word' id='word_1_5' title='bbox 287 329 386 359; x_wconf 88' lang='lat' dir='ltr'>suos</span> <span class='ocrx_word' id='word_1_6' title='bbox 408 311 477 356; x_wconf 92' lang='lat' dir='ltr'>vel</span> <span class='ocrx_word' id='word_1_7' title='bbox 495 311 692 368; x_wconf 86' lang='lat' dir='ltr'>martyris</span> <span class='ocrx_word' id='word_1_8' title='bbox 703 310 772 356; x_wconf 90' lang='lat' dir='ltr'>vel</span> <span class='ocrx_word' id='word_1_9' title='bbox 783 309 1038 355; x_wconf 88' lang='lat' dir='ltr'>confessoris</span> <span class='ocrx_word' id='word_1_10' title='bbox 1055 307 1269 362; x_wconf 84' lang='lat' dir='ltr'>ostendat,</span> <span class='ocrx_word' id='word_1_11' title='bbox 1287 307 1362 367; x_wconf 87' lang='lat' dir='ltr'>qui</span> <span class='ocrx_word' id='word_1_12' title='bbox 1386 315 1670 367; x_wconf 82' lang='lat' dir='ltr'>persequente</span> 
     </span>
     <span class='ocr_line' id='line_1_3' title="bbox 288 377 1671 441; baseline -0.006 -13"><span class='ocrx_word' id='word_1_13' title='bbox 288 384 506 428; x_wconf 88' lang='lat' dir='ltr'>Restituto</span> <span class='ocrx_word' id='word_1_14' title='bbox 525 383 621 427; x_wconf 86' lang='lat' dir='ltr'>haec</span> <span class='ocrx_word' id='word_1_15' title='bbox 647 382 808 426; x_wconf 89' lang='lat' dir='ltr'>meruit</span> <span class='ocrx_word' id='word_1_16' title='bbox 828 397 851 425; x_wconf 88' lang='lat' dir='ltr'>a</span> <span class='ocrx_word' id='word_1_17' title='bbox 869 380 1126 441; x_wconf 82' lang='lat' dir='ltr'>proconsule</span> <span class='ocrx_word' id='word_1_18' title='bbox 1156 377 1330 424; x_wconf 88' lang='lat' dir='ltr'>audire:</span> <span class='ocrx_word' id='word_1_19' title='bbox 1352 386 1396 422; x_wconf 91' lang='lat' dir='ltr'>et</span> <span class='ocrx_word' id='word_1_20' title='bbox 1416 386 1559 422; x_wconf 86' lang='lat' dir='ltr'>tamen</span> <span class='ocrx_word' id='word_1_21' title='bbox 1581 391 1671 422; x_wconf 87' lang='lat' dir='ltr'>non</span> 
     </span>
     <span class='ocr_line' id='line_1_4' title="bbox 286 449 1672 509; baseline -0.006 -9"><span class='ocrx_word' id='word_1_22' title='bbox 286 454 427 500; x_wconf 90' lang='lat' dir='ltr'>solum</span> <span class='ocrx_word' id='word_1_23' title='bbox 449 453 692 499; x_wconf 90' lang='lat' dir='ltr'>secundum</span> <span class='ocrx_word' id='word_1_24' title='bbox 713 468 792 499; x_wconf 91' lang='lat' dir='ltr'>nos</span> <span class='ocrx_word' id='word_1_25' title='bbox 809 489 821 509; x_wconf 90' lang='lat'>‚</span> <span class='ocrx_word' id='word_1_26' title='bbox 846 453 1130 498; x_wconf 85' lang='lat' dir='ltr'>verumetiam</span> <span class='ocrx_word' id='word_1_27' title='bbox 1153 449 1392 496; x_wconf 90' lang='lat' dir='ltr'>secundum</span> <span class='ocrx_word' id='word_1_28' title='bbox 1415 465 1490 494; x_wconf 91' lang='lat' dir='ltr'>vos</span> <span class='ocrx_word' id='word_1_29' title='bbox 1515 449 1672 509; x_wconf 87' lang='lat' dir='ltr'>impius</span> 
     </span>
     <span class='ocr_line' id='line_1_5' title="bbox 286 523 839 585; baseline -0.004 -15"><span class='ocrx_word' id='word_1_30' title='bbox 286 535 329 570; x_wconf 89' lang='lat' dir='ltr'>ct</span> <span class='ocrx_word' id='word_1_31' title='bbox 349 523 580 584; x_wconf 86' lang='lat' dir='ltr'>sacrilegus</span> <span class='ocrx_word' id='word_1_32' title='bbox 603 524 839 585; x_wconf 88' lang='lat' dir='ltr'>judicatur.</span> 
     </span>
    </p>

    <p class='ocr_par' dir='ltr' id='par_1_3' title="bbox 285 590 1678 2261">
     <span class='ocr_line' id='line_1_6' title="bbox 346 590 1672 655; baseline -0.005 -15"><span class='ocrx_word' id='word_1_33' title='bbox 346 598 462 640; x_wconf 88' lang='lat' dir='ltr'><strong>LIX.</strong></span> <span class='ocrx_word' id='word_1_34' title='bbox 497 597 595 640; x_wconf 89' lang='lat' dir='ltr'>Jam</span> <span class='ocrx_word' id='word_1_35' title='bbox 614 610 718 640; x_wconf 87' lang='lat' dir='ltr'>vero</span> <span class='ocrx_word' id='word_1_36' title='bbox 734 603 1017 655; x_wconf 81' lang='lat' dir='ltr'><strong>posteaquam</strong></span> <span class='ocrx_word' id='word_1_37' title='bbox 1050 592 1263 637; x_wconf 85' lang='lat' dir='ltr'>sententia</span> <span class='ocrx_word' id='word_1_38' title='bbox 1281 590 1553 651; x_wconf 83' lang='lat' dir='ltr'>proconsulis</span> <span class='ocrx_word' id='word_1_39' title='bbox 1571 590 1672 634; x_wconf 82' lang='lat' dir='ltr'>Abi·</span> 
     </span>
     <span class='ocr_line' id='line_1_7' title="bbox 288 660 1673 726; baseline -0.006 -14"><span class='ocrx_word' id='word_1_40' title='bbox 288 667 529 712; x_wconf 88' lang='lat' dir='ltr'>tinensibus</span> <span class='ocrx_word' id='word_1_41' title='bbox 553 666 736 726; x_wconf 85' lang='lat' dir='ltr'>allegata</span> <span class='ocrx_word' id='word_1_42' title='bbox 757 675 839 721; x_wconf 84' lang='lat' dir='ltr'>est,</span> <span class='ocrx_word' id='word_1_43' title='bbox 860 680 936 725; x_wconf 90' lang='lat' dir='ltr'>per</span> <span class='ocrx_word' id='word_1_44' title='bbox 953 680 1084 724; x_wconf 87' lang='lat' dir='ltr'>quam</span> <span class='ocrx_word' id='word_1_45' title='bbox 1107 664 1325 709; x_wconf 88' lang='lat' dir='ltr'>civitatem</span> <span class='ocrx_word' id='word_1_46' title='bbox 1347 662 1533 707; x_wconf 87' lang='lat' dir='ltr'>vicinam</span> <span class='ocrx_word' id='word_1_47' title='bbox 1552 660 1673 721; x_wconf 86' lang='lat' dir='ltr'>judi-</span> 
     </span>
     <span class='ocr_line' id='line_1_8' title="bbox 287 733 1674 796; baseline -0.005 -14"><span class='ocrx_word' id='word_1_48' title='bbox 287 747 432 782; x_wconf 89' lang='lat' dir='ltr'>catum</span> <span class='ocrx_word' id='word_1_49' title='bbox 461 735 641 796; x_wconf 89' lang='lat' dir='ltr'>implere</span> <span class='ocrx_word' id='word_1_50' title='bbox 670 736 801 781; x_wconf 85' lang='lat' dir='ltr'>vestri</span> <span class='ocrx_word' id='word_1_51' title='bbox 826 744 1103 789; x_wconf 87' lang='lat' dir='ltr'>meruerant,</span> <span class='ocrx_word' id='word_1_52' title='bbox 1142 749 1193 779; x_wconf 89' lang='lat' dir='ltr'>eo</span> <span class='ocrx_word' id='word_1_53' title='bbox 1225 733 1346 794; x_wconf 87' lang='lat' dir='ltr'>quod</span> <span class='ocrx_word' id='word_1_54' title='bbox 1379 748 1490 792; x_wconf 88' lang='lat' dir='ltr'>pene</span> <span class='ocrx_word' id='word_1_55' title='bbox 1525 746 1674 776; x_wconf 89' lang='lat' dir='ltr'>omnes</span> 
     </span>
     <span class='ocr_line' id='line_1_9' title="bbox 288 803 1673 866; baseline -0.005 -13"><span class='ocrx_word' id='word_1_56' title='bbox 288 809 612 854; x_wconf 87' lang='lat' dir='ltr'>Membresitani</span> <span class='ocrx_word' id='word_1_57' title='bbox 651 807 841 852; x_wconf 87' lang='lat' dir='ltr'>Salvium</span> <span class='ocrx_word' id='word_1_58' title='bbox 885 806 1151 866; x_wconf 79' lang='lat' dir='ltr'>diligebant,</span> <span class='ocrx_word' id='word_1_59' title='bbox 1192 822 1290 865; x_wconf 83' lang='lat' dir='ltr'>quae</span> <span class='ocrx_word' id='word_1_60' title='bbox 1327 804 1510 848; x_wconf 85' lang='lat' dir='ltr'>fecerint</span> <span class='ocrx_word' id='word_1_61' title='bbox 1543 803 1673 847; x_wconf 89' lang='lat' dir='ltr'>iidem</span> 
     </span>
     <span class='ocr_line' id='line_1_10' title="bbox 288 874 1674 936; baseline -0.005 -13"><span class='ocrx_word' id='word_1_62' title='bbox 288 879 561 924; x_wconf 83' lang='lat' dir='ltr'>Abitinenses</span> <span class='ocrx_word' id='word_1_63' title='bbox 575 879 741 922; x_wconf 91' lang='lat' dir='ltr'>homini</span> <span class='ocrx_word' id='word_1_64' title='bbox 759 886 886 922; x_wconf 83' lang='lat' dir='ltr'>aetate</span> <span class='ocrx_word' id='word_1_65' title='bbox 905 877 1168 936; x_wconf 85' lang='lat' dir='ltr'>gravissimo,</span> <span class='ocrx_word' id='word_1_66' title='bbox 1188 876 1309 935; x_wconf 83' lang='lat' dir='ltr'>piget</span> <span class='ocrx_word' id='word_1_67' title='bbox 1343 874 1510 919; x_wconf 83' lang='lat' dir='ltr'>dicere¹</span> <span class='ocrx_word' id='word_1_68' title='bbox 1539 893 1547 918; x_wconf 91' lang='lat'>:</span> <span class='ocrx_word' id='word_1_69' title='bbox 1572 874 1674 933; x_wconf 87' lang='lat' dir='ltr'>quia</span> 
     </span>
     <span class='ocr_line' id='line_1_11' title="bbox 287 945 1676 1008; baseline -0.004 -15"><span class='ocrx_word' id='word_1_70' title='bbox 287 964 337 993; x_wconf 86' lang='lat' dir='ltr'>ea</span> <span class='ocrx_word' id='word_1_71' title='bbox 358 965 448 993; x_wconf 88' lang='lat' dir='ltr'>non</span> <span class='ocrx_word' id='word_1_72' title='bbox 463 947 581 1008; x_wconf 89' lang='lat' dir='ltr'>apud</span> <span class='ocrx_word' id='word_1_73' title='bbox 604 957 698 992; x_wconf 89' lang='lat' dir='ltr'>acta</span> <span class='ocrx_word' id='word_1_74' title='bbox 721 947 932 1001; x_wconf 78' lang='lat' dir='ltr'>fecerunt,</span> <span class='ocrx_word' id='word_1_75' title='bbox 954 946 1030 991; x_wconf 91' lang='lat' dir='ltr'>sed</span> <span class='ocrx_word' id='word_1_76' title='bbox 1055 956 1142 990; x_wconf 90' lang='lat' dir='ltr'>tam</span> <span class='ocrx_word' id='word_1_77' title='bbox 1166 946 1331 989; x_wconf 86' lang='lat' dir='ltr'>recenti</span> <span class='ocrx_word' id='word_1_78' title='bbox 1353 945 1560 988; x_wconf 89' lang='lat' dir='ltr'>memoria</span> <span class='ocrx_word' id='word_1_79' title='bbox 1575 958 1676 988; x_wconf 90' lang='lat' dir='ltr'>cum</span> 
     </span>
     <span class='ocr_line' id='line_1_12' title="bbox 289 1016 1673 1077; baseline -0.003 -13"><span class='ocrx_word' id='word_1_80' title='bbox 289 1020 490 1064; x_wconf 87' lang='lat' dir='ltr'>omnibus</span> <span class='ocrx_word' id='word_1_81' title='bbox 511 1020 784 1064; x_wconf 85' lang='lat' dir='ltr'>documentis</span> <span class='ocrx_word' id='word_1_82' title='bbox 805 1019 858 1062; x_wconf 85' lang='lat' dir='ltr'>sit</span> <span class='ocrx_word' id='word_1_83' title='bbox 878 1018 1031 1062; x_wconf 87' lang='lat' dir='ltr'>clarior</span> <span class='ocrx_word' id='word_1_84' title='bbox 1053 1018 1143 1077; x_wconf 87' lang='lat' dir='ltr'>ipsa</span> <span class='ocrx_word' id='word_1_85' title='bbox 1169 1016 1409 1061; x_wconf 73' lang='lat' dir='ltr'>testificatio</span> <span class='ocrx_word' id='word_1_86' title='bbox 1431 1016 1673 1071; x_wconf 81' lang='lat' dir='ltr'>civitatum,</span> 
     </span>
     <span class='ocr_line' id='line_1_13' title="bbox 288 1087 1672 1147; baseline -0.004 -14"><span class='ocrx_word' id='word_1_87' title='bbox 288 1089 476 1133; x_wconf 88' lang='lat' dir='ltr'>breviter</span> <span class='ocrx_word' id='word_1_88' title='bbox 493 1089 720 1147; x_wconf 79' lang='lat' dir='ltr'>attingam,</span> <span class='ocrx_word' id='word_1_89' title='bbox 745 1087 866 1147; x_wconf 86' lang='lat' dir='ltr'>quod</span> <span class='ocrx_word' id='word_1_90' title='bbox 883 1087 995 1141; x_wconf 83' lang='lat' dir='ltr'>illic,</span> <span class='ocrx_word' id='word_1_91' title='bbox 1014 1102 1114 1131; x_wconf 90' lang='lat' dir='ltr'>cum</span> <span class='ocrx_word' id='word_1_92' title='bbox 1138 1087 1409 1144; x_wconf 64' lang='lat' dir='ltr'>iteragerem</span> <span class='ocrx_word' id='word_1_93' title='bbox 1426 1121 1437 1141; x_wconf 84' lang='lat'>,</span> <span class='ocrx_word' id='word_1_94' title='bbox 1467 1087 1672 1145; x_wconf 89' lang='lat' dir='ltr'>comperi.</span> 
     </span>
     <span class='ocr_line' id='line_1_14' title="bbox 287 1159 1678 1219; baseline -0.002 -15"><span class='ocrx_word' id='word_1_95' title='bbox 287 1161 397 1204; x_wconf 87' lang='lat' dir='ltr'>Nam</span> <span class='ocrx_word' id='word_1_96' title='bbox 415 1160 518 1219; x_wconf 87' lang='lat' dir='ltr'>quia</span> <span class='ocrx_word' id='word_1_97' title='bbox 535 1160 593 1203; x_wconf 90' lang='lat' dir='ltr'>eis</span> <span class='ocrx_word' id='word_1_98' title='bbox 618 1175 697 1218; x_wconf 91' lang='lat' dir='ltr'>pro</span> <span class='ocrx_word' id='word_1_99' title='bbox 713 1159 1001 1203; x_wconf 81' lang='lat' dir='ltr'>defendendis</span> <span class='ocrx_word' id='word_1_100' title='bbox 1019 1174 1070 1202; x_wconf 84' lang='lat' dir='ltr'>ex</span> <span class='ocrx_word' id='word_1_101' title='bbox 1092 1167 1447 1218; x_wconf 86' lang='lat' dir='ltr'>quantacumque</span> <span class='ocrx_word' id='word_1_102' title='bbox 1468 1166 1589 1217; x_wconf 88' lang='lat' dir='ltr'>parte</span> <span class='ocrx_word' id='word_1_103' title='bbox 1610 1172 1678 1201; x_wconf 89' lang='lat' dir='ltr'>se-</span> 
     </span>
     <span class='ocr_line' id='line_1_15' title="bbox 289 1229 1677 1290; baseline -0.001 -16"><span class='ocrx_word' id='word_1_104' title='bbox 289 1230 418 1275; x_wconf 91' lang='lat' dir='ltr'>dibus</span> <span class='ocrx_word' id='word_1_105' title='bbox 441 1232 526 1275; x_wconf 87' lang='lat' dir='ltr'>suis</span> <span class='ocrx_word' id='word_1_106' title='bbox 543 1232 671 1274; x_wconf 86' lang='lat' dir='ltr'>etiam</span> <span class='ocrx_word' id='word_1_107' title='bbox 687 1239 784 1290; x_wconf 89' lang='lat' dir='ltr'>post</span> <span class='ocrx_word' id='word_1_108' title='bbox 802 1230 1071 1290; x_wconf 85' lang='lat' dir='ltr'>proconsulis</span> <span class='ocrx_word' id='word_1_109' title='bbox 1086 1230 1332 1290; x_wconf 85' lang='lat' dir='ltr'>judicatum</span> <span class='ocrx_word' id='word_1_110' title='bbox 1354 1231 1496 1274; x_wconf 83' lang='lat' dir='ltr'>turbae</span> <span class='ocrx_word' id='word_1_111' title='bbox 1515 1229 1595 1273; x_wconf 89' lang='lat' dir='ltr'>sibi</span> <span class='ocrx_word' id='word_1_112' title='bbox 1611 1229 1677 1273; x_wconf 70' lang='lat' dir='ltr'>fa«</span> 
     </span>
     <span class='ocr_line' id='line_1_16' title="bbox 289 1299 1674 1360; baseline -0.001 -16"><span class='ocrx_word' id='word_1_113' title='bbox 289 1301 428 1345; x_wconf 92' lang='lat' dir='ltr'>ventis</span> <span class='ocrx_word' id='word_1_114' title='bbox 460 1299 619 1345; x_wconf 85' lang='lat' dir='ltr'>fiducia</span> <span class='ocrx_word' id='word_1_115' title='bbox 653 1301 820 1346; x_wconf 85' lang='lat' dir='ltr'>Salvius</span> <span class='ocrx_word' id='word_1_116' title='bbox 855 1316 1094 1360; x_wconf 87' lang='lat' dir='ltr'>repugnare</span> <span class='ocrx_word' id='word_1_117' title='bbox 1132 1310 1400 1356; x_wconf 81' lang='lat' dir='ltr'>tentaverat,</span> <span class='ocrx_word' id='word_1_118' title='bbox 1431 1301 1569 1345; x_wconf 88' lang='lat' dir='ltr'>victus</span> <span class='ocrx_word' id='word_1_119' title='bbox 1597 1299 1674 1343; x_wconf 85' lang='lat' dir='ltr'>ali·</span> 
     </span>
     <span class='ocr_line' id='line_1_17' title="bbox 289 1370 1669 1431; baseline -0.002 -15"><span class='ocrx_word' id='word_1_120' title='bbox 289 1372 467 1431; x_wconf 88' lang='lat' dir='ltr'>quando</span> <span class='ocrx_word' id='word_1_121' title='bbox 487 1373 824 1431; x_wconf 87' lang='lat' dir='ltr'>comprehensus</span> <span class='ocrx_word' id='word_1_122' title='bbox 839 1381 916 1425; x_wconf 82' lang='lat' dir='ltr'>est,</span> <span class='ocrx_word' id='word_1_123' title='bbox 939 1387 1027 1415; x_wconf 87' lang='lat' dir='ltr'>non</span> <span class='ocrx_word' id='word_1_124' title='bbox 1039 1373 1128 1431; x_wconf 85' lang='lat' dir='ltr'>jam</span> <span class='ocrx_word' id='word_1_125' title='bbox 1148 1370 1374 1416; x_wconf 87' lang='lat' dir='ltr'>ducendus</span> <span class='ocrx_word' id='word_1_126' title='bbox 1391 1371 1447 1415; x_wconf 87' lang='lat' dir='ltr'>ad</span> <span class='ocrx_word' id='word_1_127' title='bbox 1459 1370 1669 1430; x_wconf 88' lang='lat' dir='ltr'>judicem,</span> 
     </span>
     <span class='ocr_line' id='line_1_18' title="bbox 289 1439 1674 1501; baseline -0.001 -16"><span class='ocrx_word' id='word_1_128' title='bbox 289 1441 365 1486; x_wconf 92' lang='lat' dir='ltr'>ubi</span> <span class='ocrx_word' id='word_1_129' title='bbox 382 1442 493 1486; x_wconf 88' lang='lat' dir='ltr'>inter</span> <span class='ocrx_word' id='word_1_130' title='bbox 515 1452 657 1501; x_wconf 86' lang='lat' dir='ltr'>partes</span> <span class='ocrx_word' id='word_1_131' title='bbox 678 1442 821 1486; x_wconf 85' lang='lat' dir='ltr'>fuerat</span> <span class='ocrx_word' id='word_1_132' title='bbox 842 1439 1008 1501; x_wconf 85' lang='lat' dir='ltr'>prolata</span> <span class='ocrx_word' id='word_1_133' title='bbox 1031 1442 1259 1496; x_wconf 87' lang='lat' dir='ltr'>sententia,</span> <span class='ocrx_word' id='word_1_134' title='bbox 1280 1440 1354 1486; x_wconf 90' lang='lat' dir='ltr'>sed</span> <span class='ocrx_word' id='word_1_135' title='bbox 1371 1456 1530 1500; x_wconf 87' lang='lat' dir='ltr'>pompa</span> <span class='ocrx_word' id='word_1_136' title='bbox 1546 1441 1674 1484; x_wconf 90' lang='lat' dir='ltr'>mise-</span> 
     </span>
     <span class='ocr_line' id='line_1_19' title="bbox 291 1510 1675 1573; baseline 0 -18"><span class='ocrx_word' id='word_1_137' title='bbox 291 1512 415 1556; x_wconf 87' lang='lat' dir='ltr'>rabili</span> <span class='ocrx_word' id='word_1_138' title='bbox 437 1512 787 1573; x_wconf 87' lang='lat' dir='ltr'>triumphandus.</span> <span class='ocrx_word' id='word_1_139' title='bbox 813 1514 953 1572; x_wconf 90' lang='lat' dir='ltr'>Capto</span> <span class='ocrx_word' id='word_1_140' title='bbox 975 1513 1090 1556; x_wconf 88' lang='lat' dir='ltr'>enim</span> <span class='ocrx_word' id='word_1_141' title='bbox 1112 1513 1219 1566; x_wconf 89' lang='lat' dir='ltr'>seni,</span> <span class='ocrx_word' id='word_1_142' title='bbox 1244 1521 1439 1556; x_wconf 90' lang='lat' dir='ltr'>mortuos</span> <span class='ocrx_word' id='word_1_143' title='bbox 1460 1526 1586 1556; x_wconf 85' lang='lat' dir='ltr'>canes</span> <span class='ocrx_word' id='word_1_144' title='bbox 1610 1510 1675 1555; x_wconf 88' lang='lat' dir='ltr'>al-</span> 
     </span>
     <span class='ocr_line' id='line_1_20' title="bbox 289 1581 1676 1642; baseline 0 -17"><span class='ocrx_word' id='word_1_145' title='bbox 289 1582 533 1641; x_wconf 84' lang='lat' dir='ltr'>ligaverunt</span> <span class='ocrx_word' id='word_1_146' title='bbox 547 1585 590 1627; x_wconf 90' lang='lat' dir='ltr'>in</span> <span class='ocrx_word' id='word_1_147' title='bbox 607 1582 736 1638; x_wconf 92' lang='lat' dir='ltr'>collo,</span> <span class='ocrx_word' id='word_1_148' title='bbox 761 1593 805 1627; x_wconf 88' lang='lat' dir='ltr'>et</span> <span class='ocrx_word' id='word_1_149' title='bbox 821 1584 879 1627; x_wconf 90' lang='lat' dir='ltr'>sic</span> <span class='ocrx_word' id='word_1_150' title='bbox 902 1598 1000 1628; x_wconf 89' lang='lat' dir='ltr'>cum</span> <span class='ocrx_word' id='word_1_151' title='bbox 1022 1582 1097 1627; x_wconf 89' lang='lat' dir='ltr'>illo</span> <span class='ocrx_word' id='word_1_152' title='bbox 1112 1592 1326 1642; x_wconf 86' lang='lat' dir='ltr'>quantum</span> <span class='ocrx_word' id='word_1_153' title='bbox 1345 1581 1474 1626; x_wconf 89' lang='lat' dir='ltr'>libuit</span> <span class='ocrx_word' id='word_1_154' title='bbox 1491 1581 1676 1626; x_wconf 86' lang='lat' dir='ltr'>saltave-</span> 
     </span>
     <span class='ocr_line' id='line_1_21' title="bbox 290 1652 1677 1712; baseline 0 -16"><span class='ocrx_word' id='word_1_155' title='bbox 290 1662 407 1697; x_wconf 90' lang='lat' dir='ltr'>runt.</span> <span class='ocrx_word' id='word_1_156' title='bbox 431 1657 523 1698; x_wconf 88' lang='lat' dir='ltr'>Hoc</span> <span class='ocrx_word' id='word_1_157' title='bbox 555 1655 589 1698; x_wconf 91' lang='lat' dir='ltr'>si</span> <span class='ocrx_word' id='word_1_158' title='bbox 611 1654 767 1698; x_wconf 90' lang='lat' dir='ltr'>vellem</span> <span class='ocrx_word' id='word_1_159' title='bbox 798 1669 1052 1712; x_wconf 81' lang='lat' dir='ltr'>exaggerare</span> <span class='ocrx_word' id='word_1_160' title='bbox 1086 1653 1273 1698; x_wconf 90' lang='lat' dir='ltr'>dicendo</span> <span class='ocrx_word' id='word_1_161' title='bbox 1289 1689 1300 1707; x_wconf 67' lang='lat'>⁷</span> <span class='ocrx_word' id='word_1_162' title='bbox 1326 1669 1471 1697; x_wconf 87' lang='lat' dir='ltr'>nonne</span> <span class='ocrx_word' id='word_1_163' title='bbox 1499 1652 1677 1697; x_wconf 82' lang='lat' dir='ltr'>fortasse</span> 
     </span>
     <span class='ocr_line' id='line_1_22' title="bbox 288 1722 1677 1783; baseline 0.001 -17"><span class='ocrx_word' id='word_1_164' title='bbox 288 1722 402 1766; x_wconf 87' lang='lat' dir='ltr'>hanc</span> <span class='ocrx_word' id='word_1_165' title='bbox 430 1738 606 1781; x_wconf 87' lang='lat' dir='ltr'>poenam</span> <span class='ocrx_word' id='word_1_166' title='bbox 639 1724 708 1767; x_wconf 80' lang='lat' dir='ltr'>vix</span> <span class='ocrx_word' id='word_1_167' title='bbox 737 1724 964 1767; x_wconf 89' lang='lat' dir='ltr'>tormentis</span> <span class='ocrx_word' id='word_1_168' title='bbox 998 1738 1148 1781; x_wconf 84' lang='lat' dir='ltr'>regum</span> <span class='ocrx_word' id='word_1_169' title='bbox 1177 1726 1485 1778; x_wconf 88' lang='lat' dir='ltr'>Etruscorum,</span> <span class='ocrx_word' id='word_1_170' title='bbox 1519 1723 1677 1783; x_wconf 88' lang='lat' dir='ltr'>quibus</span> 
     </span>
     <span class='ocr_line' id='line_1_23' title="bbox 289 1793 1677 1851; baseline 0.001 -15"><span class='ocrx_word' id='word_1_171' title='bbox 289 1800 461 1836; x_wconf 87' lang='lat' dir='ltr'>mortua</span> <span class='ocrx_word' id='word_1_172' title='bbox 487 1794 594 1837; x_wconf 89' lang='lat' dir='ltr'>vivis</span> <span class='ocrx_word' id='word_1_173' title='bbox 622 1807 802 1851; x_wconf 88' lang='lat' dir='ltr'>corpora</span> <span class='ocrx_word' id='word_1_174' title='bbox 827 1793 1154 1851; x_wconf 80' lang='lat' dir='ltr'>conjungebant</span> <span class='ocrx_word' id='word_1_175' title='bbox 1166 1794 1198 1843; x_wconf 74' lang='lat'>2,</span> <span class='ocrx_word' id='word_1_176' title='bbox 1227 1794 1563 1851; x_wconf 84' lang='lat' dir='ltr'>comparandam</span> <span class='ocrx_word' id='word_1_177' title='bbox 1588 1808 1677 1837; x_wconf 89' lang='lat' dir='ltr'>esse</span> 
     </span>
     <span class='ocr_line' id='line_1_24' title="bbox 289 1864 1677 1923; baseline 0.001 -17"><span class='ocrx_word' id='word_1_178' title='bbox 289 1865 602 1908; x_wconf 76' lang='lat' dir='ltr'>monstrarem?</span> <span class='ocrx_word' id='word_1_179' title='bbox 635 1865 790 1909; x_wconf 86' lang='lat' dir='ltr'>Nonne</span> <span class='ocrx_word' id='word_1_180' title='bbox 819 1865 951 1907; x_wconf 87' lang='lat' dir='ltr'>homo</span> <span class='ocrx_word' id='word_1_181' title='bbox 975 1878 1119 1917; x_wconf 77' lang='lat' dir='ltr'>scneX‚</span> <span class='ocrx_word' id='word_1_182' title='bbox 1154 1873 1197 1907; x_wconf 85' lang='lat' dir='ltr'>et</span> <span class='ocrx_word' id='word_1_183' title='bbox 1223 1864 1299 1923; x_wconf 89' lang='lat' dir='ltr'>qui</span> <span class='ocrx_word' id='word_1_184' title='bbox 1328 1864 1477 1907; x_wconf 85' lang='lat' dir='ltr'>haberi</span> <span class='ocrx_word' id='word_1_185' title='bbox 1504 1864 1677 1908; x_wconf 85' lang='lat' dir='ltr'>volebat</span> 
     </span>
     <span class='ocr_line' id='line_1_25' title="bbox 291 1933 1677 1994; baseline 0.001 -17"><span class='ocrx_word' id='word_1_186' title='bbox 291 1933 539 1993; x_wconf 83' lang='lat' dir='ltr'>episcopus,</span> <span class='ocrx_word' id='word_1_187' title='bbox 566 1934 763 1978; x_wconf 89' lang='lat' dir='ltr'>omnium</span> <span class='ocrx_word' id='word_1_188' title='bbox 789 1933 954 1994; x_wconf 85' lang='lat' dir='ltr'>judicio</span> <span class='ocrx_word' id='word_1_189' title='bbox 982 1933 1036 1977; x_wconf 90' lang='lat' dir='ltr'>de</span> <span class='ocrx_word' id='word_1_190' title='bbox 1072 1935 1274 1978; x_wconf 89' lang='lat' dir='ltr'>societate</span> <span class='ocrx_word' id='word_1_191' title='bbox 1312 1934 1510 1978; x_wconf 89' lang='lat' dir='ltr'>vivorum</span> <span class='ocrx_word' id='word_1_192' title='bbox 1546 1943 1677 1993; x_wconf 89' lang='lat' dir='ltr'>atque</span> 
     </span>
     <span class='ocr_line' id='line_1_26' title="bbox 286 2003 1676 2063; baseline 0 -15"><span class='ocrx_word' id='word_1_193' title='bbox 286 2013 562 2048; x_wconf 89' lang='lat' dir='ltr'>mortuorum</span> <span class='ocrx_word' id='word_1_194' title='bbox 580 2003 932 2048; x_wconf 82' lang='lat' dir='ltr'>exterminandus</span> <span class='ocrx_word' id='word_1_195' title='bbox 952 2013 1086 2058; x_wconf 80' lang='lat' dir='ltr'>esset,</span> <span class='ocrx_word' id='word_1_196' title='bbox 1114 2004 1147 2047; x_wconf 89' lang='lat' dir='ltr'>si</span> <span class='ocrx_word' id='word_1_197' title='bbox 1162 2003 1336 2048; x_wconf 90' lang='lat' dir='ltr'>duobus</span> <span class='ocrx_word' id='word_1_198' title='bbox 1353 2004 1431 2047; x_wconf 86' lang='lat' dir='ltr'>sibi</span> <span class='ocrx_word' id='word_1_199' title='bbox 1453 2004 1676 2063; x_wconf 88' lang='lat' dir='ltr'>suppliciis</span> 
     </span>
     <span class='ocr_line' id='line_1_27' title="bbox 286 2074 1673 2134; baseline 0 -15"><span class='ocrx_word' id='word_1_200' title='bbox 286 2076 403 2119; x_wconf 92' lang='lat' dir='ltr'>unde</span> <span class='ocrx_word' id='word_1_201' title='bbox 425 2091 565 2120; x_wconf 90' lang='lat' dir='ltr'>unum</span> <span class='ocrx_word' id='word_1_202' title='bbox 588 2074 866 2119; x_wconf 88' lang='lat' dir='ltr'>subeundum</span> <span class='ocrx_word' id='word_1_203' title='bbox 890 2084 999 2118; x_wconf 84' lang='lat' dir='ltr'>esset</span> <span class='ocrx_word' id='word_1_204' title='bbox 1020 2075 1264 2134; x_wconf 88' lang='lat' dir='ltr'>propositis,</span> <span class='ocrx_word' id='word_1_205' title='bbox 1291 2090 1379 2119; x_wconf 89' lang='lat' dir='ltr'>non</span> <span class='ocrx_word' id='word_1_206' title='bbox 1413 2074 1557 2134; x_wconf 89' lang='lat' dir='ltr'>potius</span> <span class='ocrx_word' id='word_1_207' title='bbox 1581 2076 1673 2119; x_wconf 82' lang='lat' dir='ltr'>hae-</span> 
     </span>
     <span class='ocr_line' id='line_1_28' title="bbox 285 2146 1672 2206; baseline 0.001 -16"><span class='ocrx_word' id='word_1_208' title='bbox 285 2155 398 2190; x_wconf 89' lang='lat' dir='ltr'>reret</span> <span class='ocrx_word' id='word_1_209' title='bbox 419 2146 700 2192; x_wconf 88' lang='lat' dir='ltr'>cadaveribus</span> <span class='ocrx_word' id='word_1_210' title='bbox 714 2146 931 2200; x_wconf 83' lang='lat' dir='ltr'>humanis,</span> <span class='ocrx_word' id='word_1_211' title='bbox 957 2162 1087 2206; x_wconf 88' lang='lat' dir='ltr'>quam</span> <span class='ocrx_word' id='word_1_212' title='bbox 1107 2146 1261 2191; x_wconf 90' lang='lat' dir='ltr'>saltare</span> <span class='ocrx_word' id='word_1_213' title='bbox 1277 2146 1456 2205; x_wconf 87' lang='lat' dir='ltr'>eligeret</span> <span class='ocrx_word' id='word_1_214' title='bbox 1476 2161 1577 2191; x_wconf 91' lang='lat' dir='ltr'>cum</span> <span class='ocrx_word' id='word_1_215' title='bbox 1599 2162 1672 2191; x_wconf 89' lang='lat' dir='ltr'>ca-</span> 
     </span>
     <span class='ocr_line' id='line_1_29' title="bbox 286 2217 429 2261; baseline 0 -1"><span class='ocrx_word' id='word_1_216' title='bbox 286 2217 397 2261; x_wconf 89' lang='lat' dir='ltr'>ninis</span> <span class='ocrx_word' id='word_1_217' title='bbox 410 2218 429 2260; x_wconf 76' lang='grc' dir='ltr'><strong><em>Ρ</em></strong></span> 
     </span>
    </p>

    <p class='ocr_par' dir='ltr' id='par_1_4' title="bbox 284 2287 1673 2487">
     <span class='ocr_line' id='line_1_30' title="bbox 345 2287 1672 2348; baseline 0.001 -17"><span class='ocrx_word' id='word_1_218' title='bbox 345 2289 437 2331; x_wconf 87' lang='lat' dir='ltr'>LX.</span> <span class='ocrx_word' id='word_1_219' title='bbox 474 2289 598 2332; x_wconf 89' lang='lat' dir='ltr'>Nunc</span> <span class='ocrx_word' id='word_1_220' title='bbox 635 2287 777 2346; x_wconf 87' lang='lat' dir='ltr'>aspice</span> <span class='ocrx_word' id='word_1_221' title='bbox 799 2287 871 2330; x_wconf 84' lang='lat' dir='ltr'>illa</span> <span class='ocrx_word' id='word_1_222' title='bbox 898 2302 994 2331; x_wconf 90' lang='lat' dir='ltr'>mea</span> <span class='ocrx_word' id='word_1_223' title='bbox 1016 2288 1164 2341; x_wconf 86' lang='lat' dir='ltr'>verba,</span> <span class='ocrx_word' id='word_1_224' title='bbox 1187 2303 1287 2348; x_wconf 83' lang='lat' dir='ltr'>quae</span> <span class='ocrx_word' id='word_1_225' title='bbox 1312 2297 1354 2331; x_wconf 90' lang='lat' dir='ltr'>te</span> <span class='ocrx_word' id='word_1_226' title='bbox 1375 2287 1581 2332; x_wconf 88' lang='lat' dir='ltr'>refellisse</span> <span class='ocrx_word' id='word_1_227' title='bbox 1602 2303 1672 2332; x_wconf 87' lang='lat' dir='ltr'>ar-</span> 
     </span>
     <span class='ocr_line' id='line_1_31' title="bbox 286 2356 1673 2417; baseline 0.001 -17"><span class='ocrx_word' id='word_1_228' title='bbox 286 2356 472 2402; x_wconf 89' lang='lat' dir='ltr'>bitratus</span> <span class='ocrx_word' id='word_1_229' title='bbox 493 2372 553 2412; x_wconf 88' lang='lat' dir='ltr'>es,</span> <span class='ocrx_word' id='word_1_230' title='bbox 597 2357 685 2402; x_wconf 90' lang='lat' dir='ltr'>imo</span> <span class='ocrx_word' id='word_1_231' title='bbox 708 2359 797 2417; x_wconf 85' lang='lat' dir='ltr'>jam</span> <span class='ocrx_word' id='word_1_232' title='bbox 821 2372 909 2402; x_wconf 89' lang='lat' dir='ltr'>non</span> <span class='ocrx_word' id='word_1_233' title='bbox 941 2357 1047 2416; x_wconf 84' lang='lat' dir='ltr'>ipsa,</span> <span class='ocrx_word' id='word_1_234' title='bbox 1069 2357 1144 2401; x_wconf 90' lang='lat' dir='ltr'>sed</span> <span class='ocrx_word' id='word_1_235' title='bbox 1162 2373 1240 2416; x_wconf 88' lang='lat' dir='ltr'>pro</span> <span class='ocrx_word' id='word_1_236' title='bbox 1262 2358 1362 2416; x_wconf 90' lang='lat' dir='ltr'>ipsis</span> <span class='ocrx_word' id='word_1_237' title='bbox 1383 2359 1460 2402; x_wconf 88' lang='lat' dir='ltr'>ista</span> <span class='ocrx_word' id='word_1_238' title='bbox 1483 2374 1583 2417; x_wconf 83' lang='lat' dir='ltr'>quae</span> <span class='ocrx_word' id='word_1_239' title='bbox 1607 2358 1673 2401; x_wconf 89' lang='lat' dir='ltr'>di-</span> 
     </span>
     <span class='ocr_line' id='line_1_32' title="bbox 284 2427 1671 2487; baseline 0.001 -17"><span class='ocrx_word' id='word_1_240' title='bbox 284 2441 393 2470; x_wconf 85' lang='lat' dir='ltr'>cam.</span> <span class='ocrx_word' id='word_1_241' title='bbox 415 2429 527 2472; x_wconf 92' lang='lat' dir='ltr'>Ecce</span> <span class='ocrx_word' id='word_1_242' title='bbox 544 2429 660 2471; x_wconf 87' lang='lat' dir='ltr'>enim</span> <span class='ocrx_word' id='word_1_243' title='bbox 686 2443 775 2472; x_wconf 92' lang='lat' dir='ltr'>non</span> <span class='ocrx_word' id='word_1_244' title='bbox 797 2427 895 2472; x_wconf 91' lang='lat' dir='ltr'>dico</span> <span class='ocrx_word' id='word_1_245' title='bbox 907 2431 940 2482; x_wconf 57' lang='lat'>³³,</span> <span class='ocrx_word' id='word_1_246' title='bbox 968 2429 1009 2473; x_wconf 87' lang='lat' dir='ltr'>Si</span> <span class='ocrx_word' id='word_1_247' title='bbox 1037 2430 1380 2487; x_wconf 86' lang='lat' dir='ltr'>persecutionem</span> <span class='ocrx_word' id='word_1_248' title='bbox 1410 2428 1551 2473; x_wconf 88' lang='lat' dir='ltr'>facere</span> <span class='ocrx_word' id='word_1_249' title='bbox 1583 2444 1671 2473; x_wconf 90' lang='lat' dir='ltr'>non</span> 
     </span>
    </p>
   </div>
   <div class='ocr_carea' id='block_1_3' title="bbox 284 2502 1673 2613">
    <p class='ocr_par' dir='ltr' id='par_1_5' title="bbox 284 2502 1673 2613">
     <span class='ocr_line' id='line_1_33' title="bbox 333 2502 1673 2556; baseline 0.002 -13"><span class='ocrx_word' id='word_1_250' title='bbox 333 2518 342 2534; x_wconf 87' lang='lat'>¹</span> <span class='ocrx_word' id='word_1_251' title='bbox 359 2512 436 2545; x_wconf 79' lang='lat' dir='ltr'>vide</span> <span class='ocrx_word' id='word_1_252' title='bbox 452 2513 506 2544; x_wconf 83' lang='lat' dir='ltr'>lib.</span> <span class='ocrx_word' id='word_1_253' title='bbox 521 2524 531 2545; x_wconf 97' lang='grc' dir='ltr'>ι</span> <span class='ocrx_word' id='word_1_254' title='bbox 544 2518 656 2546; x_wconf 85' lang='lat' dir='ltr'>contra</span> <span class='ocrx_word' id='word_1_255' title='bbox 668 2517 812 2546; x_wconf 82' lang='lat' dir='ltr'>Parmen.</span> <span class='ocrx_word' id='word_1_256' title='bbox 829 2525 900 2556; x_wconf 85' lang='lat' dir='ltr'>cap.</span> <span class='ocrx_word' id='word_1_257' title='bbox 918 2514 1019 2546; x_wconf 82' lang='lat' dir='ltr'>ultim.</span> <span class='ocrx_word' id='word_1_258' title='bbox 1031 2531 1071 2536; x_wconf 90' lang='lat'>—-</span> <span class='ocrx_word' id='word_1_259' title='bbox 1083 2514 1216 2556; x_wconf 54' lang='lat' dir='ltr'>nti-gil.</span> <span class='ocrx_word' id='word_1_260' title='bbox 1232 2515 1351 2546; x_wconf 79' lang='lat' dir='ltr'>AEneid.</span> <span class='ocrx_word' id='word_1_261' title='bbox 1372 2514 1427 2547; x_wconf 83' lang='lat' dir='ltr'>lib.</span> <span class='ocrx_word' id='word_1_262' title='bbox 1443 2525 1556 2547; x_wconf 80' lang='lat' dir='ltr'>viu.—-</span> <span class='ocrx_word' id='word_1_263' title='bbox 1568 2502 1609 2542; x_wconf 63' lang='lat' dir='ltr'>3&#39;x</span> <span class='ocrx_word' id='word_1_264' title='bbox 1622 2515 1673 2546; x_wconf 82' lang='lat' dir='ltr'>ide</span> 
     </span>
     <span class='ocr_line' id='line_1_34' title="bbox 284 2565 1466 2613; baseline 0.002 -13"><span class='ocrx_word' id='word_1_265' title='bbox 284 2565 338 2599; x_wconf 74' lang='lat' dir='ltr'>lib.</span> <span class='ocrx_word' id='word_1_266' title='bbox 359 2572 497 2601; x_wconf 78' lang='lat' dir='ltr'>icoutra</span> <span class='ocrx_word' id='word_1_267' title='bbox 516 2569 658 2602; x_wconf 84' lang='lat' dir='ltr'>Petilian.</span> <span class='ocrx_word' id='word_1_268' title='bbox 677 2580 749 2611; x_wconf 83' lang='lat' dir='ltr'>cap.</span> <span class='ocrx_word' id='word_1_269' title='bbox 776 2570 825 2609; x_wconf 80' lang='grc' dir='ltr'>ιὸ,</span> <span class='ocrx_word' id='word_1_270' title='bbox 847 2574 877 2601; x_wconf 79' lang='lat' dir='ltr'>ct</span> <span class='ocrx_word' id='word_1_271' title='bbox 898 2569 950 2601; x_wconf 89' lang='lat' dir='ltr'>lib.</span> <span class='ocrx_word' id='word_1_272' title='bbox 973 2580 1004 2602; x_wconf 88' lang='grc' dir='ltr'>ιιι</span> <span class='ocrx_word' id='word_1_273' title='bbox 1019 2575 1136 2603; x_wconf 63' lang='lat' dir='ltr'>contra</span> <span class='ocrx_word' id='word_1_274' title='bbox 1153 2572 1302 2604; x_wconf 60' lang='lat' dir='ltr'>erest-011.</span> <span class='ocrx_word' id='word_1_275' title='bbox 1320 2581 1391 2613; x_wconf 82' lang='lat' dir='ltr'>cap.</span> <span class='ocrx_word' id='word_1_276' title='bbox 1414 2570 1466 2612; x_wconf 71' lang='lat'>59.</span> 
     </span>
    </p>
   </div>
   <div class='ocr_carea' id='block_1_4' title="bbox 1774 1052 1817 3264">
    <p class='ocr_par' dir='ltr' id='par_1_6' title="bbox 1774 1052 1817 3264">
     <span class='ocr_line' id='line_1_35' title="bbox 1774 1052 1817 3264; baseline 0 0"><span class='ocrx_word' id='word_1_277' title='bbox 1774 1052 1817 3264; x_wconf 95' lang='lat' dir='ltr'> </span> 
     </span>
    </p>
   </div>
  </div>
 </body>
</html>
