1825 3264
338 231 421 271 378
771 241 806 267 s.
842 237 1072 268 Aucus‘nm
1103 239 1288 268 BPISCOPI

336 307 390 352 tis
407 303 654 350 extendere.
681 306 784 348 Haec
800 304 937 348 autin
959 303 1188 348 frumentis
1209 303 1295 348 suis
1317 317 1406 348 non
1428 313 1720 362 accusaretur,
1759 296 1763 299 ’

338 386 413 422 aut
435 385 612 435 propter
633 374 794 419 zizania
816 390 907 419 non
932 376 1203 419 desereretur
1223 393 1233 419 2
1257 389 1396 418 unum
1418 374 1578 419 horum
1599 374 1723 420 vobis

337 449 466 492 etiam
506 462 580 490 vos
621 446 702 505 ipsi
746 444 1004 506 respondete
1024 480 1035 500 ,
1076 443 1261 489 alterum
1302 445 1510 504 Cypriani
1548 445 1724 490 monitis

337 517 504 563 discite.
537 519 675 577 Ipsius
707 518 824 561 enim
857 518 990 562 verba
1014 525 1116 560 sunt
1142 516 1384 560 attestantis
1407 525 1450 560 et
1471 516 1654 561 dicentis
1676 517 1721 562 ²:

341 608 362 632 «
396 591 504 633 Nam
522 597 566 632 et
585 589 619 631 si
639 588 845 632 videntur
862 588 907 632 in
926 585 1117 632 Ecclesia
1138 601 1228 630 esse
1249 585 1408 630 zizania
1431 620 1442 640 ‚
1467 601 1558 630 non
1579 594 1726 631 tamen

338 658 539 721 impediri
560 657 692 702 debet
713 667 788 702 aut
814 656 920 702 fides
941 667 1016 701 aut
1037 656 1222 701 charitas
1244 664 1389 700 nostra
1409 690 1420 711 ,
1445 664 1494 700 ut
1515 656 1726 716 quoniam

338 730 501 774 zizania
523 745 612 773 esse
642 729 686 774 in
713 728 905 774 Ecclesia
930 728 1161 783 cernimus,
1189 727 1272 787 ipsi
1297 726 1352 772 de
1384 725 1577 772 Ecclesia
1604 741 1725 772 rece—

337 801 490 845 damus
511 803 543 844 ².
567 818 588 842 »

398 873 553 915 XLVI.
586 873 673 915 Vos
709 870 967 928 contagione
1000 869 1215 914 malorum
1249 869 1456 913 Alrorum
1490 866 1727 912 Ecclesiam

338 943 512 1002 periisse
537 943 676 986 dicitis
698 943 752 985 de
774 942 880 985 orbe
901 951 1113 985 terrarum
1137 975 1149 995 ‚
1174 950 1218 984 et
1244 941 1288 983 in
1310 948 1432 998 parte
1457 939 1614 984 Donati
1635 940 1729 998 ejus

339 1013 543 1072 reliquias
572 1013 823 1056 remansisse
856 1022 1062 1071 tanquam
1097 1012 1141 1055 in
1173 1010 1402 1054 frumentis
1426 1025 1451 1054 a
1481 1009 1651 1054 zizaniis
1685 1018 1730 1054 et

337 1084 459 1143 palea
478 1083 682 1142 separatis
702 1117 713 1136 ,
735 1092 885 1126 contra
902 1082 1173 1141 Cyprianum
1195 1081 1459 1140 apertissime
1475 1081 1725 1136 sentientes,

336 1155 411 1214 qui
434 1155 539 1198 dicit
556 1170 635 1198 nee
654 1153 866 1197 malorum
892 1154 1176 1212 permixtione
1196 1153 1334 1196 bonos
1358 1153 1496 1211 perire
1513 1152 1558 1195 in
1576 1151 1729 1196 Eccle-

337 1225 396 1269 sia
417 1260 428 1280 ‚
454 1240 533 1269 nec
555 1224 730 1269 eosdem
753 1224 887 1269 malos
909 1239 1032 1283 posse
1052 1233 1152 1267 ante
1172 1232 1345 1281 tempus
1362 1221 1516 1282 judicii
1537 1221 1685 1266 divina
1705 1237 1730 1267 a

336 1296 554 1339 bonorum
576 1295 861 1354 permixtione
882 1294 1084 1352 separari.
1111 1296 1195 1337 Vos
1215 1294 1362 1351 itaque
1378 1290 1620 1336 secundum
1637 1306 1729 1336 ves-

337 1376 452 1410 trum
482 1381 669 1410 errorem
689 1401 699 1418 ‚
727 1365 794 1409 vel
828 1366 971 1425 potius
993 1365 1187 1408 furorem
1211 1398 1222 1418 ,
1254 1377 1455 1408 accusare
1485 1362 1725 1420 cogimini,

335 1452 423 1480 non
445 1436 583 1480 solum
608 1435 889 1481 Caecilianum
920 1445 963 1479 et
984 1436 1253 1479 ordinatores
1275 1435 1380 1492 ejus,
1413 1447 1563 1477 verum
1596 1433 1727 1476 etiam

334 1505 428 1550 illas
463 1506 673 1550 Ecclesias
702 1521 809 1565 quas
837 1507 883 1549 in
921 1505 1150 1564 Scripturis
1174 1502 1420 1563 apostolicis
1442 1512 1485 1547 et
1507 1502 1727 1548 canonicis

333 1578 492 1636 pariter
517 1577 700 1634 legimus
722 1612 732 1631 ‚
758 1592 847 1620 non
869 1577 1008 1621 solum
1038 1580 1358 1630 Romanorum,
1386 1589 1476 1634 quo
1505 1589 1557 1618 ex
1580 1573 1727 1618 Africa

333 1648 534 1692 ordinare
572 1649 720 1706 paucis
751 1649 901 1691 vestris
934 1648 1079 1692 soletis
1113 1648 1383 1706 episcopum,
1419 1659 1569 1689 verum
1596 1646 1726 1688 etiam

332 1719 658 1763 Corinthiorum
681 1752 692 1772 ,
720 1717 993 1771 Galatarum,
1018 1717 1303 1775 Ephesiorum
1324 1751 1339 1770 ,
1367 1714 1724 1759 Thessalonicen-

332 1789 459 1842 sium‚
481 1789 800 1833 Colossensium
819 1823 830 1842 ‚
857 1787 1200 1847 Philippensium
1215 1821 1226 1841 ,
1251 1786 1307 1830 ad
1329 1801 1436 1845 quas
1459 1785 1725 1844 apertissime

331 1859 478 1904 scribit
518 1858 738 1918 apostolus
771 1858 958 1915 Paulus3
990 1850 1399 1914 Jerosolymitan'am
1421 1890 1431 1910 ‚
1464 1870 1598 1915 quam
1632 1855 1723 1914 pri-

330 1944 426 1972 mus
461 1930 650 1973 Jacobus
683 1929 935 1987 episcopatu
971 1943 1049 1972 suo
1088 1928 1195 1972 rexit
1214 1948 1225 1984 3
1257 1926 1611 1980 Antiochensem,
1647 1925 1724 1969 ubi

330 1999 471 2058 primo
493 1998 696 2058 appellati
717 2009 820 2042 sunt
841 1997 1041 2058 discipuli
1064 1998 1298 2044 Christiani
1316 2000 1333 2022 2
1351 2016 1361 2053 3
1384 1999 1691 2054 Smyrnensem
1708 2029 1720 2050 ,

332 2070 657 2127 Thyatirensem
686 2105 697 2123 ‚
750 2069 1006 2114 Sardensem
1030 2104 1043 2124 ‚
1087 2073 1418 2128 Pergamensem
1443 2101 1454 2122 ‚
1501 2065 1724 2112 Philadel-

331 2141 554 2198 phenscm,
600 2139 928 2189 Laodicensem,
965 2139 1019 2183 ad
1048 2155 1154 2200 quas
1197 2149 1261 2183 est
1284 2137 1567 2197 Apocalypsis
1603 2151 1723 2195 apos-

330 2210 408 2254 toli
446 2211 637 2254 Joannis.
683 2213 764 2255 Tot
803 2210 904 2254 alias
943 2210 1154 2254 Ecclesias
1198 2210 1324 2253 Ponti
1344 2243 1355 2262 ,
1396 2207 1684 2267 Cappadociae
1707 2241 1718 2262 ,

331 2280 441 2323 Asiae
456 2280 674 2337 Bithyniae
689 2281 722 2334 ³,
740 2279 795 2323 ad
812 2295 920 2339 quas
937 2280 1084 2324 scribit
1101 2278 1321 2338 apostolus
1338 2281 1507 2331 Petrus,
1527 2285 1572 2321 et
1587 2275 1720 2336 quid-

330 2350 438 2410 quid
468 2349 586 2394 aliud
618 2365 661 2394 se
695 2349 854 2394 Paulus
884 2350 938 2394 al>
971 2348 1211 2394 Jerusalem
1245 2364 1383 2408 usque
1407 2350 1463 2393 ad
1495 2346 1720 2406 Illyricum

330 2422 566 2480 Evangelio
590 2421 818 2481 replevisse
843 2430 1025 2466 testatur
1052 2440 1060 2466 ε
1087 2431 1137 2466 ut
1160 2431 1325 2465 taceam
1346 2419 1401 2464 de
1423 2420 1514 2464 aliis
1536 2429 1625 2464 tam
1651 2418 1720 2463 la-

331 2492 383 2536 tis
405 2501 535 2551 atque
550 2493 771 2536 immensis
788 2501 1001 2536 terrarum
1020 2493 1234 2551 partibus,
1253 2491 1300 2535 in
1315 2505 1422 2550 quas
1439 2505 1490 2534 ex
1505 2490 1571 2534 his
1589 2503 1718 2549 apos-

379 2580 388 2596 ¹
413 2574 511 2615 Epist.
532 2575 573 2607 ad
586 2576 775 2616 Maximum,
792 2587 876 2608 nunc
893 2576 946 2617 54.
963 2593 1005 2600 -
1021 2581 1035 2599 ²
1053 2578 1126 2610 Act.
1148 2585 1185 2616 ιι,
1204 2575 1260 2609 26·
1275 2591 1317 2599 —
1333 2571 1347 2597 3
1374 2585 1387 2607 ι
1407 2575 1493 2608 Petr.
1509 2584 1534 2612 1,
1554 2583 1585 2607 1.
