1825 3264
359 271 521 302 comum
553 273 755 302 Lim-mus
788 274 1021 315 PETILIANJ,
1056 278 1139 305 mn.
1176 279 1223 305 11.
1404 271 1479 309 101

106 339 287 385 derunt:
318 339 395 399 qui
416 347 593 399 propter
620 339 779 384 Christi
801 354 964 385 nomen
994 343 1281 400 honorantur,
1312 344 1486 391 Christo

105 409 424 456 contradicunt.

162 483 354 527 CXCIV.
399 484 660 526 Prummu>-
694 481 801 525 dixit
826 500 834 525 :
870 499 890 522 »
918 483 1030 526 Ecce
1046 483 1169 527 vobis
1187 484 1487 542 plenissimum

103 553 444 608 documentum,
482 551 603 613 quod
638 552 882 597 Christiano
919 567 1009 597 non
1045 552 1173 597 liceat
1205 555 1248 599 in
1296 541 1486 615 pernicie

104 623 241 668 aliena
269 625 441 669 versari.
474 623 720 682 Disciplinae
742 631 888 667 autem
914 623 1044 683 hujus
1079 623 1249 668 initium
1274 629 1402 671 Petro
1424 637 1488 672 est

103 695 405 749 constitutum,
425 695 535 740 sicut
557 695 764 754 scriptum
783 702 846 738 est
860 712 898 738 :«
912 695 1125 738 Percussit
1140 697 1292 739 Petrus
1315 698 1489 742 auricu-

102 764 187 810 lam
205 765 316 809 servi
339 765 545 825 principis
567 763 819 809 Judaeorum
834 799 845 819 ,
862 773 905 808 et
927 763 1110 808 abscidit
1132 767 1268 809 eam1.
1289 767 1491 827 Dixitque

101 836 163 880 illi
182 838 205 880 J
211 851 307 880 esus
320 855 329 881 z
352 839 492 891 Petre,
506 835 694 881 reconde
708 835 901 895 gladium
916 845 1042 880 tuum
1055 836 1100 880 in
1114 836 1255 881 theca.
1272 838 1358 890 Qui
1374 838 1491 882 enim

102 905 247 965 gladio
268 906 423 961 utitur,
450 906 593 964 gladio
614 906 839 951 morietur.
878 926 895 947 »

149 977 384 1022 CXCVAi
397 995 602 1022 ocszrmrs
612 976 835 1036 respondit
848 995 856 1021 :
869 978 958 1022 Cur
967 991 1069 1035 ergo
1078 975 1366 1021 nontalivoce
1376 991 1492 1022 com-

100 1046 270 1106 pescitis
303 1062 422 1091 arma
443 1046 886 1092 Circumcellionum‘?
910 1050 978 1091 An
1008 1055 1164 1106 praeter
1195 1047 1486 1105 Evangelium

99 1133 175 1163 vos
198 1118 317 1177 loqui
340 1118 623 1173 arbitremini,
655 1118 688 1162 si
716 1117 906 1162 dixeritis
926 1138 934 1163 ε
956 1119 1040 1171 Qui
1063 1119 1179 1163 suste
1201 1133 1303 1163 usus
1326 1119 1458 1162 luerit
1474 1154 1484 1173 ,

99 1189 214 1234 fuste
238 1189 447 1234 morietur
464 1190 481 1230 ἱ)
496 1192 600 1233 Date
617 1203 717 1246 ergo
734 1189 922 1242 veniam,
945 1189 1047 1248 quia
1069 1204 1149 1232 nec
1166 1188 1260 1233 illos
1283 1205 1306 1232 a
1329 1189 1490 1248 quibus

99 1259 343 1305 Marculum
375 1259 695 1319 praecipitatum
714 1274 804 1304 esse
825 1259 1074 1319 querimini,
1097 1259 1320 1318 potuerint
1336 1259 1489 1318 prohi-

98 1330 199 1374 bere
221 1332 404 1389 majores
426 1330 583 1374 nostri:
613 1345 754 1388 neque
772 1330 888 1373 enim
910 1328 1120 1386 scriptum
1140 1338 1204 1372 est
1222 1329 1268 1371 in
1290 1331 1489 1386 Evange-

97 1400 157 1445 lio
192 1419 201 1445 ι
241 1401 326 1454 Qui
366 1398 555 1460 aliquem
589 1397 940 1458 praecipitaverit,
981 1397 1223 1457 praecipitio
1260 1398 1486 1442 morietur.

98 1473 242 1530 Atque
270 1471 436 1515 utinam
459 1470 570 1514 sicut
603 1468 675 1513 illa
698 1468 767 1513 vel
791 1467 896 1512 falsa
928 1467 1000 1511 vel
1033 1475 1248 1511 transacta
1279 1476 1404 1521 sunt,
1431 1468 1490 1511 sic

97 1541 276 1585 istorum
300 1541 445 1599 lingua
479 1549 707 1589 cessarent.
734 1541 999 1598 Quanquam
1035 1537 1213 1582 fortasse
1235 1536 1486 1591 irascimini,

97 1612 216 1671 quod
245 1611 488 1670 legionibus
519 1610 690 1665 vestris,
718 1610 795 1654 etsi
829 1625 919 1654 non
947 1608 1133 1667 legibus,
1166 1608 1318 1652 saltem
1341 1607 1486 1652 verbis

97 1681 393 1726 subtrahimus
424 1690 684 1725 armaturam
703 1715 714 1736 ,
739 1681 842 1740 quia
885 1695 954 1724 eas
986 1679 1084 1724 solis
1116 1679 1264 1723 saevire
1301 1677 1488 1722 fustibus

97 1751 295 1796 dicimus.
308 1754 443 1796 Vetus
461 1752 624 1814 quippe
643 1752 722 1795 ista
736 1765 888 1795 eorum
902 1749 1068 1794 malitia
1083 1749 1184 1804 fuit,
1206 1763 1325 1793 nunc
1340 1757 1487 1792 autem

98 1823 280 1868 nimium
312 1823 608 1883 profecerunt.
644 1825 753 1868 Nam
788 1823 900 1866 inter
928 1820 1151 1865 vinolenta
1187 1820 1412 1874 convivia,
1445 1828 1488 1863 et

99 1909 198 1938 cum
217 1894 407 1938 foeminis
425 1894 600 1938 maritos
617 1908 707 1937 non
724 1891 1006 1946 habentibus,
1020 1891 1203 1935 liberam
1222 1887 1460 1935 comitandi
1477 1924 1487 1944 ,

100 1965 308 2024 vagandi,
338 1963 537 2024 jocandi,
570 1962 773 2018 bibendi,
800 1960 1088 2022 pernoctandi
1121 1961 1369 2014 licentiam,
1400 1974 1490 2003 non

99 2033 239 2079 solum
268 2033 402 2079 fustes
421 2043 616 2088 tornare,
641 2032 716 2077 sed
737 2034 866 2076 etiam
891 2032 1054 2075 ferrum
1076 2031 1248 2074 vibrare
1270 2039 1313 2073 et
1332 2028 1492 2073 fundas

101 2106 392 2163 circumagere
415 2103 679 2147 didicerunt.
714 2102 800 2147 Sed
834 2117 911 2145 cur
940 2101 1000 2144 eis
1029 2115 1118 2145 non
1157 2099 1326 2154 dicam,
1362 2102 1490 2158 (quo

102 2175 247 2219 animo
265 2175 422 2227 dicam,
444 2183 487 2218 et
507 2189 596 2234 quo
618 2172 680 2216 illi
699 2172 929 2231 accipiant,
955 2171 1125 2215 noverit
1147 2173 1296 2227 Deus),
1322 2169 1485 2224 Insani,

102 2245 270 2305 gladius
294 2245 409 2290 Petri
429 2245 628 2305 quamvis
651 2244 796 2288 adhuc
827 2240 989 2287 carnali
1019 2250 1141 2286 motu
1165 2241 1319 2296 animi,
1343 2248 1489 2284 tamen

102 2332 180 2377 pro
201 2317 361 2362 Christi
389 2331 569 2376 corpore
598 2317 643 2360 in
671 2329 827 2375 corpus
861 2313 1146 2374 persecutoris
1175 2320 1368 2358 exsertus
1396 2319 1488 2365 est3

102 2396 240 2431 vestra
265 2402 367 2432 vero
390 2402 508 2431 arma
537 2385 739 2431 adversus
764 2384 983 2431 Christum
1013 2382 1146 2428 divisa
1168 2392 1269 2427 sunt
1302 2401 1310 2426 :
1336 2393 1492 2438 corpus

105 2472 207 2501 vero
240 2457 310 2500 cui
338 2456 409 2501 ille
439 2465 571 2516 caput
599 2465 686 2510 cst,
710 2456 756 2500 id
779 2465 863 2509 est,
890 2453 1080 2499 Ecclesia
1099 2456 1189 2513 ejus
1206 2487 1216 2507 ,
1243 2467 1320 2512 per
1345 2464 1495 2495 omnes

106 2535 252 2585 gentes
276 2535 353 2570 est.
380 2528 476 2585 lpse
494 2526 577 2571 boe
596 2525 718 2579 dixit,
746 2535 788 2570 et
806 2525 1001 2569 ascendit
1018 2525 1063 2567 in
1084 2522 1265 2576 coelum,
1286 2536 1375 2581 quo
1397 2534 1497 2563 eum

131 2618 161 2658 δ·
186 2610 301 2642 Μειῑῑῑι,
330 2620 416 2650 xxvi,
437 2610 489 2642 52.
