1825 3264
287 330 368 369 534
729 337 762 365 s.
801 339 1028 366 aucus-rim
1065 338 1242 365 eviscovi

288 406 448 465 pientio
466 404 631 448 sinistis.
657 406 712 448 Et
728 419 820 457 vos,
846 418 934 448 non
955 403 1009 447 ad
1026 403 1368 456 contentionem,
1388 401 1463 445 sed
1476 402 1530 446 ad
1547 402 1677 447 colla-

289 478 448 520 tionem
466 489 686 528 vocamus,
711 474 788 533 qni
811 474 1163 517 maximianenses
1177 473 1307 515 etiam
1323 471 1567 516 forensibus
1584 472 1675 517 liti-

290 549 371 590 bus
394 544 650 605 perculistis.
676 548 731 588 Et
747 544 862 588 ineis
879 545 954 604 qui
969 544 1011 586 in
1035 542 1282 587 Maximiani
1297 542 1525 586 schismate
1537 542 1678 601 bapti-

290 617 373 660 zati
397 626 521 670 sunt,
547 615 745 674 quamvis
766 629 1042 674 nequaquam
1068 613 1157 657 illic
1184 613 1391 671 baptizari
1421 612 1674 669 debuerint,

294 696 439 732 tamen
453 686 614 732 Christi
636 686 899 745 baptismum
919 684 1194 743 cognovistis.
1216 685 1273 727 Et
1289 682 1493 728 Ecclesiae
1512 681 1679 728 fontem

299 757 422 802 aliter
444 757 604 801 debere
624 755 824 814 intelligi,
844 754 899 799 ad
917 770 1048 814 quem
1075 754 1157 798 nisi
1172 754 1314 798 bonus
1329 753 1476 798 nullus
1495 754 1676 811 accedit,

291 838 518 888 acceptato
542 828 757 887 baptismo
775 842 906 885 quem
928 825 1120 884 sacrilegi
1142 834 1259 869 extra
1283 824 1513 880 dederant,
1539 825 1681 870 decla-

288 900 426 942 rastis.
446 902 500 942 Et
512 899 694 957 majores
706 907 872 941 nostros
886 896 954 940 vel
968 905 1158 939 sanctam
1170 894 1405 939 Ecclesiam
1418 910 1550 954 quam
1563 904 1680 940 tene-

287 985 400 1024 mus,
423 970 571 1013 alienis
585 968 836 1012 criminibus
852 966 1182 1010 thurificationis
1198 975 1240 1008 et
1255 964 1514 1020 traditionis,
1532 980 1680 1025 quam—

288 1041 351 1083 vis
365 1056 387 1082 a
400 1040 522 1083 vobis
532 1053 757 1097 nunquam
768 1037 947 1096 probata
961 1036 1061 1091 sint,
1080 1045 1222 1079 tamen
1237 1035 1374 1095 pollui
1388 1051 1477 1080 non
1491 1036 1679 1094 potuisse

292 1110 508 1168 cogemini
539 1107 762 1166 confiteri3
798 1107 873 1166 qui
907 1107 1070 1151 dixistis
1098 1106 1221 1166 quod
1253 1107 1390 1151 socios
1411 1107 1676 1162 Maximiani,

291 1181 452 1241 quibus
471 1180 526 1223 ad
549 1177 823 1223 redeundum
842 1177 1097 1222 dilationem
1119 1178 1302 1232 dabatis,
1325 1176 1518 1237 ejusdem
1537 1178 1678 1222 Maxi-

290 1251 423 1295 miani
445 1250 639 1309 sacrilegi
661 1248 823 1294 surculi
845 1264 933 1294 non
959 1247 1156 1308 polluere
1181 1248 1392 1307 plantaria
1419 1267 1428 1293 :
1456 1248 1572 1292 unde
1601 1264 1679 1294 nos

289 1332 412 1366 tanto
434 1330 532 1380 post
547 1321 653 1375 nati,
680 1321 822 1365 multo
841 1321 984 1364 minus
1003 1335 1231 1379 possumus
1249 1320 1304 1364 ad
1319 1320 1515 1364 eamdem
1541 1320 1679 1364 tradi-

289 1403 435 1437 torum
450 1402 493 1436 et
519 1392 865 1436 thurificatorum
889 1391 1097 1448 originem
1122 1392 1354 1450 pertinere,
1377 1391 1411 1435 si
1431 1401 1539 1435 tunc
1561 1391 1679 1450 pari-

288 1474 353 1509 ter
376 1464 619 1508 viventium
646 1463 896 1506 societatem
934 1463 1147 1522 majorum
1180 1471 1428 1506 nostrorum
1460 1461 1680 1506 maculare

292 1551 381 1579 non
404 1535 563 1594 potuit.
600 1537 656 1578 Et
685 1534 1006 1593 persecutiones
1041 1534 1238 1592 quamvis
1270 1542 1421 1578 contra
1453 1533 1680 1577 veritatem

290 1606 540 1651 saevissimas
575 1605 699 1650 nobis
721 1605 862 1649 facere
899 1604 1071 1650 soleatis
1091 1640 1102 1660 ,
1139 1614 1284 1649 tamen
1312 1620 1365 1648 ex
1393 1603 1537 1664 aliqua
1558 1613 1680 1663 parte

292 1677 655 1720 Maximianenses
672 1675 1047 1734 persecutionibus
1066 1676 1305 1720 correxistis
1327 1694 1336 1720 z
1362 1683 1404 1720 et
1417 1690 1506 1730 eos,
1531 1690 1680 1735 quam-

291 1747 355 1791 vis
377 1761 467 1789 non
492 1746 592 1804 ipsis
603 1747 694 1804 jam
716 1745 931 1790 damnatis
953 1747 1054 1790 data
1077 1746 1231 1801 fuerit,
1264 1756 1411 1790 tamen
1433 1755 1532 1806 post
1564 1745 1681 1791 illius

292 1816 514 1861 dilationis
537 1816 773 1860 terminum
801 1817 1044 1876 suscepistis
1071 1835 1081 1861 2
1108 1826 1152 1861 et
1176 1817 1441 1876 baptismum
1459 1832 1592 1876 quem
1608 1817 1680 1861 fo-

290 1887 348 1931 ris
369 1903 393 1930 a
424 1896 564 1932 vestra
600 1887 909 1931 communione
939 1886 1173 1941 dederant,
1198 1887 1358 1947 quibus
1383 1886 1590 1932 dilatione
1612 1902 1680 1931 re-

291 1956 453 2001 deundi
466 1960 644 2017 januam
664 1958 934 2016 pandebatis,
951 1957 1080 2001 etiam
1095 1967 1192 2016 post
1212 1957 1409 2001 eamdem
1427 1956 1680 2002 dilationem

293 2029 518 2087 cognitum
542 2038 586 2072 et
607 2029 895 2088 approbatum
928 2043 1017 2073 non
1043 2027 1284 2073 rescidistis.
1318 2031 1461 2082 Quare
1482 2043 1582 2073 eum
1615 2029 1681 2074 vi-

294 2099 395 2142 deas
417 2099 527 2142 nihil
549 2115 571 2143 a
594 2109 635 2143 te
653 2100 738 2143 dici
755 2099 962 2158 potuisse,
983 2098 1104 2158 quod
1125 2115 1214 2144 non
1238 2100 1331 2144 haec
1346 2115 1434 2144 una
1455 2099 1681 2145 Maximia-

295 2171 495 2214 nensium
507 2184 634 2215 causa
652 2169 822 2215 refellat
839 2181 970 2231 atque
991 2171 1236 2226 convincat,
1257 2172 1312 2216 da
1329 2172 1517 2227 veniam,
1541 2172 1575 2215 si
1591 2187 1680 2232 quo

294 2240 472 2285 fortasse
500 2241 636 2286 verbo
672 2241 824 2285 durius
860 2242 1014 2286 emisso
1046 2251 1090 2286 te
1123 2240 1292 2286 offendi
1326 2261 1336 2287 :
1374 2251 1418 2286 et
1452 2243 1487 2287 si
1507 2242 1612 2287 Afer
1636 2244 1680 2287 in

296 2311 440 2356 Africa
473 2321 560 2356 tam
590 2327 793 2371 magnam
819 2313 1227 2357 Maximianensium
1254 2328 1427 2358 causam
1460 2314 1506 2357 in
1538 2314 1680 2373 capite

297 2383 456 2427 Africae
494 2393 703 2438 exortam,
740 2383 844 2427 meis
867 2383 1115 2428 admonitus
1134 2383 1288 2428 litteris
1309 2394 1398 2429 tam
1419 2399 1513 2428 sero
1534 2382 1681 2445 requi—

298 2455 404 2509 sisti,
438 2470 517 2499 nec
541 2454 787 2515 requisitam
810 2453 916 2499 falsa
945 2456 1222 2499 narrantibus
1239 2456 1412 2511 vestris,
1448 2455 1559 2500 sicut
1590 2461 1680 2513 jam

297 2525 461 2580 cerniS,
486 2526 682 2569 invenire
704 2526 896 2584 potuisti.
919 2526 1084 2570 Timete
1111 2529 1248 2570 Deum
1276 2546 1286 2571 2
1319 2535 1385 2571 tot
1416 2526 1678 2571 Christianas

295 2604 444 2652 gentes
465 2605 553 2640 tam
575 2596 662 2642 lata
690 2612 766 2655 per
786 2597 1003 2641 mundum
1029 2597 1274 2642 Christiana
1305 2598 1472 2643 unitate
1503 2612 1678 2656 porrec-
