1825 3264
333 267 496 296 cona-M
527 269 730 296 LITTERAS
763 273 997 312 rantum,
1034 277 1115 302 Lm.
1155 278 1200 302 11.
1405 268 1453 304 71

85 348 103 370 ⁴¹
143 348 237 379 rum
257 353 270 390 ς
292 331 368 377 sed
402 332 438 376 is
458 333 535 392 qui
570 332 676 378 facit
706 333 977 381 voluntatem
1018 341 1153 383 Patris
1192 340 1274 384 mei
1307 342 1383 400 qui
1417 343 1461 386 in

83 423 104 447 ι
138 402 261 449 coelis
280 411 346 449 est
368 404 396 446 ¹.
428 421 448 444 »
473 401 685 449 Voluntas
705 405 781 449 Dei
804 406 956 466 utique
978 408 1092 453 bona
1114 419 1176 454 est
1204 429 1212 454 ε
1243 426 1343 455 nam
1365 410 1463 457 ideo

78 475 125 521 iu
155 490 272 520 sacra
299 475 506 519 Oratione
534 475 594 520 sic
615 474 804 534 petimus
843 496 851 520 :
888 496 908 519 «
937 478 1035 522 Fiat
1065 479 1268 525 voluntas
1306 491 1379 526 tua
1421 483 1466 526 in

82 564 105 587 ι
136 545 251 592 coelo
271 555 315 590 et
342 546 387 590 in
406 554 518 590 terra
534 565 543 590 :
557 564 578 587 »
599 554 649 590 ut
665 545 766 606 quia
778 546 890 591 bona
909 548 999 608 ejus
1021 548 1222 593 voluntas
1241 560 1319 606 est,
1340 553 1466 597 nobis

79 635 180 680 quae
207 617 321 663 bona
355 626 456 661 sunt
487 616 802 675 largiatur.Vos
833 632 937 676 ergo
969 618 1240 664 voluntatem
1273 622 1349 665 Dei
1377 638 1464 667 non

79 688 236 743 facitiS,
261 689 363 748 quia
385 685 498 732 mala
521 686 718 747 quotidie
737 687 1008 747 perpetratis.
1039 706 1058 729 »

138 760 319 804 CXXII.
355 762 632 804 Avens-rmus
654 757 878 817 respondit
901 778 909 803 :
937 761 1022 804 Ista
1044 758 1191 804 omnia
1209 759 1242 803 si
1260 769 1302 804 et
1320 775 1398 804 nos
1420 761 1465 804 in

78 844 156 874 vos
184 828 404 883 dicamus,
425 843 572 872 nonne
593 828 669 888 qui
694 843 772 873 nos
794 828 1002 884 audierit,
1026 830 1200 874 insanos
1222 830 1468 889 potiusliti-

77 908 248 959 gatores
266 913 400 960 quam
422 899 688 944 Christianos
717 897 1005 958 disputatores
1021 935 1032 955 ,
1059 900 1094 944 si
1115 899 1204 959 ipse
1230 916 1360 945 sanus
1386 911 1464 955 est⁷

72 969 320 1031 judicabit?
334 973 432 1016 Non
447 985 551 1029 ergo
568 969 789 1014 reddimus
806 969 1090 1016 maledictum
1112 987 1192 1031 pro
1214 971 1463 1017 maledicto.

82 1065 103 1089 ι
143 1043 326 1087 Servum
346 1040 463 1085 enim
481 1041 653 1086 Domini
673 1055 762 1085 non
786 1051 959 1100 oportet
980 1041 1163 1100 litigare,
1180 1042 1254 1086 sed
1277 1058 1366 1088 esse
1387 1044 1470 1088 mi-

81 1134 102 1158 »
137 1125 229 1160 tem
253 1113 309 1157 ad
336 1127 487 1156 omnes
507 1146 518 1165 ‚
553 1111 803 1167 docibilem,
836 1112 882 1156 in
916 1111 1127 1157 modestia
1162 1114 1469 1173 corripientem

82 1206 102 1229 »ι
137 1187 305 1232 diversa
329 1184 605 1228 sentientes³.
636 1200 655 1223 υ
684 1183 726 1227 Si
748 1197 851 1241 ergo
867 1183 989 1228 vobis
1003 1184 1260 1244 objiciamus
1281 1200 1371 1240 eos,
1395 1187 1470 1246 qui

77 1257 193 1302 mala
208 1256 327 1315 apud
345 1269 422 1298 vos
439 1252 634 1313 quotidie
651 1261 919 1311 perpetrant,
940 1254 1086 1311 inepte
1109 1253 1348 1312 litigamus,
1369 1254 1472 1300 alios

77 1341 129 1372 ex
156 1325 249 1370 aliis
270 1332 535 1370 accusantes.
573 1323 615 1367 Si
652 1331 798 1366 autem
829 1337 904 1366 vos
944 1323 1246 1378 admonemus,
1282 1333 1332 1368 ut
1362 1325 1473 1369 sicut

77 1396 151 1442 illa
166 1396 289 1442 vobis
309 1411 398 1440 non
421 1392 550 1438 vultis
572 1393 718 1453 objici,
743 1393 803 1437 sic
822 1392 946 1438 nobis
964 1408 1054 1438 non
1075 1394 1287 1453 objiciatis
1304 1395 1465 1450 aliena,

75 1467 120 1511 in
157 1466 367 1512 modestia
401 1480 478 1510 vos
514 1464 771 1523 corripimus
790 1499 801 1519 ,
838 1463 912 1508 sed
950 1465 982 1508 si
1026 1463 1260 1524 aliquando
1295 1465 1466 1525 resipis-

76 1546 199 1584 catis.

142 1610 349 1657 CXXIII.
373 1609 636 1651 Pam-mans
649 1604 776 1649 dixit:
797 1623 816 1647 «
835 1604 876 1649 Si
897 1619 1001 1649 vero
1016 1604 1145 1660 forte,
1164 1606 1285 1664 quod
1305 1607 1466 1659 nescio,

78 1680 297 1728 daemonia
320 1676 478 1739 pellitis
495 1712 507 1731 ‚
539 1691 619 1721 nec
645 1676 691 1720 id
727 1676 850 1721 vobis
876 1675 1071 1735 proderit
1098 1695 1106 1720 :
1140 1678 1242 1736 quia
1266 1691 1347 1722 nec
1369 1676 1468 1721 fidei

76 1763 248 1807 vestrae,
275 1765 357 1795 nee
378 1747 540 1793 meritis
566 1748 730 1792 cedunt
752 1748 841 1807 ipsa
863 1746 1097 1802 daemonia,
1124 1748 1200 1792 sed
1221 1748 1265 1791 in
1294 1748 1471 1792 nomine

80 1822 256 1870 Domini
277 1824 382 1866 Jesu
399 1819 559 1865 Christi
577 1817 818 1877 pelluntur.
839 1836 859 1858 υ

137 1893 337 1939 CXXIV.
359 1894 636 1936 Anonsmus
658 1887 880 1947 respondit
899 1907 907 1932 ε
934 1887 1102 1932 Gratias
1124 1890 1233 1942 Deo,
1259 1888 1361 1948 quia
1383 1897 1472 1932 tan-

77 1965 179 2010 dem
204 1961 426 2008 coufessus
444 1975 488 2005 es
502 1975 626 2020 posse
638 1959 782 2004 valere
798 1960 1045 2003 invocatum
1062 1974 1223 2003 nomen
1243 1959 1402 2003 Christi
1416 1958 1471 2002 ad

80 2034 264 2079 aliorum
286 2031 470 2077 salutem
488 2065 499 2083 ‚
524 2029 690 2074 etiamsi
711 2044 734 2072 a
756 2029 1058 2088 peccatoribus
1088 2028 1331 2072 invocetur.
1358 2028 1469 2072 Hinc

79 2119 182 2163 ergo
202 2101 395 2160 intellige
410 2136 421 2156 ‚
446 2115 547 2145 cum
569 2099 729 2145 Christi
755 2113 915 2144 nomen
939 2100 1167 2144 invocatur
1182 2133 1192 2153 ,
1213 2114 1302 2143 non
1320 2099 1470 2143 obesse

80 2174 267 2219 aliorum
287 2171 415 2217 saluti
432 2170 573 2215 aliena
594 2179 788 2230 peccata.
808 2171 895 2214 Nos
919 2179 1063 2214 autem
1089 2168 1314 2230 quomodo
1346 2169 1470 2213 invo-

80 2259 229 2290 cemus
244 2257 406 2288 nomen
422 2241 597 2296 Christi,
623 2256 712 2285 non
735 2250 813 2285 tuo
828 2239 995 2300 judicio
1018 2239 1143 2284 nobis
1164 2254 1274 2298 opus
1292 2248 1371 2291 est,
1395 2239 1469 2282 sed

79 2315 211 2375 ipsius
235 2315 311 2375 qui
332 2314 562 2358 invocatur
579 2329 604 2357 a
625 2312 766 2357 nobis.
795 2312 920 2357 Solus
942 2312 1056 2356 enim
1081 2321 1224 2371 potest
1240 2326 1364 2356 nosse
1380 2326 1469 2370 quo

80 2384 213 2430 corde
227 2384 470 2429 invocetur.
493 2385 558 2427 Ex
571 2384 663 2443 ejus
676 2391 821 2427 tamen
839 2382 960 2426 verbi
982 2383 1087 2427 certi
1111 2397 1276 2435 summ,
1302 2381 1357 2424 ab
1372 2395 1469 2424 om-

79 2455 211 2499 nibns
223 2454 427 2513 gentibus
445 2467 545 2497 eum
564 2452 793 2498 salubriter
808 2453 1017 2508 invocari,
1032 2467 1131 2511 quae
1150 2450 1470 2496 benedicuntur

81 2526 129 2569 in
148 2525 314 2570 semine
335 2523 539 2569 Abrahae.
923 2517 930 2521 ”

131 2617 139 2632 “
162 2609 277 2642 untth.
295 2619 353 2650 vn,
372 2615 507 2642 2¹.·-²
528 2607 639 2647 ld.vr‚
661 2617 711 2639 ιι.
738 2605 793 2629 -³
813 2617 824 2638 ι
846 2606 926 2638 Tim.
946 2616 984 2639 u.
1003 2606 1055 2646 '²4-
