1825 3264
0 2542 3 2562 l

315 267 479 297 CONTRA
511 266 713 296 Lim-Eius
745 267 979 307 PET1L1AN1‚
1014 271 1097 297 Lm.
1135 271 1181 296 11.
1386 260 1439 298 35

62 344 106 380 te
130 348 330 380 securum
359 332 462 378 facis
477 368 489 389 ,
512 332 607 378 leve
628 333 826 393 putando
848 345 1070 392 peccatum
1088 370 1098 390 ,
1123 334 1243 395 quod
1271 351 1294 380 a
1312 351 1444 394 regno

65 404 141 449 Dei
172 413 362 463 separat,
395 412 438 447 et
460 403 504 447 in
525 404 667 461 ignem
691 403 824 447 mittit
845 412 1069 448 aeternum.
1096 408 1269 458 Quanto
1294 407 1448 451 melius

65 476 119 520 ad
136 490 280 519 veram
300 474 613 519 confessionem
629 473 866 532 confugies,
885 484 927 519 et
942 475 1058 520 dices
1077 494 1086 519 ι
1106 494 1126 516 «
1145 479 1449 539 Unusquisque

67 565 88 588 »
122 554 319 591 nostrum
349 546 572 604 proprium
605 560 714 590 onus
735 546 948 604 portabit¹
967 581 978 601 ,
1010 555 1053 590 et
1072 562 1095 590 a
1117 547 1258 591 tritico
1282 549 1448 607 paleam

68 635 88 660 η
114 615 406 662 ventilabrum
430 616 631 660 ultimum
649 616 895 675 separabit?
911 635 930 658 »

124 689 214 732 LV.
251 686 337 732 Sed
367 686 569 732 videlicet
592 687 735 742 times,
770 703 826 731 ne
857 687 1001 732 statim
1025 687 1106 731 tibi
1135 688 1303 733 dicatur
1330 707 1339 733 2
1364 690 1455 733 Cur

67 772 168 816 ergo
189 756 295 802 dum
316 757 407 802 aliis
430 757 569 803 aliena
593 773 724 802 onera
751 759 969 803 conamini
994 759 1218 818 imponere
1238 795 1248 814 ,
1275 761 1363 803 ausi
1380 775 1456 804 vos

67 828 166 874 estis
187 837 287 873 ante
308 827 512 873 ultimum
533 828 824 874 ventilabrum
847 845 871 874 a
899 829 1030 874 totius
1054 829 1206 874 mundi
1234 831 1456 875 Dominica

69 909 213 959 segete
235 915 433 959 separare
455 901 472 942 ‘3
496 903 650 960 Itaque
670 915 759 955 vos,
792 901 951 961 quibus
973 900 1204 960 displicent
1227 900 1339 945 facta
1362 916 1457 944 ves-

68 978 255 1025 trorum,
277 968 385 1014 dum
414 971 573 1016 cavetis
596 985 650 1014 ne
686 970 809 1015 vobis
843 971 1076 1030 objiciatur
1111 971 1296 1015 schisma
1335 970 1458 1030 quod

68 1054 217 1084 omnes
237 1039 408 1094 fecistis,
435 1042 564 1083 etiam
588 1040 773 1099 peccatis
796 1056 869 1085 vos
885 1041 1133 1099 implicatis,
1154 1057 1254 1101 quae
1272 1057 1346 1086 vos
1370 1057 1458 1085 non

67 1109 227 1156 fecistis
252 1120 323 1156 :et
343 1111 450 1155 dum
469 1111 598 1159 ,timet
619 1111 803 1156 disertus
828 1111 1078 1166 petilianus,
1113 1128 1167 1156 ne
1193 1113 1297 1156 mihi
1331 1112 1460 1156 liceat

71 1179 230 1235 dicere,
252 1196 339 1225 non
356 1195 424 1224 mc
437 1195 526 1224 esse
539 1179 669 1224 talem
683 1181 856 1241 qualem
875 1180 1004 1225 fuisse
1020 1191 1139 1240 putat
1155 1183 1456 1235 Caecilianum,

68 1252 159 1311 ipse
173 1252 345 1310 cogitur
359 1251 505 1296 dicere
519 1267 609 1296 esse
625 1267 670 1295 se
687 1252 814 1295 talem
839 1252 1012 1312 qualem
1031 1252 1161 1296 fuisse
1184 1254 1304 1297 novit
1323 1255 1461 1311 Opta-

72 1331 183 1366 tum.
210 1325 279 1367 An
297 1330 346 1366 tu
367 1337 456 1366 non
475 1337 518 1365 es
542 1321 652 1376 talis,
677 1322 852 1382 qualem
882 1322 1006 1366 illum
1036 1323 1167 1366 fuisse
1197 1323 1340 1367 Africa
1371 1332 1463 1366 tota

72 1392 350 1439 conclamat?
378 1395 468 1439 Nec
493 1409 571 1437 nos
593 1408 696 1451 ergo
722 1393 826 1437 tales
858 1408 1007 1437 sumus
1023 1428 1033 1448 ,
1064 1392 1214 1453 quales
1234 1392 1330 1437 illos
1353 1408 1463 1453 quos

73 1464 196 1509 nobis
218 1463 422 1524 objicitis,
443 1462 513 1509 vel
536 1479 655 1508 error
680 1473 818 1508 vester
840 1464 1097 1523 suspicatur,
1115 1463 1182 1508 vel
1207 1464 1329 1516 furor
1347 1463 1463 1508 infa-

72 1542 177 1589 mat,
203 1533 273 1578 vel
294 1534 449 1578 veritas
463 1534 638 1593 probat:
667 1534 807 1579 multo
821 1535 964 1579 minus
980 1534 1079 1579 talia
1102 1544 1204 1579 sunt
1222 1551 1296 1594 per
1312 1550 1463 1579 omnes

74 1613 220 1663 gentes
251 1604 469 1648 frumenta
495 1604 735 1659 Dominica,
761 1621 861 1665 quae
890 1606 1073 1650 istorum
1095 1621 1176 1649 nec
1200 1621 1362 1649 nomen
1384 1621 1465 1649 au-

75 1675 264 1720 dierunt.
285 1674 414 1721 Nulla
434 1675 566 1734 igitur
587 1690 715 1720 causa
737 1687 816 1731 est,
853 1691 932 1720 cur
957 1685 1077 1720 tanto
1102 1675 1262 1720 scelere
1292 1692 1465 1736 separa-

76 1746 204 1791 tionis
227 1757 271 1790 et
294 1745 518 1804 sacrilegio
545 1745 784 1790 schismatis
810 1746 1007 1805 pereatis.
1039 1749 1091 1789 Et
1123 1756 1269 1790 tamen
1292 1747 1325 1791 si
1357 1745 1465 1807 quid

77 1831 156 1876 pro
189 1817 269 1861 hac
303 1825 422 1861 tanta
452 1816 670 1875 impietate
691 1815 1024 1876 divinojudicio
1048 1817 1298 1876 patiamini,
1332 1817 1462 1860 etiam

81 1885 286 1946 baptizari
313 1901 390 1930 vos
417 1895 561 1930 vestro
582 1885 792 1943 sanguine
815 1885 957 1930 dicitis
983 1905 991 1930 :
1016 1895 1067 1929 ut
1089 1902 1243 1945 parum
1267 1887 1320 1931 sit
1342 1885 1464 1946 quod

80 1955 203 2002 divisi
224 1971 314 2001 non
334 1955 704 2015 compungimini,
726 1956 806 1999 nisi
829 1956 959 1999 etiam
982 1957 1124 2015 puniti
1147 1955 1403 2014 gloriemini.

140 2029 252 2072 LVI.
289 2029 550 2070 Paruimus
572 2024 682 2069 dixit
706 2044 715 2069 :
746 2044 767 2067 «
791 2029 846 2069 At
878 2026 993 2069 enim
1012 2027 1057 2068 in
1077 2025 1230 2069 eodem
1256 2026 1467 2085 perdura-

84 2097 135 2141 tis
159 2116 169 2141 :
197 2116 217 2138 «
246 2097 330 2149 Qui
356 2095 489 2139 semel
514 2095 628 2139 lotus
661 2104 725 2138 est
747 2110 836 2139 non
865 2095 1000 2138 habet
1025 2109 1199 2139 causam
1233 2096 1313 2139 nisi
1336 2095 1470 2154 pedes

86 2187 106 2210 n
131 2166 349 2213 lavandi2.
369 2165 548 2212 »Semel
581 2175 644 2210 est
680 2165 801 2225 quod
822 2166 954 2210 habet
977 2175 1222 2221 auctorem,
1247 2164 1380 2210 semel
1407 2173 1473 2209 est

84 2236 206 2299 quod
221 2236 377 2283 veritas
399 2236 560 2280 firmat.
588 2254 608 2278 υ

143 2311 280 2354 Lvn.
315 2312 592 2352 Auousrfflus
630 2306 853 2366 respondit
887 2325 896 2350 :
933 2306 1178 2365 Baptismus
1214 2306 1259 2349 in
1293 2307 1470 2350 nomine

86 2381 223 2427 Patris
255 2389 299 2424 et
332 2378 430 2424 Filii
451 2388 495 2424 et
526 2378 713 2437 Spiritus
734 2378 870 2422 sancti
898 2378 1120 2423 Christum
1156 2378 1288 2420 habet
1319 2385 1473 2419 aucto-

86 2466 205 2505 rem,
229 2465 319 2494 non
349 2448 592 2509 quemlibet
618 2449 839 2494 hominem
861 2450 876 2474 ³
903 2467 912 2492 :
938 2458 982 2492 et
1001 2447 1197 2493 Christus
1219 2456 1283 2490 est
1303 2446 1474 2499 veritaS,

89 2535 178 2567 non
199 2519 386 2582 quilibet
406 2519 554 2564 homo.

139 2617 148 2634 ¹
166 2608 238 2646 Gal.
257 2620 312 2652 vt,
331 2610 363 2644 5.
379 2626 421 2635 -·
438 2615 451 2632 ¹
470 2610 563 2643 Joan.
583 2618 649 2651 xm,
682 2618 730 2642 ιο.
752 2624 781 2632 -
805 2605 818 2632 ³
835 2606 954 2639 Metui.
976 2617 1088 2647 xxviii,
1113 2615 1164 2648 ¹9·

1252 2647 1290 2687 3.
