1825 3264
348 231 428 270 138
786 237 820 266 5.
857 238 1090 267 Auousnm
1125 239 1306 267 ssrrscom

348 325 369 349 »
394 307 551 350 tiarum
579 303 750 348 actione
770 338 780 358 ‚
816 313 987 349 orantes
1026 302 1152 348 simul
1186 312 1229 348 et
1261 318 1340 363 pro
1369 303 1496 349 nobis
1513 338 1524 358 ,
1550 311 1600 348 ut
1622 305 1735 350 Deus

348 395 367 418 »
394 376 557 434 aperiat
580 374 706 418 nobis
735 375 892 419 ostium
924 375 1046 419 verbi
1084 373 1139 418 ad
1172 373 1443 434 loquendum
1482 374 1735 432 mysterium

349 465 367 488 »
395 445 572 500 Christi,
597 456 774 504 propter
796 447 917 506 quod
933 455 975 489 et
990 446 1160 489 vinctus
1171 459 1268 488 sum
1285 479 1296 499 ,
1326 454 1376 488 ut
1397 444 1669 488 manifestem
1680 443 1736 488 il·
1761 496 1763 502 Α

346 537 366 560 n
391 518 487 573 lud,
506 518 565 562 ita
588 527 639 562 ut
661 527 834 577 oportet
853 534 922 562 me
937 518 1058 578 loqui
1075 520 1105 561 ¹.
1136 535 1155 558 η
1192 520 1304 560 Ecce
1327 524 1478 560 oratur
1496 530 1574 575 pro
1595 518 1736 574 Apos—

345 589 436 634 tolo
451 625 461 644 ‚
496 589 615 648 quod
638 590 731 633 fieri
751 605 839 634 non
862 590 924 633 vis
947 605 1025 648 pro
1048 588 1264 648 episcopo.
1293 586 1501 631 Vides-ne
1528 601 1660 646 quam
1684 586 1738 632 sit
1771 637 1777 644 ,

345 663 423 705 ista
446 660 661 704 diabolica
681 661 912 720 superbia?
933 662 1093 705 Oratur
1113 675 1193 719 pro
1217 659 1441 718 Apostolo‚
1466 667 1518 702 ut
1531 656 1738 702 manifes-

346 740 407 776 tet
422 732 677 788 mysterium
695 731 883 786 Christi,
908 731 1017 775 sicut
1035 740 1206 790 oportet
1227 729 1362 789 loqui.
1391 728 1579 773 Proinde
1595 729 1628 773 si
1651 728 1740 788 pias

344 801 494 861 plebes
517 801 750 855 haberetis,
773 802 935 846 hortari
957 801 1148 845 debuisti
1166 810 1215 844 ut
1232 816 1311 860 pro
1329 809 1370 843 te
1389 808 1584 854 orarent,
1607 813 1663 842 ne
1681 798 1740 842 lo-

345 873 537 931 quereris
559 872 670 916 sicut
696 888 784 916 non
807 881 994 931 oportet.
1024 872 1252 931 Tujustior
1271 873 1439 915 Joanne
1456 869 1738 927 evangelista,

345 943 420 1002 qui
443 943 500 986 ait
525 962 533 987 ε
564 963 583 984 «
612 944 654 988 Si
669 943 903 987 dixerimus
926 944 1029 1002 quia
1054 952 1281 1002 peccatum
1303 957 1391 986 non
1410 942 1637 995 habemus,
1660 954 1738 984 nos

348 1031 368 1054 »
396 1014 507 1071 ipsos
528 1014 768 1071 decipimus
785 1048 795 1067 ‚
822 1022 864 1056 et
885 1014 1038 1057 veritas
1060 1014 1103 1056 in
1127 1013 1251 1056 nobis
1268 1027 1361 1056 non
1374 1020 1435 1055 est
1450 1013 1483 1054 ².
1507 1028 1528 1052 »
1557 1013 1622 1054 Tu
1642 1025 1742 1069 pos·

347 1093 484 1128 tremo
513 1085 670 1143 justior
695 1084 901 1128 Daniele?
923 1099 1054 1144 quem
1074 1095 1121 1128 tu
1147 1085 1236 1143 ipse
1259 1084 1303 1127 in
1325 1084 1407 1126 hac
1435 1082 1528 1141 ipsa
1550 1081 1743 1140 Epistola

345 1155 403 1198 ita
424 1155 799 1209 commemorasti,
825 1164 873 1198 ut
896 1154 1060 1198 diceres
1087 1173 1095 1199 ε
1126 1173 1146 1196 «
1168 1157 1259 1198 Rex
1273 1152 1559 1214 justissimum
1583 1152 1743 1196 Danie-

344 1223 430 1268 lem
457 1224 600 1268 ferinis
625 1226 838 1268 morsibus
861 1234 908 1268 ut
932 1225 1117 1283 putabat
1144 1224 1319 1283 objecit,
1350 1241 1370 1265 »
1406 1221 1537 1276 Quod
1558 1220 1632 1265 ille
1655 1236 1744 1266 non

345 1304 598 1354 putaverat,
617 1294 975 1353 quandoquidem
989 1295 1247 1338 amicissimo
1257 1294 1418 1347 animo,
1429 1291 1744 1336 sicutlectionis

349 1366 671 1409 circumstantia
695 1366 870 1423 probat,
899 1366 1007 1409 dixit
1026 1366 1104 1425 ipsi
1128 1365 1293 1410 Danieli
1322 1384 1330 1409 :
1360 1367 1515 1408 «Deus
1544 1372 1645 1407 tuus
1674 1363 1744 1407 cui

352 1454 371 1477 »
398 1436 584 1479 deservis
607 1433 787 1488 assidue,
815 1437 903 1495 ipse
923 1436 1074 1495 eripiet
1095 1437 1182 1480 te3.
1212 1453 1232 1476 »
1271 1435 1353 1480 Sed
1377 1434 1581 1494 hincjam
1604 1432 1743 1478 multa

351 1508 537 1551 diximus
562 1526 569 1551 ;
595 1522 713 1550 nunc
736 1508 855 1566 quod
878 1508 1021 1565 agitur
1037 1543 1046 1561 ‚
1083 1522 1240 1566 nempe
1259 1506 1522 1567 justissimus
1543 1514 1636 1550 erat
1657 1508 1743 1550 Da-

350 1578 463 1631 niel,
490 1593 577 1621 non
601 1578 846 1621 testimonio
866 1587 965 1632 tuo,
991 1593 1245 1637 quanquam
1267 1579 1348 1622 hoc
1364 1577 1471 1621 mihi
1493 1575 1548 1621 ad
1568 1590 1742 1621 causam
1810 1625 1813 1638 ,Ἰ

348 1664 480 1708 quam
505 1658 645 1692 tecum
667 1664 747 1706 ago
764 1649 978 1706 sulliciat3
1006 1650 1081 1694 sed
1105 1650 1353 1693 testimonio
1374 1648 1560 1707 Spiritus
1583 1647 1662 1692 Dei
1683 1646 1744 1691 lo·
1811 1644 1815 1684 ἓ

348 1719 521 1778 quentis
537 1719 663 1762 etiam
681 1734 755 1777 per
779 1718 1068 1772 Ezechielem,
1090 1719 1167 1763 ubi
1189 1729 1274 1763 tres
1288 1718 1745 1777 eminentissimaejus·
1811 1731 1814 1783 ᾗ

349 1790 454 1833 titiae
479 1790 741 1843 nominavit,
764 1793 879 1844 Noe,
903 1790 1123 1834 Danielem
1143 1799 1186 1834 et
1207 1791 1309 1844 Job,
1332 1805 1440 1849 quos
1457 1789 1564 1834 dixit
1586 1787 1699 1833 solos
1721 1803 1745 1832 a

347 1861 535 1919 quadam
558 1861 932 1904 vehementissima
955 1860 1016 1903 ira
1033 1862 1122 1914 Dei,
1148 1876 1248 1919 quae
1271 1861 1436 1904 caeteris
1453 1859 1741 1919 impenderet,

348 1946 472 1990 posse
488 1932 516 1974 li
526 1932 703 1975 herai-1⁴.
728 1931 802 1975 Vir
819 1946 920 1988 ergo
934 1932 1207 1991 justissimus,
1224 1947 1338 1975 unus
1357 1946 1406 1974 ex
1422 1930 1564 1974 tribus
1586 1944 1745 1974 memo·
1810 1926 1813 1974 ζ

349 2001 561 2045 rabilibus
577 2012 685 2056 orat,
713 2011 755 2046 et
775 2003 879 2047 dicit
905 2022 913 2046 :
944 2021 962 2043 «
986 2005 1098 2047 Cum
1130 2017 1295 2047 orarem
1321 2011 1365 2045 et
1387 2001 1619 2046 confiterer
1640 2014 1744 2059 pec-

353 2090 372 2113 »
399 2082 492 2115 cata
515 2087 609 2116 mea
633 2082 674 2116 et
697 2083 871 2131 peccata
888 2073 1041 2132 populi
1057 2074 1141 2117 mei
1159 2073 1204 2116 in
1221 2081 1459 2132 conspectu
1476 2071 1648 2116 Domini
1671 2069 1742 2114 Dei

353 2159 372 2183 »
399 2143 524 2185 mei⁵.
557 2161 574 2183 υ
601 2145 657 2187 Et
679 2152 726 2187 tu
750 2153 792 2187 te
820 2144 925 2188 dicis
955 2159 1044 2188 esse
1063 2145 1154 2188 sine
1177 2153 1384 2202 peccat03
1415 2144 1518 2203 quia
1540 2140 1744 2188 videlicet
1811 2142 1820 2191 ,’

345 2213 547 2256 sacerdos
571 2227 641 2270 es,
675 2222 718 2257 et
739 2214 773 2257 si
795 2215 1036 2272 peccaverit
1059 2213 1248 2273 populus
1265 2247 1276 2267 ‚
1298 2228 1392 2258 oras
1414 2227 1494 2272 pro
1511 2227 1590 2269 θος
1611 2212 1645 2255 si
1663 2226 1744 2255 au-

351 2292 440 2326 tem
463 2292 510 2326 tu
534 2298 710 2341 peccaS‚
741 2285 837 2342 quis
870 2293 1012 2344 prote
1034 2284 1207 2328 orabit?
1238 2286 1350 2328 Vere
1385 2284 1487 2343 quia
1523 2282 1745 2342 impietate
1775 2290 1780 2292 ’
1813 2263 1816 2318 l

351 2362 484 2397 tantae
508 2354 765 2412 arrogantiae
786 2354 1016 2413 indignum
1040 2364 1082 2398 te
1106 2354 1274 2413 praebes
1291 2389 1302 2409 ‚
1327 2369 1407 2413 pro
1433 2368 1523 2413 quo
1545 2350 1744 2397 sacerdos
1810 2348 1825 2415 i*

350 2421 423 2466 ille
440 2423 703 2482 interpellet,
724 2439 855 2484 quem
880 2426 1094 2484 Propheta
1117 2424 1183 2468 his
1205 2425 1364 2479 verbis,
1386 2439 1486 2484 quae
1502 2438 1592 2468 non
1613 2420 1744 2466 intel·
1810 2418 1812 2446 ³

400 2541 408 2555 ¹
438 2534 556 2566 coloss.
579 2547 623 2576 iv,
651 2545 683 2568 2.
700 2554 740 2560 —
756 2543 768 2559 ²
796 2548 806 2569 ι
826 2539 917 2569 Joan.
938 2548 960 2578 i,
979 2536 1011 2569 8.
1030 2554 1071 2559 -
1092 2535 1104 2560 3
1133 2539 1210 2569 Dan.
1229 2548 1277 2578 vr,
1300 2537 1351 2569 16.
1369 2553 1408 2560 —
1424 2535 1440 2566 4
1458 2534 1664 2577 Ezech.x1v‚
1689 2532 1740 2576 14.

354 2606 395 2614 --
414 2587 428 2611 5
443 2591 520 2622 Dan.
538 2601 583 2629 ix,
600 2599 652 2623 20.
