1825 3264
339 241 421 279 122
768 244 802 274 s.
839 244 1069 273 Aucusml
1101 243 1283 273 nucem

336 316 427 362 didi
461 315 543 360 tibi
564 312 678 366 duo,
704 326 894 372 quorum
926 297 994 356 tu‘
1007 310 1182 356 volebas
1211 319 1262 355 ut
1293 323 1432 354 unum
1464 307 1718 353 diceremus.

338 388 497 446 Utique
521 382 746 429 attendere
774 383 962 427 debuisti
992 391 1230 442 utrumque
1251 397 1274 425 a
1296 380 1423 425 nobis
1449 394 1574 438 posse
1599 379 1685 423 dici
1709 399 1722 438 3

335 465 378 501 et
395 455 565 510 saltem,
581 454 614 498 si
629 454 713 499 hoc
731 453 924 509 volebas,
946 468 1096 513 rogare
1113 467 1207 507 nos,
1231 461 1282 496 ut
1299 465 1439 496 unum
1462 450 1720 505 diceremus,
1770 506 1776 511 ἢ

336 542 438 572 cum
460 525 628 571 videres
645 526 747 586 quia
768 534 1006 585 utrumque
1024 539 1261 585 possemus.
1763 515 1770 526 ’

394 599 613 644 CCXXII.
653 595 737 642 Sed
759 598 793 641 si
823 597 1072 641 innocentia
1099 596 1223 640 vobis
1245 602 1325 649 est,
1357 592 1520 653 inquis,
1543 605 1621 636 cur
1648 605 1728 636 nos

334 668 451 713 ferro
484 668 707 712 sectamini
739 669 757 711 P
791 668 1007 728 Respicite
1043 666 1273 727 paululum
1307 673 1499 710 catervas
1530 671 1722 717 vestras,
1772 657 1780 668 “

333 754 434 799 quae
455 754 545 782 non
567 738 752 797 antiquo
772 752 891 782 more
919 747 1150 798 parentum
1188 750 1369 780 suorum
1402 733 1505 779 solis
1535 731 1726 777 fustibus

336 819 577 866 armantur,
597 810 673 854 sed
689 819 732 854 et
748 825 919 854 secures
937 819 979 854 et
996 809 1183 863 lanceas,
1195 817 1237 852 et
1256 806 1420 867 gladios
1438 803 1724 850 addiderunt:

336 890 380 926 et
401 881 618 939 agnoscite
642 895 832 941 quorum
865 880 1009 940 potius
1043 895 1126 925 vox
1159 894 1249 924 esse
1281 877 1465 931 debeat,
1502 874 1618 929 Quid
1649 888 1730 920 nos

335 950 451 996 ferro
473 951 732 996 sectamini?
752 955 838 995 Aut
859 952 892 995 si
919 966 1013 995 reos
1035 966 1130 1005 nos,
1156 949 1316 1010 inquit,
1339 947 1501 1000 dicitis,
1521 944 1629 1006 quid
1650 958 1731 989 nos
1775 942 1778 946 ’

336 1024 530 1083 quaeritis
561 1024 848 1066 innocentes?
868 1022 948 1066 Hic
973 1022 1160 1065 breviter
1183 1018 1423 1079 respondeo
1447 1037 1456 1062 2
1483 1017 1589 1061 Ideo
1605 1031 1731 1077 quae-

336 1095 480 1138 rimini
495 1095 555 1138 rei
571 1094 625 1138 ab
639 1094 962 1148 innocentibus,
976 1102 1025 1137 ut
1048 1093 1250 1136 desinatis
1263 1105 1353 1134 esse
1367 1090 1428 1133 rei
1440 1123 1450 1144 ,
1464 1097 1507 1133 et
1518 1087 1732 1147 incipiatis
1791 1149 1793 1153 .

337 1180 428 1209 esse
460 1166 731 1210 innocentes.
748 1167 860 1209 Ecce
878 1174 1116 1224 utrumque
1134 1162 1243 1221 elegi
1257 1170 1471 1215 nostrum,
1497 1168 1540 1204 et
1561 1158 1616 1203 ad
1637 1173 1734 1203 ves-
1765 1195 1772 1200 .

337 1245 452 1279 trum
474 1245 714 1295 utrumque
734 1234 959 1295 respondi:
975 1235 1108 1279 modo
1122 1243 1171 1279 tu
1190 1233 1300 1292 elige
1315 1247 1455 1276 unum
1467 1231 1522 1275 de
1538 1230 1729 1285 duobus,
1774 1287 1778 1290 .

339 1310 600 1350 Innocentes
617 1306 734 1361 estis,
754 1322 807 1350 an
827 1308 1058 1350 nocentes?
1078 1308 1228 1364 Neque
1254 1313 1376 1363 potes
1403 1311 1642 1362 utrumque
1666 1300 1736 1345 di-
1773 1295 1793 1338 ᾗ

338 1392 435 1422 cere
455 1397 466 1434 3
485 1378 560 1420 sed
575 1376 645 1421 dic
666 1376 970 1436 utrumque,si
985 1365 1070 1420 hoc
1092 1375 1247 1435 placet.
1274 1377 1403 1420 Certe
1424 1373 1540 1418 enim
1553 1387 1643 1417 non
1657 1387 1736 1432 po-

337 1448 457 1493 testis
479 1447 525 1490 in
548 1446 698 1491 eadem
715 1463 842 1492 causa
859 1463 948 1492 esse
963 1447 1289 1501 innocentes,in
1301 1461 1387 1506 qua
1402 1445 1501 1490 estis
1511 1452 1733 1489 nocentes.
1752 1435 1756 1442 ¹

343 1519 386 1563 Si
400 1533 501 1576 ergo
516 1518 770 1563 innocentes
784 1554 793 1573 ,
807 1518 943 1563 nolite
957 1518 1102 1562 mirari
1116 1517 1237 1579 quod
1254 1517 1307 1562 ad
1323 1532 1475 1577 pacem
1490 1514 1738 1576 quaerimini

340 1605 363 1633 a
386 1587 616 1634 fratrib‘uSt
636 1590 668 1633 si
683 1600 827 1634 autem
848 1599 1053 1635 nocentes
1076 1591 1190 1645 estis,
1218 1589 1354 1634 nolite
1374 1587 1521 1632 mirari
1544 1585 1664 1647 quod
1682 1584 1738 1631 ad

342 1675 515 1719 poenam
540 1661 783 1718 quaerimini
803 1677 826 1704 a
842 1661 1030 1719 regibus.
1050 1661 1133 1706 Sed
1146 1661 1248 1721 quia
1261 1661 1420 1704 horum
1436 1658 1622 1703 duorum
1636 1656 1738 1701 alte-

342 1746 437 1774 rum
448 1731 569 1775 vobis
581 1733 812 1791 usurpatis,
825 1731 1007 1776 alterum
1025 1747 1045 1775 a
1060 1731 1185 1776 nobis
1198 1730 1380 1779 auditis:
1396 1729 1614 1790 usurpatis
1623 1727 1739 1773 enim
1764 1728 1773 1786 ss

342 1802 466 1846 vobis
488 1803 798 1857 innocentiam,
823 1819 846 1847 a
879 1803 1005 1847 nobis
1028 1812 1172 1847 autem
1199 1801 1357 1847 auditis
1379 1801 1498 1862 quod
1519 1800 1652 1860 impie
1667 1800 1736 1844 vi·-
1777 1803 1792 1821 ·‘

342 1873 476 1916 vatis:
504 1873 649 1932 accipe
664 1874 822 1917 iterum
838 1873 893 1917 de
906 1883 1094 1932 utroque
1118 1872 1225 1932 quid
1241 1871 1399 1916 dicam.
1424 1872 1465 1916 Si
1482 1871 1737 1914 innocentes
1793 1870 1796 1876 '

344 1944 459 1998 estis,
479 1959 614 2004 quare
633 1945 793 1989 Christi
818 1945 1066 1989 testimonio
1089 1943 1408 1989 contradicitis?
1432 1942 1473 1987 Si
1497 1946 1644 1986 autem
1664 1950 1741 1985 no·-

345 2023 509 2069 centes,
536 2030 670 2074 quare
688 2014 742 2060 ad
766 2017 855 2075 ejus
888 2015 1225 2060 misericordiam
1245 2031 1334 2059 non
1352 2012 1610 2072 confugitis?
1631 2013 1740 2058 Nam

344 2093 387 2128 et
420 2085 716 2129 testimonium
744 2087 837 2146 ejus
866 2095 930 2130 est
959 2086 1013 2130 de
1042 2086 1158 2131 orbis
1187 2086 1357 2131 unitate
1375 2120 1386 2140 ,
1424 2093 1468 2129 et
1497 2084 1740 2128 misericor·
1773 2115 1794 2126 -.

343 2154 413 2198 dia
437 2158 528 2214 ejus
553 2155 598 2198 in
622 2153 811 2200 fraterna
829 2156 1055 2200 charitate.
1774 2146 1776 2151 ’

403 2226 644 2269 CCXXIII.
674 2229 934 2270 Parmam-s
958 2226 1064 2270 dixit
1091 2244 1100 2270 :
1127 2243 1146 2267 «
1171 2228 1413 2280 Postremo,
1445 2233 1496 2268 ut
1519 2238 1634 2283 saepe
1649 2224 1741 2284 jam

346 2295 547 2350 diximus,
565 2296 704 2356 qualis
723 2306 786 2342 est
808 2306 948 2341 vestra
972 2296 1273 2357 praesumptio,
1291 2305 1340 2341 ut
1361 2295 1417 2340 de
1432 2295 1604 2355 regibus
1625 2310 1739 2356 prae·
1768 2284 1792 2353 :⁴⁷-

347 2367 540 2421 sumatis,
566 2366 738 2411 dicente
758 2367 894 2412 David
914 2386 922 2412 :
950 2386 969 2409 «
993 2370 1164 2412 Bonum
1188 2376 1252 2412 est
1274 2381 1445 2428 sperare
1467 2368 1512 2411 in
1534 2367 1736 2421 Domino,

351 2454 371 2477 »
407 2452 542 2494 quam
567 2452 738 2495 sperare
758 2438 800 2481 in
824 2438 1028 2482 homine:
1055 2438 1221 2482 bonum
1240 2447 1304 2482 est
1328 2452 1500 2498 sperare
1520 2437 1565 2482 in
1588 2436 1738 2482 Domi·
1764 2448 1767 2453 ’

352 2523 372 2545 »
410 2521 482 2559 no,
506 2521 636 2565 quam
654 2522 825 2566 sperare
841 2508 886 2552 in
900 2508 1170 2568 principibus
1186 2510 1216 2551 ¹.
1245 2527 1262 2549 »

401 2595 409 2611 ¹
432 2588 510 2621 Psai.
535 2599 630 2631 cxrn,
651 2592 682 2623 8.
