<?xml version="1.0" encoding="UTF-8"?>
<!DOCTYPE html PUBLIC "-//W3C//DTD XHTML 1.0 Transitional//EN"
    "http://www.w3.org/TR/xhtml1/DTD/xhtml1-transitional.dtd">
<html xmlns="http://www.w3.org/1999/xhtml" xml:lang="en" lang="en">
 <head>
  <title>
</title>
<meta http-equiv="Content-Type" content="text/html;charset=utf-8" />
  <meta name='ocr-system' content='tesseract 3.04.00' />
  <meta name='ocr-capabilities' content='ocr_page ocr_carea ocr_par ocr_line ocrx_word'/>
</head>
<body>
  <div class='ocr_page' id='page_1' title='image "./operaomniaaccura32auguuoft_0065.png"; bbox 0 0 1825 3264; ppageno 0'>
   <div class='ocr_carea' id='block_1_1' title="bbox 318 263 1456 309">
    <p class='ocr_par' dir='ltr' id='par_1_1' title="bbox 318 263 1456 309">
     <span class='ocr_line' id='line_1_1' title="bbox 318 263 1456 309; baseline -0.001 -10"><span class='ocrx_word' id='word_1_1' title='bbox 318 272 482 300; x_wconf 69' lang='lat' dir='ltr'>counit</span> <span class='ocrx_word' id='word_1_2' title='bbox 515 271 716 299; x_wconf 63' lang='lat' dir='ltr'>Lim-reims</span> <span class='ocrx_word' id='word_1_3' title='bbox 750 273 985 309; x_wconf 61' lang='lat' dir='ltr'>Peritum,</span> <span class='ocrx_word' id='word_1_4' title='bbox 1023 274 1103 299; x_wconf 65' lang='lat' dir='ltr'>rin.</span> <span class='ocrx_word' id='word_1_5' title='bbox 1143 274 1188 299; x_wconf 80' lang='grc' dir='ltr'>ιι.</span> <span class='ocrx_word' id='word_1_6' title='bbox 1405 263 1456 298; x_wconf 68' lang='grc'>55)</span> 
     </span>
    </p>
   </div>
   <div class='ocr_carea' id='block_1_2' title="bbox 32 327 1463 2583">
    <p class='ocr_par' dir='ltr' id='par_1_2' title="bbox 32 327 1463 1529">
     <span class='ocr_line' id='line_1_2' title="bbox 67 327 1456 395; baseline -0.001 -13"><span class='ocrx_word' id='word_1_7' title='bbox 67 338 196 384; x_wconf 90' lang='lat' dir='ltr'>distat</span> <span class='ocrx_word' id='word_1_8' title='bbox 227 338 342 382; x_wconf 89' lang='lat' dir='ltr'>inter</span> <span class='ocrx_word' id='word_1_9' title='bbox 362 336 542 382; x_wconf 87' lang='lat' dir='ltr'>istorum</span> <span class='ocrx_word' id='word_1_10' title='bbox 565 345 609 381; x_wconf 94' lang='lat' dir='ltr'>et</span> <span class='ocrx_word' id='word_1_11' title='bbox 630 335 804 380; x_wconf 86' lang='lat' dir='ltr'>illorum</span> <span class='ocrx_word' id='word_1_12' title='bbox 836 336 1102 395; x_wconf 83' lang='lat' dir='ltr'>baptismum</span> <span class='ocrx_word' id='word_1_13' title='bbox 1120 372 1130 392; x_wconf 95' lang='lat'>,</span> <span class='ocrx_word' id='word_1_14' title='bbox 1157 353 1256 382; x_wconf 87' lang='lat' dir='ltr'>cum</span> <span class='ocrx_word' id='word_1_15' title='bbox 1289 327 1456 382; x_wconf 78' lang='lat' dir='ltr'>tantuin</span> 
     </span>
     <span class='ocr_line' id='line_1_3' title="bbox 67 406 1459 467; baseline -0.002 -14"><span class='ocrx_word' id='word_1_16' title='bbox 67 408 195 453; x_wconf 89' lang='lat' dir='ltr'>distet</span> <span class='ocrx_word' id='word_1_17' title='bbox 215 407 327 452; x_wconf 90' lang='lat' dir='ltr'>inter</span> <span class='ocrx_word' id='word_1_18' title='bbox 345 406 527 452; x_wconf 88' lang='lat' dir='ltr'>Paulum</span> <span class='ocrx_word' id='word_1_19' title='bbox 552 416 595 452; x_wconf 90' lang='lat' dir='ltr'>et</span> <span class='ocrx_word' id='word_1_20' title='bbox 616 408 825 466; x_wconf 87' lang='lat' dir='ltr'>Optatum</span> <span class='ocrx_word' id='word_1_21' title='bbox 844 408 862 449; x_wconf 82' lang='lat'>‘?</span> <span class='ocrx_word' id='word_1_22' title='bbox 889 425 908 449; x_wconf 75' lang='grc' dir='ltr'>(ι</span> <span class='ocrx_word' id='word_1_23' title='bbox 935 406 1091 450; x_wconf 86' lang='lat' dir='ltr'>Redite</span> <span class='ocrx_word' id='word_1_24' title='bbox 1114 423 1233 466; x_wconf 88' lang='lat' dir='ltr'>ergo,</span> <span class='ocrx_word' id='word_1_25' title='bbox 1254 408 1459 467; x_wconf 85' lang='lat' dir='ltr'>praevari-</span> 
     </span>
     <span class='ocr_line' id='line_1_4' title="bbox 71 476 1457 532; baseline -0.001 -10"><span class='ocrx_word' id='word_1_26' title='bbox 71 497 91 522; x_wconf 69' lang='grc' dir='ltr'><strong><em>ι</em></strong></span> <span class='ocrx_word' id='word_1_27' title='bbox 124 487 289 525; x_wconf 90' lang='lat' dir='ltr'>catores</span> <span class='ocrx_word' id='word_1_28' title='bbox 310 476 366 523; x_wconf 89' lang='lat' dir='ltr'>ad</span> <span class='ocrx_word' id='word_1_29' title='bbox 387 492 479 532; x_wconf 86' lang='lat' dir='ltr'>cor,</span> <span class='ocrx_word' id='word_1_30' title='bbox 503 486 548 522; x_wconf 89' lang='lat' dir='ltr'>et</span> <span class='ocrx_word' id='word_1_31' title='bbox 565 477 701 523; x_wconf 89' lang='lat' dir='ltr'>nolite</span> <span class='ocrx_word' id='word_1_32' title='bbox 725 492 777 521; x_wconf 85' lang='lat' dir='ltr'>ex</span> <span class='ocrx_word' id='word_1_33' title='bbox 799 476 1029 521; x_wconf 90' lang='lat' dir='ltr'>hominum</span> <span class='ocrx_word' id='word_1_34' title='bbox 1051 477 1246 523; x_wconf 87' lang='lat' dir='ltr'>moribus</span> <span class='ocrx_word' id='word_1_35' title='bbox 1268 487 1312 522; x_wconf 89' lang='lat' dir='ltr'>et</span> <span class='ocrx_word' id='word_1_36' title='bbox 1332 477 1457 523; x_wconf 73' lang='lat' dir='ltr'>iactis</span> 
     </span>
     <span class='ocr_line' id='line_1_5' title="bbox 68 544 1460 606; baseline 0 -15"><span class='ocrx_word' id='word_1_37' title='bbox 68 565 91 591; x_wconf 84' lang='lat'><strong>»</strong></span> <span class='ocrx_word' id='word_1_38' title='bbox 123 547 270 594; x_wconf 88' lang='lat' dir='ltr'>divina</span> <span class='ocrx_word' id='word_1_39' title='bbox 289 556 557 592; x_wconf 84' lang='lat' dir='ltr'>sacramenta</span> <span class='ocrx_word' id='word_1_40' title='bbox 576 549 800 606; x_wconf 86' lang='lat' dir='ltr'>pensare¹.</span> <span class='ocrx_word' id='word_1_41' title='bbox 820 564 839 587; x_wconf 90' lang='lat'>»</span> <span class='ocrx_word' id='word_1_42' title='bbox 852 544 932 590; x_wconf 89' lang='lat' dir='ltr'>Illa</span> <span class='ocrx_word' id='word_1_43' title='bbox 955 545 1069 590; x_wconf 86' lang='lat' dir='ltr'>enirn</span> <span class='ocrx_word' id='word_1_44' title='bbox 1094 560 1172 605; x_wconf 89' lang='lat' dir='ltr'>per</span> <span class='ocrx_word' id='word_1_45' title='bbox 1193 561 1293 590; x_wconf 88' lang='lat' dir='ltr'>eum</span> <span class='ocrx_word' id='word_1_46' title='bbox 1313 556 1460 591; x_wconf 88' lang='lat' dir='ltr'>sancta</span> 
     </span>
     <span class='ocr_line' id='line_1_6' title="bbox 65 616 1457 678; baseline -0.001 -15"><span class='ocrx_word' id='word_1_47' title='bbox 65 627 168 663; x_wconf 88' lang='lat' dir='ltr'>sunt</span> <span class='ocrx_word' id='word_1_48' title='bbox 188 619 312 678; x_wconf 87' lang='lat' dir='ltr'>cujus</span> <span class='ocrx_word' id='word_1_49' title='bbox 340 627 443 664; x_wconf 87' lang='lat' dir='ltr'>sunt</span> <span class='ocrx_word' id='word_1_50' title='bbox 469 638 478 663; x_wconf 85' lang='grc'>;</span> <span class='ocrx_word' id='word_1_51' title='bbox 514 616 589 662; x_wconf 90' lang='lat' dir='ltr'>sed</span> <span class='ocrx_word' id='word_1_52' title='bbox 612 616 744 675; x_wconf 86' lang='lat' dir='ltr'>digne</span> <span class='ocrx_word' id='word_1_53' title='bbox 768 625 949 661; x_wconf 90' lang='lat' dir='ltr'>tractata</span> <span class='ocrx_word' id='word_1_54' title='bbox 979 616 1170 660; x_wconf 76' lang='lat' dir='ltr'>afferunt</span> <span class='ocrx_word' id='word_1_55' title='bbox 1203 617 1430 675; x_wconf 81' lang='lat' dir='ltr'>praemium</span> <span class='ocrx_word' id='word_1_56' title='bbox 1446 652 1457 673; x_wconf 94' lang='lat'>,</span> 
     </span>
     <span class='ocr_line' id='line_1_7' title="bbox 65 685 1463 747; baseline -0.001 -15"><span class='ocrx_word' id='word_1_57' title='bbox 65 687 244 746; x_wconf 88' lang='lat' dir='ltr'>indigne</span> <span class='ocrx_word' id='word_1_58' title='bbox 266 696 411 733; x_wconf 90' lang='lat' dir='ltr'>autem</span> <span class='ocrx_word' id='word_1_59' title='bbox 442 695 630 732; x_wconf 87' lang='lat' dir='ltr'>tractata</span> <span class='ocrx_word' id='word_1_60' title='bbox 647 685 879 747; x_wconf 88' lang='lat' dir='ltr'>judicium.</span> <span class='ocrx_word' id='word_1_61' title='bbox 907 688 964 731; x_wconf 90' lang='lat' dir='ltr'>Et</span> <span class='ocrx_word' id='word_1_62' title='bbox 992 686 1188 746; x_wconf 90' lang='lat' dir='ltr'>quamvis</span> <span class='ocrx_word' id='word_1_63' title='bbox 1210 700 1351 730; x_wconf 89' lang='lat' dir='ltr'>unum</span> <span class='ocrx_word' id='word_1_64' title='bbox 1374 701 1463 730; x_wconf 90' lang='lat' dir='ltr'>non</span> 
     </span>
     <span class='ocr_line' id='line_1_8' title="bbox 62 755 1458 818; baseline -0.001 -15"><span class='ocrx_word' id='word_1_65' title='bbox 62 758 150 803; x_wconf 89' lang='lat' dir='ltr'>sint</span> <span class='ocrx_word' id='word_1_66' title='bbox 161 758 238 818; x_wconf 90' lang='lat' dir='ltr'>qui</span> <span class='ocrx_word' id='word_1_67' title='bbox 251 758 327 802; x_wconf 89' lang='lat' dir='ltr'>Dei</span> <span class='ocrx_word' id='word_1_68' title='bbox 340 766 661 803; x_wconf 88' lang='lat' dir='ltr'>sacramentum</span> <span class='ocrx_word' id='word_1_69' title='bbox 673 756 803 815; x_wconf 86' lang='lat' dir='ltr'>digne</span> <span class='ocrx_word' id='word_1_70' title='bbox 820 765 863 802; x_wconf 89' lang='lat' dir='ltr'>et</span> <span class='ocrx_word' id='word_1_71' title='bbox 876 757 952 816; x_wconf 91' lang='lat' dir='ltr'>qui</span> <span class='ocrx_word' id='word_1_72' title='bbox 966 756 1146 816; x_wconf 91' lang='lat' dir='ltr'>indigne</span> <span class='ocrx_word' id='word_1_73' title='bbox 1156 755 1458 802; x_wconf 80' lang='lat' dir='ltr'><strong>tractaverint:</strong></span> 
     </span>
     <span class='ocr_line' id='line_1_9' title="bbox 64 827 1460 887; baseline -0.004 -12"><span class='ocrx_word' id='word_1_74' title='bbox 64 843 204 875; x_wconf 85' lang='lat' dir='ltr'>unum</span> <span class='ocrx_word' id='word_1_75' title='bbox 225 839 289 875; x_wconf 89' lang='lat' dir='ltr'>est</span> <span class='ocrx_word' id='word_1_76' title='bbox 311 838 458 874; x_wconf 87' lang='lat' dir='ltr'>tamen</span> <span class='ocrx_word' id='word_1_77' title='bbox 488 827 599 873; x_wconf 91' lang='lat' dir='ltr'>illud</span> <span class='ocrx_word' id='word_1_78' title='bbox 625 829 713 873; x_wconf 88' lang='lat' dir='ltr'>sive</span> <span class='ocrx_word' id='word_1_79' title='bbox 738 827 869 887; x_wconf 85' lang='lat' dir='ltr'><strong>digne</strong></span> <span class='ocrx_word' id='word_1_80' title='bbox 898 828 987 873; x_wconf 89' lang='lat' dir='ltr'>sive</span> <span class='ocrx_word' id='word_1_81' title='bbox 1018 828 1197 887; x_wconf 84' lang='lat' dir='ltr'>indigne</span> <span class='ocrx_word' id='word_1_82' title='bbox 1218 836 1427 872; x_wconf 84' lang='lat' dir='ltr'>tractetur</span> <span class='ocrx_word' id='word_1_83' title='bbox 1449 848 1460 885; x_wconf 80' lang='lat'><em>3</em></span> 
     </span>
     <span class='ocr_line' id='line_1_10' title="bbox 65 897 1460 960; baseline -0.003 -15"><span class='ocrx_word' id='word_1_84' title='bbox 65 915 155 946; x_wconf 91' lang='lat' dir='ltr'>non</span> <span class='ocrx_word' id='word_1_85' title='bbox 182 909 233 945; x_wconf 81' lang='lat' dir='ltr'>ut</span> <span class='ocrx_word' id='word_1_86' title='bbox 254 900 397 960; x_wconf 90' lang='lat' dir='ltr'>ipsum</span> <span class='ocrx_word' id='word_1_87' title='bbox 418 899 573 945; x_wconf 90' lang='lat' dir='ltr'>melius</span> <span class='ocrx_word' id='word_1_88' title='bbox 596 899 668 945; x_wconf 88' lang='lat' dir='ltr'>vel</span> <span class='ocrx_word' id='word_1_89' title='bbox 690 899 880 944; x_wconf 89' lang='lat' dir='ltr'>deterius</span> <span class='ocrx_word' id='word_1_90' title='bbox 903 899 994 954; x_wconf 87' lang='lat' dir='ltr'>fiat,</span> <span class='ocrx_word' id='word_1_91' title='bbox 1017 897 1090 943; x_wconf 91' lang='lat' dir='ltr'>sed</span> <span class='ocrx_word' id='word_1_92' title='bbox 1109 897 1163 943; x_wconf 89' lang='lat' dir='ltr'>ad</span> <span class='ocrx_word' id='word_1_93' title='bbox 1184 900 1318 944; x_wconf 91' lang='lat' dir='ltr'>vitam</span> <span class='ocrx_word' id='word_1_94' title='bbox 1341 913 1460 942; x_wconf 92' lang='lat' dir='ltr'>mor-</span> 
     </span>
     <span class='ocr_line' id='line_1_11' title="bbox 63 968 1459 1031; baseline -0.004 -13"><span class='ocrx_word' id='word_1_95' title='bbox 63 980 207 1018; x_wconf 88' lang='lat' dir='ltr'>temve</span> <span class='ocrx_word' id='word_1_96' title='bbox 226 972 519 1018; x_wconf 87' lang='lat' dir='ltr'>tractantium.</span> <span class='ocrx_word' id='word_1_97' title='bbox 540 971 658 1017; x_wconf 92' lang='lat' dir='ltr'>Illud</span> <span class='ocrx_word' id='word_1_98' title='bbox 674 986 775 1016; x_wconf 90' lang='lat' dir='ltr'>sane</span> <span class='ocrx_word' id='word_1_99' title='bbox 797 971 915 1031; x_wconf 90' lang='lat' dir='ltr'>quod</span> <span class='ocrx_word' id='word_1_100' title='bbox 940 969 1083 1015; x_wconf 77' lang='lat' dir='ltr'>dixisti</span> <span class='ocrx_word' id='word_1_101' title='bbox 1104 989 1114 1016; x_wconf 89' lang='grc'>;</span> <span class='ocrx_word' id='word_1_102' title='bbox 1134 988 1154 1012; x_wconf 87' lang='lat'>«</span> <span class='ocrx_word' id='word_1_103' title='bbox 1175 970 1287 1024; x_wconf 86' lang='lat' dir='ltr'>Quia</span> <span class='ocrx_word' id='word_1_104' title='bbox 1310 970 1354 1014; x_wconf 93' lang='lat' dir='ltr'>in</span> <span class='ocrx_word' id='word_1_105' title='bbox 1375 968 1459 1013; x_wconf 87' lang='lat' dir='ltr'>illis</span> 
     </span>
     <span class='ocr_line' id='line_1_12' title="bbox 67 1039 1460 1103; baseline 0 -19"><span class='ocrx_word' id='word_1_106' title='bbox 67 1058 213 1103; x_wconf 79' lang='lat' dir='ltr'>»quos</span> <span class='ocrx_word' id='word_1_107' title='bbox 240 1043 477 1103; x_wconf 88' lang='lat' dir='ltr'>baptizavit</span> <span class='ocrx_word' id='word_1_108' title='bbox 499 1051 598 1102; x_wconf 88' lang='lat' dir='ltr'>post</span> <span class='ocrx_word' id='word_1_109' title='bbox 620 1044 834 1087; x_wconf 89' lang='lat' dir='ltr'>Joannem</span> <span class='ocrx_word' id='word_1_110' title='bbox 858 1041 1042 1097; x_wconf 82' lang='lat' dir='ltr'>PauluS,</span> <span class='ocrx_word' id='word_1_111' title='bbox 1069 1040 1190 1101; x_wconf 91' lang='lat' dir='ltr'>quod</span> <span class='ocrx_word' id='word_1_112' title='bbox 1201 1042 1290 1101; x_wconf 88' lang='lat' dir='ltr'>jam</span> <span class='ocrx_word' id='word_1_113' title='bbox 1317 1039 1460 1084; x_wconf 88' lang='lat' dir='ltr'>fuerat</span> 
     </span>
     <span class='ocr_line' id='line_1_13' title="bbox 65 1111 1458 1173; baseline -0.003 -15"><span class='ocrx_word' id='word_1_114' title='bbox 65 1131 87 1155; x_wconf 86' lang='lat'>»</span> <span class='ocrx_word' id='word_1_115' title='bbox 103 1113 292 1171; x_wconf 79' lang='lat' dir='ltr'>abluit²3</span> <span class='ocrx_word' id='word_1_116' title='bbox 309 1113 539 1173; x_wconf 78' lang='lat' dir='ltr'>»profecto</span> <span class='ocrx_word' id='word_1_117' title='bbox 557 1129 647 1158; x_wconf 89' lang='lat' dir='ltr'>non</span> <span class='ocrx_word' id='word_1_118' title='bbox 668 1114 850 1168; x_wconf 88' lang='lat' dir='ltr'>diceres,</span> <span class='ocrx_word' id='word_1_119' title='bbox 868 1113 903 1157; x_wconf 91' lang='lat' dir='ltr'>si</span> <span class='ocrx_word' id='word_1_120' title='bbox 926 1112 1198 1173; x_wconf 89' lang='lat' dir='ltr'>aliquantum</span> <span class='ocrx_word' id='word_1_121' title='bbox 1212 1111 1458 1157; x_wconf 88' lang='lat' dir='ltr'>considera-</span> 
     </span>
     <span class='ocr_line' id='line_1_14' title="bbox 63 1182 1457 1243; baseline -0.003 -14"><span class='ocrx_word' id='word_1_122' title='bbox 63 1199 130 1229; x_wconf 89' lang='lat' dir='ltr'>res</span> <span class='ocrx_word' id='word_1_123' title='bbox 147 1183 253 1243; x_wconf 88' lang='lat' dir='ltr'>quid</span> <span class='ocrx_word' id='word_1_124' title='bbox 275 1184 454 1229; x_wconf 89' lang='lat' dir='ltr'>diceres.</span> <span class='ocrx_word' id='word_1_125' title='bbox 483 1184 525 1228; x_wconf 93' lang='lat' dir='ltr'>Si</span> <span class='ocrx_word' id='word_1_126' title='bbox 552 1183 667 1227; x_wconf 91' lang='lat' dir='ltr'>enim</span> <span class='ocrx_word' id='word_1_127' title='bbox 691 1182 938 1228; x_wconf 90' lang='lat' dir='ltr'>abluendus</span> <span class='ocrx_word' id='word_1_128' title='bbox 959 1183 1046 1227; x_wconf 86' lang='lat' dir='ltr'>fuit</span> <span class='ocrx_word' id='word_1_129' title='bbox 1066 1183 1306 1242; x_wconf 82' lang='lat' dir='ltr'>baptismus</span> <span class='ocrx_word' id='word_1_130' title='bbox 1319 1185 1457 1226; x_wconf 87' lang='lat' dir='ltr'>Joan-</span> 
     </span>
     <span class='ocr_line' id='line_1_15' title="bbox 63 1253 1459 1315; baseline -0.003 -15"><span class='ocrx_word' id='word_1_131' title='bbox 63 1256 147 1310; x_wconf 90' lang='lat' dir='ltr'>nis,</span> <span class='ocrx_word' id='word_1_132' title='bbox 163 1255 468 1315; x_wconf 90' lang='lat' dir='ltr'>proculdubio</span> <span class='ocrx_word' id='word_1_133' title='bbox 490 1253 692 1299; x_wconf 87' lang='lat' dir='ltr'>sordidus</span> <span class='ocrx_word' id='word_1_134' title='bbox 704 1253 803 1298; x_wconf 76' lang='lat' dir='ltr'>fuit,</span> <span class='ocrx_word' id='word_1_135' title='bbox 825 1253 942 1307; x_wconf 91' lang='lat' dir='ltr'>Quid</span> <span class='ocrx_word' id='word_1_136' title='bbox 956 1269 1060 1312; x_wconf 89' lang='lat' dir='ltr'>ergo</span> <span class='ocrx_word' id='word_1_137' title='bbox 1077 1255 1166 1313; x_wconf 87' lang='lat' dir='ltr'>jam</span> <span class='ocrx_word' id='word_1_138' title='bbox 1187 1263 1229 1298; x_wconf 88' lang='lat' dir='ltr'>te</span> <span class='ocrx_word' id='word_1_139' title='bbox 1252 1254 1459 1312; x_wconf 80' lang='lat' dir='ltr'>urgeam?</span> 
     </span>
     <span class='ocr_line' id='line_1_16' title="bbox 32 1324 1457 1385; baseline -0.002 -16"><span class='ocrx_word' id='word_1_140' title='bbox 32 1364 42 1369; x_wconf 73' lang='lat'>-</span> <span class='ocrx_word' id='word_1_141' title='bbox 62 1325 223 1372; x_wconf 84' lang='lat' dir='ltr'>Recole</span> <span class='ocrx_word' id='word_1_142' title='bbox 239 1335 314 1371; x_wconf 89' lang='lat' dir='ltr'>aut</span> <span class='ocrx_word' id='word_1_143' title='bbox 329 1325 443 1385; x_wconf 88' lang='lat' dir='ltr'>lege,</span> <span class='ocrx_word' id='word_1_144' title='bbox 464 1334 507 1370; x_wconf 92' lang='lat' dir='ltr'>et</span> <span class='ocrx_word' id='word_1_145' title='bbox 529 1325 628 1369; x_wconf 87' lang='lat' dir='ltr'>vide</span> <span class='ocrx_word' id='word_1_146' title='bbox 646 1324 764 1369; x_wconf 91' lang='lat' dir='ltr'>unde</span> <span class='ocrx_word' id='word_1_147' title='bbox 786 1325 868 1369; x_wconf 89' lang='lat' dir='ltr'>hoc</span> <span class='ocrx_word' id='word_1_148' title='bbox 890 1327 1079 1369; x_wconf 89' lang='lat' dir='ltr'>Joannes</span> <span class='ocrx_word' id='word_1_149' title='bbox 1095 1324 1311 1382; x_wconf 89' lang='lat' dir='ltr'>acceperit</span> <span class='ocrx_word' id='word_1_150' title='bbox 1341 1342 1350 1367; x_wconf 70' lang='grc' dir='ltr'>ε</span> <span class='ocrx_word' id='word_1_151' title='bbox 1387 1338 1457 1366; x_wconf 88' lang='lat' dir='ltr'>re-</span> 
     </span>
     <span class='ocr_line' id='line_1_17' title="bbox 61 1392 1457 1459; baseline -0.004 -16"><span class='ocrx_word' id='word_1_152' title='bbox 61 1398 200 1459; x_wconf 89' lang='lat' dir='ltr'>peries</span> <span class='ocrx_word' id='word_1_153' title='bbox 225 1397 272 1442; x_wconf 87' lang='lat' dir='ltr'>in</span> <span class='ocrx_word' id='word_1_154' title='bbox 298 1411 430 1457; x_wconf 91' lang='lat' dir='ltr'>quem</span> <span class='ocrx_word' id='word_1_155' title='bbox 461 1394 669 1440; x_wconf 85' lang='lat' dir='ltr'>effuderis</span> <span class='ocrx_word' id='word_1_156' title='bbox 689 1395 815 1440; x_wconf 90' lang='lat' dir='ltr'>istam</span> <span class='ocrx_word' id='word_1_157' title='bbox 838 1394 1153 1453; x_wconf 82' lang='lat' dir='ltr'>blasphemiam</span> <span class='ocrx_word' id='word_1_158' title='bbox 1182 1413 1191 1438; x_wconf 87' lang='grc'>;</span> <span class='ocrx_word' id='word_1_159' title='bbox 1217 1392 1338 1453; x_wconf 92' lang='lat' dir='ltr'>quod</span> <span class='ocrx_word' id='word_1_160' title='bbox 1355 1408 1457 1438; x_wconf 90' lang='lat' dir='ltr'>cum</span> 
     </span>
     <span class='ocr_line' id='line_1_18' title="bbox 62 1462 1454 1529; baseline -0.005 -15"><span class='ocrx_word' id='word_1_161' title='bbox 62 1468 287 1529; x_wconf 87' lang='lat' dir='ltr'>repereris,</span> <span class='ocrx_word' id='word_1_162' title='bbox 317 1468 467 1512; x_wconf 89' lang='lat' dir='ltr'>saltem</span> <span class='ocrx_word' id='word_1_163' title='bbox 488 1475 640 1526; x_wconf 87' lang='lat' dir='ltr'>pectus</span> <span class='ocrx_word' id='word_1_164' title='bbox 658 1465 888 1520; x_wconf 87' lang='lat' dir='ltr'>tundatur,</span> <span class='ocrx_word' id='word_1_165' title='bbox 909 1466 943 1509; x_wconf 91' lang='lat' dir='ltr'>si</span> <span class='ocrx_word' id='word_1_166' title='bbox 960 1464 1108 1522; x_wconf 89' lang='lat' dir='ltr'>lingua</span> <span class='ocrx_word' id='word_1_167' title='bbox 1135 1462 1454 1517; x_wconf 43' lang='lat' dir='ltr'>non—frenatur.</span> 
     </span>
    </p>

    <p class='ocr_par' dir='ltr' id='par_1_3' title="bbox 60 1532 1458 2583">
     <span class='ocr_line' id='line_1_19' title="bbox 121 1532 1457 1597; baseline -0.004 -13"><span class='ocrx_word' id='word_1_168' title='bbox 121 1540 367 1585; x_wconf 84' lang='lat' dir='ltr'>LXXXIX.</span> <span class='ocrx_word' id='word_1_169' title='bbox 395 1540 491 1583; x_wconf 89' lang='lat' dir='ltr'>Jam</span> <span class='ocrx_word' id='word_1_170' title='bbox 510 1552 615 1583; x_wconf 90' lang='lat' dir='ltr'>vero</span> <span class='ocrx_word' id='word_1_171' title='bbox 637 1536 759 1597; x_wconf 91' lang='lat' dir='ltr'>quod</span> <span class='ocrx_word' id='word_1_172' title='bbox 784 1535 1005 1594; x_wconf 86' lang='lat' dir='ltr'>eleganter</span> <span class='ocrx_word' id='word_1_173' title='bbox 1026 1534 1150 1580; x_wconf 87' lang='lat' dir='ltr'>vobis</span> <span class='ocrx_word' id='word_1_174' title='bbox 1173 1535 1316 1579; x_wconf 85' lang='lat' dir='ltr'>dicere</span> <span class='ocrx_word' id='word_1_175' title='bbox 1332 1532 1457 1578; x_wconf 91' lang='lat' dir='ltr'>vide-</span> 
     </span>
     <span class='ocr_line' id='line_1_20' title="bbox 62 1605 1458 1667; baseline -0.005 -12"><span class='ocrx_word' id='word_1_176' title='bbox 62 1610 187 1664; x_wconf 89' lang='lat' dir='ltr'>mini,</span> <span class='ocrx_word' id='word_1_177' title='bbox 216 1629 237 1653; x_wconf 93' lang='lat'>«</span> <span class='ocrx_word' id='word_1_178' title='bbox 260 1609 304 1656; x_wconf 90' lang='lat' dir='ltr'>Si</span> <span class='ocrx_word' id='word_1_179' title='bbox 324 1608 437 1654; x_wconf 88' lang='lat' dir='ltr'>male</span> <span class='ocrx_word' id='word_1_180' title='bbox 459 1609 543 1654; x_wconf 91' lang='lat' dir='ltr'>hoc</span> <span class='ocrx_word' id='word_1_181' title='bbox 557 1607 757 1662; x_wconf 87' lang='lat' dir='ltr'>facimus,</span> <span class='ocrx_word' id='word_1_182' title='bbox 773 1622 908 1667; x_wconf 88' lang='lat' dir='ltr'>quare</span> <span class='ocrx_word' id='word_1_183' title='bbox 925 1621 1005 1650; x_wconf 92' lang='lat' dir='ltr'>nos</span> <span class='ocrx_word' id='word_1_184' title='bbox 1019 1605 1240 1666; x_wconf 75' lang='lat' dir='ltr'>quaeritis?</span> <span class='ocrx_word' id='word_1_185' title='bbox 1265 1623 1285 1647; x_wconf 87' lang='lat'>»</span> <span class='ocrx_word' id='word_1_186' title='bbox 1310 1619 1458 1649; x_wconf 91' lang='lat' dir='ltr'>nonne</span> 
     </span>
     <span class='ocr_line' id='line_1_21' title="bbox 61 1675 1454 1740; baseline -0.004 -16"><span class='ocrx_word' id='word_1_187' title='bbox 61 1679 296 1740; x_wconf 80' lang='lat' dir='ltr'>aliquando</span> <span class='ocrx_word' id='word_1_188' title='bbox 321 1678 634 1734; x_wconf 88' lang='lat' dir='ltr'>recordamini,</span> <span class='ocrx_word' id='word_1_189' title='bbox 662 1678 765 1739; x_wconf 89' lang='lat' dir='ltr'>quia</span> <span class='ocrx_word' id='word_1_190' title='bbox 787 1693 878 1723; x_wconf 90' lang='lat' dir='ltr'>non</span> <span class='ocrx_word' id='word_1_191' title='bbox 899 1685 1157 1737; x_wconf 85' lang='lat' dir='ltr'>quaeruntur</span> <span class='ocrx_word' id='word_1_192' title='bbox 1178 1675 1260 1720; x_wconf 88' lang='lat' dir='ltr'>nisi</span> <span class='ocrx_word' id='word_1_193' title='bbox 1282 1675 1359 1735; x_wconf 91' lang='lat' dir='ltr'>qui</span> <span class='ocrx_word' id='word_1_194' title='bbox 1377 1690 1454 1734; x_wconf 86' lang='lat' dir='ltr'>pe·-</span> 
     </span>
     <span class='ocr_line' id='line_1_22' title="bbox 61 1746 1456 1807; baseline -0.004 -12"><span class='ocrx_word' id='word_1_195' title='bbox 61 1750 328 1795; x_wconf 70' lang='lat' dir='ltr'>rierunt‘ZAn</span> <span class='ocrx_word' id='word_1_196' title='bbox 340 1759 384 1795; x_wconf 91' lang='lat' dir='ltr'>et</span> <span class='ocrx_word' id='word_1_197' title='bbox 398 1750 482 1795; x_wconf 91' lang='lat' dir='ltr'>hoc</span> <span class='ocrx_word' id='word_1_198' title='bbox 498 1765 588 1794; x_wconf 92' lang='lat' dir='ltr'>non</span> <span class='ocrx_word' id='word_1_199' title='bbox 605 1748 769 1803; x_wconf 89' lang='lat' dir='ltr'>videre,</span> <span class='ocrx_word' id='word_1_200' title='bbox 790 1748 846 1793; x_wconf 89' lang='lat' dir='ltr'>ad</span> <span class='ocrx_word' id='word_1_201' title='bbox 863 1748 998 1807; x_wconf 89' lang='lat' dir='ltr'>ipsam</span> <span class='ocrx_word' id='word_1_202' title='bbox 1012 1746 1302 1806; x_wconf 87' lang='lat' dir='ltr'>perditionem</span> <span class='ocrx_word' id='word_1_203' title='bbox 1321 1746 1456 1805; x_wconf 85' lang='lat' dir='ltr'>perti-</span> 
     </span>
     <span class='ocr_line' id='line_1_23' title="bbox 61 1816 1453 1877; baseline -0.004 -11"><span class='ocrx_word' id='word_1_204' title='bbox 61 1822 162 1866; x_wconf 83' lang='lat' dir='ltr'>net?</span> <span class='ocrx_word' id='word_1_205' title='bbox 184 1824 332 1866; x_wconf 90' lang='lat' dir='ltr'>Posset</span> <span class='ocrx_word' id='word_1_206' title='bbox 353 1821 470 1866; x_wconf 91' lang='lat' dir='ltr'>enim</span> <span class='ocrx_word' id='word_1_207' title='bbox 494 1829 537 1865; x_wconf 94' lang='lat' dir='ltr'>et</span> <span class='ocrx_word' id='word_1_208' title='bbox 554 1818 627 1865; x_wconf 90' lang='lat' dir='ltr'>illa</span> <span class='ocrx_word' id='word_1_209' title='bbox 650 1820 741 1865; x_wconf 90' lang='lat' dir='ltr'>ovis</span> <span class='ocrx_word' id='word_1_210' title='bbox 774 1828 862 1863; x_wconf 91' lang='lat' dir='ltr'>tam</span> <span class='ocrx_word' id='word_1_211' title='bbox 887 1817 1075 1863; x_wconf 89' lang='lat' dir='ltr'>absurde</span> <span class='ocrx_word' id='word_1_212' title='bbox 1097 1817 1256 1877; x_wconf 89' lang='lat' dir='ltr'>pastori</span> <span class='ocrx_word' id='word_1_213' title='bbox 1281 1816 1424 1861; x_wconf 88' lang='lat' dir='ltr'>dicere</span> <span class='ocrx_word' id='word_1_214' title='bbox 1444 1834 1453 1861; x_wconf 77' lang='grc' dir='ltr'>ι</span> 
     </span>
     <span class='ocr_line' id='line_1_24' title="bbox 65 1887 1457 1951; baseline -0.005 -14"><span class='ocrx_word' id='word_1_215' title='bbox 65 1891 108 1937; x_wconf 91' lang='lat' dir='ltr'>Si</span> <span class='ocrx_word' id='word_1_216' title='bbox 130 1890 242 1936; x_wconf 89' lang='lat' dir='ltr'>male</span> <span class='ocrx_word' id='word_1_217' title='bbox 263 1890 375 1936; x_wconf 86' lang='lat' dir='ltr'>facio</span> <span class='ocrx_word' id='word_1_218' title='bbox 397 1890 519 1951; x_wconf 91' lang='lat' dir='ltr'>quod</span> <span class='ocrx_word' id='word_1_219' title='bbox 535 1906 559 1935; x_wconf 95' lang='lat' dir='ltr'>a</span> <span class='ocrx_word' id='word_1_220' title='bbox 577 1905 708 1949; x_wconf 86' lang='lat' dir='ltr'>grege</span> <span class='ocrx_word' id='word_1_221' title='bbox 731 1889 902 1945; x_wconf 91' lang='lat' dir='ltr'>aberro,</span> <span class='ocrx_word' id='word_1_222' title='bbox 926 1903 1062 1949; x_wconf 89' lang='lat' dir='ltr'>quare</span> <span class='ocrx_word' id='word_1_223' title='bbox 1074 1903 1145 1933; x_wconf 89' lang='lat' dir='ltr'>me</span> <span class='ocrx_word' id='word_1_224' title='bbox 1161 1887 1350 1948; x_wconf 77' lang='lat' dir='ltr'>quaeris?</span> <span class='ocrx_word' id='word_1_225' title='bbox 1366 1901 1457 1931; x_wconf 88' lang='lat' dir='ltr'>non</span> 
     </span>
     <span class='ocr_line' id='line_1_25' title="bbox 62 1960 1456 2022; baseline -0.004 -16"><span class='ocrx_word' id='word_1_226' title='bbox 62 1961 306 2020; x_wconf 89' lang='lat' dir='ltr'>intelligens</span> <span class='ocrx_word' id='word_1_227' title='bbox 326 1977 461 2022; x_wconf 92' lang='lat' dir='ltr'>quare</span> <span class='ocrx_word' id='word_1_228' title='bbox 483 1976 527 2006; x_wconf 91' lang='lat' dir='ltr'>se</span> <span class='ocrx_word' id='word_1_229' title='bbox 544 1969 671 2021; x_wconf 89' lang='lat' dir='ltr'>putat</span> <span class='ocrx_word' id='word_1_230' title='bbox 691 1975 782 2005; x_wconf 91' lang='lat' dir='ltr'>non</span> <span class='ocrx_word' id='word_1_231' title='bbox 803 1974 893 2004; x_wconf 91' lang='lat' dir='ltr'>esse</span> <span class='ocrx_word' id='word_1_232' title='bbox 909 1960 1208 2020; x_wconf 85' lang='lat' dir='ltr'>quaerendam,</span> <span class='ocrx_word' id='word_1_233' title='bbox 1229 1960 1342 2003; x_wconf 90' lang='lat' dir='ltr'>hanc</span> <span class='ocrx_word' id='word_1_234' title='bbox 1365 1971 1456 2002; x_wconf 90' lang='lat' dir='ltr'>esse</span> 
     </span>
     <span class='ocr_line' id='line_1_26' title="bbox 61 2028 1450 2091; baseline -0.005 -14"><span class='ocrx_word' id='word_1_235' title='bbox 61 2046 195 2078; x_wconf 89' lang='lat' dir='ltr'>unam</span> <span class='ocrx_word' id='word_1_236' title='bbox 222 2046 395 2077; x_wconf 90' lang='lat' dir='ltr'>causam</span> <span class='ocrx_word' id='word_1_237' title='bbox 424 2046 560 2091; x_wconf 88' lang='lat' dir='ltr'>quare</span> <span class='ocrx_word' id='word_1_238' title='bbox 589 2039 826 2090; x_wconf 81' lang='lat' dir='ltr'>quaeratur.</span> <span class='ocrx_word' id='word_1_239' title='bbox 861 2030 966 2082; x_wconf 92' lang='lat' dir='ltr'>Quis</span> <span class='ocrx_word' id='word_1_240' title='bbox 1000 2038 1146 2073; x_wconf 89' lang='lat' dir='ltr'>autem</span> <span class='ocrx_word' id='word_1_241' title='bbox 1175 2043 1250 2074; x_wconf 91' lang='lat' dir='ltr'>vos</span> <span class='ocrx_word' id='word_1_242' title='bbox 1277 2028 1450 2087; x_wconf 87' lang='lat' dir='ltr'>quaerit,</span> 
     </span>
     <span class='ocr_line' id='line_1_27' title="bbox 62 2098 1456 2162; baseline -0.004 -14"><span class='ocrx_word' id='word_1_243' title='bbox 62 2103 150 2148; x_wconf 87' lang='lat' dir='ltr'>sive</span> <span class='ocrx_word' id='word_1_244' title='bbox 171 2117 250 2162; x_wconf 88' lang='lat' dir='ltr'>per</span> <span class='ocrx_word' id='word_1_245' title='bbox 272 2104 514 2162; x_wconf 87' lang='lat' dir='ltr'>Scripturas</span> <span class='ocrx_word' id='word_1_246' title='bbox 535 2117 650 2157; x_wconf 92' lang='lat' dir='ltr'>suas,</span> <span class='ocrx_word' id='word_1_247' title='bbox 674 2102 764 2146; x_wconf 88' lang='lat' dir='ltr'>sive</span> <span class='ocrx_word' id='word_1_248' title='bbox 785 2115 862 2160; x_wconf 89' lang='lat' dir='ltr'>per</span> <span class='ocrx_word' id='word_1_249' title='bbox 883 2099 1050 2158; x_wconf 87' lang='lat' dir='ltr'>linguas</span> <span class='ocrx_word' id='word_1_250' title='bbox 1063 2098 1295 2144; x_wconf 88' lang='lat' dir='ltr'>catholicas</span> <span class='ocrx_word' id='word_1_251' title='bbox 1317 2108 1360 2144; x_wconf 91' lang='lat' dir='ltr'>et</span> <span class='ocrx_word' id='word_1_252' title='bbox 1383 2114 1456 2158; x_wconf 92' lang='lat' dir='ltr'>pa-</span> 
     </span>
     <span class='ocr_line' id='line_1_28' title="bbox 61 2170 1456 2233; baseline -0.004 -14"><span class='ocrx_word' id='word_1_253' title='bbox 61 2174 220 2229; x_wconf 59' lang='lat' dir='ltr'>cifica,</span> <span class='ocrx_word' id='word_1_254' title='bbox 253 2174 341 2219; x_wconf 87' lang='lat' dir='ltr'>sive</span> <span class='ocrx_word' id='word_1_255' title='bbox 367 2189 445 2233; x_wconf 90' lang='lat' dir='ltr'>per</span> <span class='ocrx_word' id='word_1_256' title='bbox 472 2172 640 2231; x_wconf 87' lang='lat' dir='ltr'>flagella</span> <span class='ocrx_word' id='word_1_257' title='bbox 666 2170 974 2232; x_wconf 90' lang='lat' dir='ltr'>temporalium</span> <span class='ocrx_word' id='word_1_258' title='bbox 998 2170 1349 2225; x_wconf 87' lang='lat' dir='ltr'>tribulationum,</span> <span class='ocrx_word' id='word_1_259' title='bbox 1375 2171 1456 2215; x_wconf 88' lang='lat' dir='ltr'>nisi</span> 
     </span>
     <span class='ocr_line' id='line_1_29' title="bbox 60 2241 1455 2305; baseline -0.004 -15"><span class='ocrx_word' id='word_1_260' title='bbox 60 2243 135 2290; x_wconf 85' lang='lat' dir='ltr'>ille</span> <span class='ocrx_word' id='word_1_261' title='bbox 160 2245 238 2305; x_wconf 91' lang='lat' dir='ltr'>qui</span> <span class='ocrx_word' id='word_1_262' title='bbox 259 2245 384 2289; x_wconf 91' lang='lat' dir='ltr'>istam</span> <span class='ocrx_word' id='word_1_263' title='bbox 412 2243 749 2288; x_wconf 88' lang='lat' dir='ltr'>misericordiam</span> <span class='ocrx_word' id='word_1_264' title='bbox 773 2243 896 2288; x_wconf 91' lang='lat' dir='ltr'>vobis</span> <span class='ocrx_word' id='word_1_265' title='bbox 915 2242 1135 2301; x_wconf 90' lang='lat' dir='ltr'>dispensat</span> <span class='ocrx_word' id='word_1_266' title='bbox 1152 2243 1196 2286; x_wconf 92' lang='lat' dir='ltr'>in</span> <span class='ocrx_word' id='word_1_267' title='bbox 1219 2241 1455 2286; x_wconf 80' lang='lat' dir='ltr'>omnibus?</span> 
     </span>
     <span class='ocr_line' id='line_1_30' title="bbox 61 2312 1456 2373; baseline -0.002 -14"><span class='ocrx_word' id='word_1_268' title='bbox 61 2315 307 2368; x_wconf 86' lang='lat' dir='ltr'>Quaerimus</span> <span class='ocrx_word' id='word_1_269' title='bbox 327 2329 431 2373; x_wconf 87' lang='lat' dir='ltr'>ergo</span> <span class='ocrx_word' id='word_1_270' title='bbox 448 2329 539 2368; x_wconf 88' lang='lat' dir='ltr'>vos,</span> <span class='ocrx_word' id='word_1_271' title='bbox 564 2322 614 2358; x_wconf 90' lang='lat' dir='ltr'>ut</span> <span class='ocrx_word' id='word_1_272' title='bbox 629 2313 901 2358; x_wconf 92' lang='lat' dir='ltr'>inveniamus</span> <span class='ocrx_word' id='word_1_273' title='bbox 925 2332 933 2358; x_wconf 91' lang='lat'>:</span> <span class='ocrx_word' id='word_1_274' title='bbox 962 2322 1132 2357; x_wconf 85' lang='lat' dir='ltr'>tantum</span> <span class='ocrx_word' id='word_1_275' title='bbox 1154 2313 1268 2358; x_wconf 91' lang='lat' dir='ltr'>enim</span> <span class='ocrx_word' id='word_1_276' title='bbox 1290 2328 1366 2357; x_wconf 92' lang='lat' dir='ltr'>vos</span> <span class='ocrx_word' id='word_1_277' title='bbox 1386 2312 1456 2356; x_wconf 87' lang='lat' dir='ltr'>di·-</span> 
     </span>
     <span class='ocr_line' id='line_1_31' title="bbox 61 2382 1458 2444; baseline -0.002 -15"><span class='ocrx_word' id='word_1_278' title='bbox 61 2383 252 2444; x_wconf 86' lang='lat' dir='ltr'>ligimus,</span> <span class='ocrx_word' id='word_1_279' title='bbox 274 2394 324 2430; x_wconf 90' lang='lat' dir='ltr'>ut</span> <span class='ocrx_word' id='word_1_280' title='bbox 346 2385 514 2439; x_wconf 85' lang='lat' dir='ltr'>vivatiS,</span> <span class='ocrx_word' id='word_1_281' title='bbox 540 2393 756 2444; x_wconf 90' lang='lat' dir='ltr'>quantum</span> <span class='ocrx_word' id='word_1_282' title='bbox 773 2393 967 2428; x_wconf 86' lang='lat' dir='ltr'>vestrum</span> <span class='ocrx_word' id='word_1_283' title='bbox 984 2399 1174 2429; x_wconf 87' lang='lat' dir='ltr'>errorem</span> <span class='ocrx_word' id='word_1_284' title='bbox 1198 2382 1388 2437; x_wconf 79' lang='lat' dir='ltr'>odimuS,</span> <span class='ocrx_word' id='word_1_285' title='bbox 1410 2392 1458 2427; x_wconf 91' lang='lat' dir='ltr'>ut</span> 
     </span>
     <span class='ocr_line' id='line_1_32' title="bbox 63 2452 1458 2514; baseline -0.002 -15"><span class='ocrx_word' id='word_1_286' title='bbox 63 2455 246 2499; x_wconf 87' lang='lat' dir='ltr'>intereat</span> <span class='ocrx_word' id='word_1_287' title='bbox 276 2454 450 2514; x_wconf 87' lang='lat' dir='ltr'>quivos</span> <span class='ocrx_word' id='word_1_288' title='bbox 478 2452 649 2513; x_wconf 87' lang='lat' dir='ltr'>perdit,</span> <span class='ocrx_word' id='word_1_289' title='bbox 683 2454 878 2513; x_wconf 85' lang='lat' dir='ltr'>quandiu</span> <span class='ocrx_word' id='word_1_290' title='bbox 907 2455 997 2513; x_wconf 85' lang='lat' dir='ltr'>ipse</span> <span class='ocrx_word' id='word_1_291' title='bbox 1041 2469 1128 2498; x_wconf 88' lang='lat' dir='ltr'>non</span> <span class='ocrx_word' id='word_1_292' title='bbox 1154 2453 1278 2512; x_wconf 85' lang='lat' dir='ltr'>perit.</span> <span class='ocrx_word' id='word_1_293' title='bbox 1313 2455 1458 2511; x_wconf 85' lang='lat' dir='ltr'>Atque</span> 
     </span>
     <span class='ocr_line' id='line_1_33' title="bbox 62 2522 1454 2583; baseline -0.003 -14"><span class='ocrx_word' id='word_1_294' title='bbox 62 2525 229 2570; x_wconf 89' lang='lat' dir='ltr'>utinam</span> <span class='ocrx_word' id='word_1_295' title='bbox 257 2525 317 2569; x_wconf 92' lang='lat' dir='ltr'>sic</span> <span class='ocrx_word' id='word_1_296' title='bbox 338 2539 413 2570; x_wconf 90' lang='lat' dir='ltr'>vos</span> <span class='ocrx_word' id='word_1_297' title='bbox 443 2538 718 2583; x_wconf 88' lang='lat' dir='ltr'>quaeramus,</span> <span class='ocrx_word' id='word_1_298' title='bbox 755 2533 804 2569; x_wconf 89' lang='lat' dir='ltr'>ut</span> <span class='ocrx_word' id='word_1_299' title='bbox 833 2525 962 2569; x_wconf 88' lang='lat' dir='ltr'>etiam</span> <span class='ocrx_word' id='word_1_300' title='bbox 997 2524 1293 2576; x_wconf 82' lang='lat' dir='ltr'>inveniamus,</span> <span class='ocrx_word' id='word_1_301' title='bbox 1329 2532 1372 2567; x_wconf 84' lang='lat' dir='ltr'>et</span> <span class='ocrx_word' id='word_1_302' title='bbox 1400 2522 1454 2566; x_wconf 79' lang='lat' dir='ltr'>de</span> 
     </span>
    </p>
   </div>
   <div class='ocr_carea' id='block_1_3' title="bbox 109 2609 695 2651">
    <p class='ocr_par' dir='ltr' id='par_1_4' title="bbox 109 2609 695 2651">
     <span class='ocr_line' id='line_1_34' title="bbox 109 2609 695 2651; baseline -0.002 -9"><span class='ocrx_word' id='word_1_303' title='bbox 109 2616 119 2632; x_wconf 85' lang='lat'>¹</span> <span class='ocrx_word' id='word_1_304' title='bbox 142 2609 216 2642; x_wconf 83' lang='lat' dir='ltr'>lsai.</span> <span class='ocrx_word' id='word_1_305' title='bbox 237 2619 324 2651; x_wconf 74' lang='lat' dir='ltr'>nvi,</span> <span class='ocrx_word' id='word_1_306' title='bbox 345 2611 377 2642; x_wconf 87' lang='lat'>8.</span> <span class='ocrx_word' id='word_1_307' title='bbox 393 2626 434 2634; x_wconf 96' lang='lat'>—</span> <span class='ocrx_word' id='word_1_308' title='bbox 449 2615 461 2632; x_wconf 88' lang='lat'>²</span> <span class='ocrx_word' id='word_1_309' title='bbox 480 2610 557 2641; x_wconf 83' lang='lat' dir='ltr'>Act.</span> <span class='ocrx_word' id='word_1_310' title='bbox 577 2619 645 2650; x_wconf 79' lang='lat' dir='ltr'>xix,</span> <span class='ocrx_word' id='word_1_311' title='bbox 665 2609 695 2641; x_wconf 87' lang='lat'>5.</span> 
     </span>
    </p>
   </div>
  </div>
 </body>
</html>
