1825 3264
323 266 406 305 390
761 271 796 298 s.
830 266 1064 298 Auens-rim
1095 267 1278 296 zrrscon

320 342 418 386 sitas
446 337 526 394 Dei
555 343 753 382 creatura
774 343 852 380 est.
877 337 1012 379 Porro
1039 333 1075 378 si
1101 332 1357 377 maledictus
1383 339 1446 376 est
1474 331 1551 391 qui
1582 345 1704 390 spem

318 424 440 455 suam
457 407 582 467 ponit
598 407 643 450 in
664 405 856 460 homine,
876 412 1044 464 quanto
1059 402 1194 462 magis
1211 402 1288 462 qui
1309 416 1429 461 spem
1443 415 1566 446 suam
1579 401 1706 460 ponit

316 482 362 526 in
379 479 566 524 falsitate
579 477 807 536 ‘opinionis
828 477 1033 520 humanae
1052 508 1064 529 ‚
1089 483 1140 519 ut
1169 474 1216 518 in
1246 471 1361 518 illud
1391 471 1513 517 aliud
1542 470 1707 516 incidat

318 550 440 612 quod
457 550 665 608 scriptum
679 556 763 592 est:
780 566 798 589 α
810 547 895 600 Qui
906 545 1003 590 fidit
1023 545 1070 589 in
1083 544 1214 600 falsis,
1227 545 1300 589 hic
1312 544 1450 604 pascit
1461 551 1615 588 ventos
1624 544 1640 570 ¹
1655 559 1665 587 ι
1683 559 1703 584 »

321 623 367 667 id
385 631 465 677 est,
486 621 537 664 fit
559 635 656 664 esca
676 618 898 677 spiritibus
919 616 1056 661 malis.

379 695 437 738 X.
458 710 479 734 «
497 692 538 737 Si
552 690 722 744 datum,
733 688 892 748 inquis,
905 703 927 732 a
942 701 1225 748 quocumque
1241 694 1286 730 et
1297 684 1713 746 quomodocumque

322 763 536 823 baptisma
561 759 749 805 rescindi
769 774 859 804 non
877 757 1035 813 debet,
1056 772 1134 803 cur
1153 766 1251 817 post
1272 759 1488 801 Joannem
1515 753 1714 814 Apostoli

323 832 692 893 baptizaverunt?
717 848 738 871 »
777 834 949 882 Quanto
987 828 1287 873 vehementius
1318 827 1378 871 ita
1414 825 1708 885 proponitur:

326 905 368 950 Si
391 912 489 963 post
506 905 722 946 Joannem
743 899 940 959 Apostoli
968 899 1298 958 baptizaverunt
1319 932 1330 952 ‚
1361 912 1439 942 cur
1464 911 1555 941 non
1582 895 1714 939 etiam

326 983 423 1033 post
444 971 685 1032 quemlibet
704 978 904 1014 sanctum
932 969 1124 1028 baptizat
1143 968 1213 1012 vel
1234 966 1389 1011 melior
1408 965 1480 1010 vel
1500 963 1677 1025 aequalis
1696 966 1716 1008 ἱ)

324 1053 376 1088 ut
398 1043 467 1088 vel
487 1043 590 1086 hinc
617 1041 858 1097 intelligere
879 1040 1044 1097 cogaris
1059 1074 1071 1094 ,
1097 1037 1149 1083 ad
1169 1038 1294 1083 istam
1321 1037 1607 1097 quaestionem
1626 1051 1717 1080 non
1795 1076 1799 1091 ,

326 1114 542 1173 pertinere
561 1112 826 1170 baptismum
849 1110 1028 1154 Joannis
1062 1111 1081 1154 P
1102 1128 1121 1151 «
1162 1111 1220 1153 Et
1260 1111 1284 1153 J
1289 1109 1424 1153 udaeis
1437 1143 1449 1163 ‚
1490 1107 1636 1168 inquis
1650 1141 1662 1161 ‚
1692 1121 1717 1152 a
1792 1145 1794 1150 .

330 1186 484 1240 Moyse
507 1181 734 1241 baptizatis
749 1184 902 1224 Petrus
914 1180 1022 1224 dixit
1038 1199 1047 1224 z
1066 1198 1086 1222 «
1103 1179 1397 1233 Poenitemini‚
1412 1186 1455 1222 et
1471 1177 1717 1238 baptizetur

327 1273 348 1296 »
361 1254 664 1312 unusquisque
681 1261 872 1296 vestrum
886 1252 932 1296 in
953 1251 1131 1296 nomine
1152 1252 1256 1295 Jesu
1270 1249 1433 1295 Christi
1449 1249 1566 1293 2.»Si
1587 1262 1720 1307 prop·
1789 1242 1794 1282 ἲ

323 1335 439 1370 terea
459 1326 550 1384 jam
579 1323 786 1382 baptizati
812 1331 936 1367 erant
965 1321 1136 1388 Judaei7
1161 1321 1264 1380 quia
1291 1323 1462 1378 Moyses
1497 1335 1574 1379 per
1603 1333 1721 1363 mare
1789 1309 1791 1314 ¹

326 1396 531 1440 Rubrum
554 1403 654 1438 ante
676 1403 765 1438 tam
787 1393 970 1451 longum
993 1402 1167 1452 tempus
1187 1401 1386 1451 parentes
1406 1405 1556 1435 eorum
1578 1389 1722 1448 bapti·
1789 1416 1791 1421 ι

327 1482 398 1512 zav
406 1470 543 1523 erat35
557 1466 634 1526 qui
647 1465 701 1509 de
715 1465 970 1510 Christianis
980 1465 1208 1523 baptizatis
1221 1471 1477 1518 nascuntur,
1493 1463 1583 1506 sine
1594 1475 1721 1506 causa
1790 1503 1792 1506 .

328 1539 460 1582 hodie
488 1537 766 1596 baptizantur
790 1555 800 1581 ς
835 1545 878 1580 et
903 1545 1050 1580 tamen
1078 1536 1185 1580 dicis
1216 1535 1296 1580 ista
1316 1570 1326 1590 ,
1358 1543 1402 1579 et
1432 1533 1582 1578 scribis
1607 1533 1718 1578 ista:

329 1610 487 1654 audiris
510 1618 553 1652 et
578 1608 731 1667 legeris
747 1642 758 1662 ,
783 1617 826 1652 et
848 1607 1011 1666 putaris
1033 1607 1295 1666 respondere
1323 1605 1495 1650 Litteris
1528 1604 1684 1649 nostris
1709 1621 1719 1648 ε

331 1680 453 1739 quasi
484 1679 568 1723 hoc
607 1679 661 1722 sit
691 1679 955 1737 respondere
981 1679 1172 1736 potuisse
1191 1712 1202 1732 ‚
1229 1676 1347 1738 quod
1382 1685 1446 1721 est
1479 1685 1622 1721 tacere
1638 1689 1723 1719 no—

333 1749 480 1793 luisse.

391 1821 472 1862 XI.
503 1820 592 1862 Nec
624 1816 737 1860 illud
763 1817 883 1876 quod
916 1817 1272 1876 praetereundum
1309 1816 1470 1876 putasti
1494 1834 1504 1860 ε
1528 1813 1724 1860 refellisti

334 1889 548 1949 principio
575 1889 706 1948 hujus
733 1887 939 1947 Epistolae
961 1923 972 1942 ‚
1004 1888 1116 1932 sicut
1145 1887 1224 1932 tibi
1256 1888 1414 1931 videris
1431 1922 1442 1942 ‚
1472 1886 1592 1947 quod
1610 1901 1635 1930 a
1656 1900 1725 1930 me

333 1960 499 2004 dictum
531 1968 595 2002 est
619 1960 636 1984 4
663 1977 672 2003 :
698 1978 719 2001 «
747 1959 791 2004 Si
820 1959 1020 2003 errabant
1048 1957 1110 2002 illi
1137 1959 1213 2018 qui
1237 1957 1446 2002 volebant
1465 1971 1554 2001 esse
1576 1955 1721 2009 Pauli,

334 2047 434 2091 quae
450 2031 627 2075 tandem
641 2045 737 2090 spes
759 2045 910 2074 eorum
931 2038 993 2074 est
1016 2030 1093 2090 qui
1109 2030 1266 2075 volunt
1283 2044 1372 2074 esse
1392 2028 1573 2074 Donati?
1588 2028 1726 2081 »Quis
1755 2030 1758 2033 ’

333 2102 449 2145 enirn
467 2117 557 2145 non
578 2101 725 2145 videat
742 2101 846 2145 hinc
868 2115 959 2144 esse
986 2101 1111 2144 istam
1134 2100 1389 2145 divisionem
1422 2098 1602 2153 factam,
1623 2097 1725 2142 hinc

333 2171 554 2231 hodieque
575 2172 621 2214 in
647 2173 728 2215 hac
748 2181 869 2231 peste
890 2171 1118 2231 persistere
1133 2206 1144 2226 ‚
1169 2172 1276 2215 dum
1298 2171 1343 2214 in
1360 2170 1547 2214 hominis
1558 2169 1726 2229 justitia

334 2257 430 2300 spes
455 2242 655 2300 ponitur,
683 2251 733 2285 ut
757 2251 864 2285 tunc
884 2241 939 2286 sit
961 2241 1236 2300 acceptabilis
1266 2241 1506 2300 baptismus
1537 2239 1721 2294 Christi,

337 2312 371 2355 si
393 2312 450 2354 ab
469 2311 646 2356 homine
663 2312 783 2371 justo
797 2312 983 2371 quisque
999 2312 1222 2370 tinguatur
1243 2313 1441 2356 PContra
1462 2324 1593 2371 quem
1613 2323 1726 2354 erro·

336 2397 445 2435 rem,
471 2381 675 2426 adversus
697 2397 768 2426 eos
797 2382 873 2442 qui
889 2382 979 2442 jam
1006 2382 1233 2427 schismata
1250 2390 1431 2441 propter
1447 2380 1615 2425 diversa
1633 2394 1726 2424 me-

338 2451 418 2495 rita
458 2453 689 2497 hominum
727 2452 870 2497 facere
910 2461 1134 2512 coeperant
1155 2487 1167 2508 ,
1201 2452 1360 2497 clamat
1396 2452 1489 2511 ipse
1525 2449 1687 2495 Paulus
1712 2468 1722 2495 :

388 2558 396 2571 ¹
416 2553 509 2583 Prov.
531 2564 563 2593 x,
583 2553 669 2594 4.-
686 2562 699 2578 ²
719 2558 791 2588 Act.
811 2567 846 2597 ιι,
869 2555 920 2589 38.
938 2553 1004 2579 ...3
1026 2555 1122 2588 Exod.
1148 2566 1215 2597 xiv,
1234 2563 1289 2588 22.
1310 2572 1344 2579 —
1361 2552 1375 2576 3
1392 2553 1472 2586 Vide
1493 2552 1549 2585 lib.
1578 2563 1591 2586 ι
1613 2555 1723 2584 contra

340 2604 485 2639 Petilian.
504 2617 575 2647 cap.
598 2608 631 2648 lq.
