1825 3264
337 200 418 238 196
771 204 804 233 s.
839 203 1070 232 ucvs‘rffli
1103 205 1287 232 nmscom

328 275 403 320 illa
425 287 525 334 quae
549 272 672 330 posui
694 271 880 315 maxime
897 270 1153 324 necessaria,
1180 270 1360 314 omnino
1382 283 1471 312 non
1495 267 1656 326 attigit,
1680 276 1726 310 et

332 345 378 388 in
412 343 486 386 illo
510 356 598 386 uno
629 340 840 401 Apostoli,
879 339 999 401 quod
1037 350 1246 399 tanquam
1280 354 1358 399 pro
1389 353 1431 382 se
1465 346 1726 397 pertractare

333 422 516 459 conatus
537 421 616 467 est,
631 411 832 456 videbitis
847 426 979 471 quarn
1004 409 1177 454 nullum
1198 410 1365 454 exitum
1386 408 1617 453 invenerit.

392 486 505 528 LXI.
542 487 643 527 Pars
678 484 840 543 quippe
878 481 1084 541 Epistolae
1112 496 1245 541 quam
1268 480 1433 538 scripsit
1456 478 1511 524 ad
1547 493 1647 523 suos
1668 513 1679 532 ,
1705 493 1730 522 a

333 555 474 614 capite
497 569 638 613 usque
657 552 712 597 ad
735 568 834 597 eum
856 552 1002 597 locum
1025 553 1101 596 ubi
1127 551 1233 596 dicit
1259 571 1268 596 2
1308 570 1328 593 «
1354 553 1447 595 Hoc
1479 549 1604 594 nobis
1638 551 1726 593 Do-

336 644 357 668 »
392 626 539 669 minus
559 626 771 684 imperat:
803 627 914 670 Cum
937 640 1012 669 vos
1034 624 1251 683 persecuti
1272 623 1437 667 fuerint
1458 621 1658 666 homines
1684 621 1732 664 in

337 715 359 738 »
395 697 568 741 civitate
589 696 684 751 ista,
711 696 850 755 fugite
873 698 918 740 in
951 695 1078 739 aliam
1102 717 1113 752 3
1137 696 1259 755 quod
1280 695 1314 738 si
1336 704 1379 739 et
1399 695 1444 738 in
1462 709 1511 738 ea
1532 709 1606 738 vos
1627 707 1734 752 per-

337 785 357 809 »
393 777 654 828 sequuntur,
676 767 814 826 fugite
836 768 881 811 in
899 766 1028 810 aliam
1050 769 1059 791 ¹
1085 786 1093 810 :
1119 785 1138 806 »
1162 767 1350 825 primum
1371 766 1492 809 venit
1512 765 1559 809 in
1577 778 1734 808 manus

330 848 522 894 nostras,
562 839 663 883 huic
697 838 997 897 respondimus
1026 858 1034 882 ε
1069 853 1170 898 quae
1205 847 1352 882 nostra
1384 837 1606 896 responsio
1630 848 1735 879 cum

332 909 463 954 etiam
487 910 532 953 in
548 909 664 953 illius
682 911 868 954 venisset
887 925 1056 964 manus,
1083 910 1250 968 scripsit
1269 910 1384 953 hanc
1404 918 1573 962 contra,
1597 920 1733 966 quam

331 995 451 1023 nunc
484 979 738 1034 refellimus,
765 988 808 1023 et
839 995 942 1023 eum
979 989 1138 1023 nostrae
1161 994 1250 1023 non
1278 977 1552 1037 respondisse
1587 989 1737 1020 mons-

333 1058 513 1093 tramus.
541 1052 592 1092 In
610 1048 684 1092 illa
715 1064 817 1106 ergo
846 1050 983 1108 prima
1017 1057 1138 1108 parte
1167 1049 1424 1108 scriptorum
1447 1049 1537 1107 ejus
1571 1046 1730 1107 quibus

337 1119 528 1178 primum
569 1118 871 1178 respondimus
892 1154 902 1173 ,
943 1120 1036 1163 haec
1065 1129 1168 1163 sunt
1199 1119 1446 1163 testimonia
1489 1118 1737 1177 Scriptura-

337 1205 451 1244 rum,
478 1205 576 1249 quae
612 1190 738 1234 nobis
772 1190 943 1249 putavit
977 1189 1154 1234 adversa
1181 1209 1189 1234 :
1219 1209 1239 1232 «
1277 1190 1416 1234 Arbor
1449 1190 1564 1234 bona
1597 1188 1738 1233 bonos

342 1278 362 1302 »
399 1260 567 1304 fructus
588 1259 718 1315 facit,
752 1270 795 1304 et
819 1261 948 1305 arbor
972 1260 1083 1304 mala
1099 1259 1236 1304 malos
1259 1260 1429 1305 fructus
1452 1258 1571 1304 facit.
1598 1261 1739 1304 Num-

344 1350 364 1374 »
400 1331 507 1392 quid
523 1331 737 1389 colligunt
759 1333 814 1375 de
837 1332 969 1391 spinis
999 1347 1103 1376 uvas
1126 1335 1143 1358 ‘2
1163 1334 1180 1372 ἲ)
1200 1350 1218 1373 »
1246 1334 1303 1376 Et
1320 1332 1479 1376 iterum
1510 1351 1518 1376 :
1544 1350 1563 1373 «
1589 1331 1741 1376 Omnis

345 1421 365 1444 »
400 1403 534 1446 homo
575 1404 716 1447 bonus
744 1402 798 1446 de
836 1403 1041 1447 theseuro
1072 1402 1213 1447 cordis
1249 1404 1314 1446 sui
1348 1403 1516 1461 profert
1545 1401 1677 1455 bona,
1699 1410 1742 1446 et

345 1493 366 1516 »
403 1474 541 1519 omnis
556 1475 689 1518 homo
703 1473 842 1519 malus
855 1475 910 1518 de
921 1475 1123 1519 thesauro
1136 1473 1278 1518 cordis
1295 1474 1361 1518 sui
1377 1472 1546 1533 profert
1560 1471 1738 1516 mala³.»

344 1550 401 1592 Et
418 1548 578 1591 iterum
607 1566 615 1591 :
645 1566 662 1586 τ(
697 1547 782 1600 Qui
805 1547 1052 1606 baptizatur
1087 1562 1109 1590 a
1147 1556 1347 1602 mortuo,
1374 1562 1464 1590 non
1493 1546 1531 1589 ei
1567 1542 1745 1604 prodest

347 1636 369 1660 n
405 1618 565 1662 lavatio
589 1620 680 1678 ejus
704 1620 736 1661 4.
760 1619 872 1662 »His
902 1619 1158 1662 testimoniis
1181 1617 1330 1662 volens
1358 1615 1586 1662 ostendere
1613 1614 1746 1659 talem

347 1690 440 1733 fieri
463 1705 564 1732 eum
582 1690 658 1748 qui
696 1689 967 1748 baptizatur,
993 1688 1133 1749 qualis
1157 1687 1287 1733 fuerit
1312 1705 1334 1733 a
1360 1704 1449 1749 quo
1478 1687 1739 1745 baptizatur.

348 1762 442 1818 Ego
474 1768 626 1804 contra
647 1759 1020 1818 quemadmodum
1050 1758 1301 1817 accipienda
1331 1767 1472 1802 essent
1494 1758 1588 1801 haec
1622 1756 1745 1800 testi·

348 1832 510 1885 monia,
531 1839 574 1874 et
591 1830 711 1890 quod
727 1831 818 1890 ejus
840 1830 1128 1874 intentionem
1151 1829 1258 1873 nihil
1278 1828 1535 1888 adjuvarent
1553 1825 1737 1872 ostendi.

350 1902 516 1945 Caetera
530 1915 634 1944 vero
656 1915 755 1959 quae
777 1901 922 1958 posuit
937 1899 1052 1944 dicta
1068 1900 1114 1943 in
1132 1899 1268 1943 malos
1283 1908 1325 1942 et
1347 1898 1576 1942 sceleratos
1598 1895 1746 1940 homi-

351 1987 451 2027 nes,
473 1987 564 2016 non
588 1986 677 2016 esse
709 1971 913 2015 adversus
947 1971 1168 2014 frumenta
1205 1970 1427 2014 Dominica
1447 2004 1457 2024 ‚
1497 1969 1608 2012 sicut
1635 1981 1749 2027 prae-

350 2043 465 2087 dicta
491 2053 533 2087 et
553 2043 760 2102 promissa
783 2052 901 2096 sunt,
937 2051 1028 2086 toto
1052 2041 1157 2086 orbe
1179 2041 1355 2095 diffusa,
1381 2049 1424 2084 et
1446 2039 1591 2099 potius
1615 2054 1638 2082 a
1662 2053 1745 2082 no-

348 2114 415 2157 bis
438 2123 590 2158 contra
608 2129 683 2159 vos
706 2128 829 2172 posse
851 2113 937 2157 dici
960 2113 1060 2157 satis
1082 2111 1256 2157 edocui.
1284 2114 1523 2155 Recensete
1554 2119 1597 2154 et
1619 2110 1747 2153 inve-

354 2184 496 2228 nietis.

411 2245 551 2287 LXII.
588 2246 646 2287 At
667 2257 769 2286 vero
795 2257 875 2300 ego
903 2257 1002 2301 quae
1033 2242 1157 2300 posui
1189 2256 1266 2300 pro
1295 2239 1501 2284 Ecclesiae
1523 2237 1750 2283 catholicae
1779 2286 1782 2287 ⁷

354 2315 587 2358 assertione
605 2349 615 2368 ,
649 2313 728 2357 ista
753 2322 855 2357 sunt
876 2332 885 2357 ι
911 2312 1032 2372 quod
1050 2312 1103 2356 ad
1128 2312 1392 2370 baptismum
1411 2310 1594 2363 attinet,
1621 2323 1677 2352 ne
1704 2305 1751 2351 id

355 2387 475 2445 quod
499 2386 632 2444 gratia
656 2385 732 2428 Dei
754 2399 1062 2443 regeneramur
1079 2418 1089 2437 ,
1115 2382 1381 2426 mundamur
1396 2417 1405 2435 ,
1431 2381 1719 2441 justificamur
1735 2412 1747 2433 ,

355 2455 476 2498 danti
497 2455 664 2499 homini
682 2455 901 2498 tribuatur
922 2471 931 2497 :
957 2473 976 2495 «
994 2457 1165 2498 Bonum
1181 2461 1242 2497 est
1258 2452 1530 2497 confiderein
1543 2449 1747 2502 Domino,

408 2541 418 2561 ¹
446 2540 566 2572 Matth.
592 2550 623 2580 x,
643 2540 697 2572 23.
718 2557 756 2562 —
775 2540 930 2578 ²1d-v11,
956 2550 1006 2580 ¹7-
1023 2556 1063 2561 —
1087 2539 1097 2560 ‚-
1117 2538 1161 2570 Id.
1194 2549 1251 2578 xit,
1275 2536 1326 2569 35.
1343 2555 1382 2561 —
1405 2535 1418 2566 4'
1438 2535 1538 2568 Eccli.
1560 2544 1675 2575 xxxiv,
1696 2533 1747 2566 30.
