1825 3264
349 250 402 287 92
771 255 805 285 s.
841 255 1071 285 Auens-run
1106 257 1285 285 muscom

349 325 508 369 Paulus
523 325 616 367 haec
634 322 763 368 dicit:
785 325 973 383 Quoquo
992 321 1141 377 modo,
1164 322 1324 382 inquit,
1342 321 1540 366 Christus
1559 335 1731 365 annun-

351 415 370 435 »
407 395 611 438 tietur¹.)›

405 466 619 509 CLXXX.
655 466 931 508 Auen-snmus
966 461 1188 522 respondit
1216 480 1223 505 z
1251 463 1413 506 Contra
1443 471 1486 506 te
1508 460 1729 520 loqueris3

346 534 420 579 sed
440 544 583 578 tamen
605 535 706 594 quia
730 549 807 593 pro
828 533 1008 578 veritate
1029 533 1234 592 loqueris,
1251 532 1284 575 si
1302 547 1395 576 eam
1412 531 1630 586 dilexeris,
1653 547 1732 590 pro

346 614 388 649 te
404 606 457 650 sit
471 605 591 664 quod
603 606 971 665 loquerisQuaem
989 605 1102 648 enim
1120 603 1195 647 abs
1209 613 1266 657 te,
1281 603 1335 646 de
1347 603 1508 662 quibus
1519 604 1603 647 hoc
1615 603 1732 646 dixe-

346 676 633 735 ritapostolus
656 676 841 720 Paulus?
863 675 1120 720 Recolamus
1136 675 1218 718 hoc
1237 673 1484 733 paululum,
1510 673 1543 717 si
1563 672 1729 733 placet:

351 767 370 789 «
406 746 610 801 Quidam,
634 748 790 807 inquit,
808 763 885 807 per
903 746 1107 791 invidiam
1127 755 1170 790 et
1192 746 1536 800 contentionem,
1554 744 1733 804 quidam

350 837 369 860 »
404 833 507 862 vero
524 834 601 878 per
617 818 776 862 bonam
801 819 1069 862 voluntatem
1090 818 1311 862 Christum
1329 817 1610 871 annuntiant,
1635 817 1735 877 qui-

349 907 369 930 »
405 888 504 932 dam
522 904 572 932 ex
589 890 814 943 charitate,
833 889 1015 933 scientes
1028 888 1182 947 quiain
1199 886 1496 932 defensionem
1511 886 1735 946 Evangelii

348 976 368 999 »
404 959 567 1018 positus
589 975 683 1003 sum
705 981 716 1017 3
742 959 919 1018 quidam
949 974 1053 1003 vero
1077 968 1118 1002 et
1141 973 1217 1017 per
1239 958 1557 1002 contumaciam
1583 957 1733 1002 Chris·
1770 1001 1774 1003 Δ

350 1047 369 1069 »
406 1038 500 1072 tum
534 1030 795 1073 annuntiant
823 1045 911 1073 non
939 1038 1054 1073 caste
1082 1029 1372 1072 existimantes
1408 1027 1734 1072 tribulationem

349 1117 368 1140 »
403 1100 595 1143 suscitari
618 1099 801 1144 vinculis
821 1100 939 1143 meis.
977 1099 1094 1151 Quid
1115 1100 1230 1142 enim
1255 1101 1272 1141 Ρ
1303 1101 1416 1141 Dum
1440 1098 1560 1141 omni
1585 1097 1732 1153 modo,

348 1189 367 1211 »
402 1171 488 1213 sive
508 1172 747 1223 occasione,
773 1170 860 1213 sive
880 1170 1059 1213 veritate
1079 1169 1277 1213 Christus
1305 1170 1607 1223 annuntietur,
1631 1170 1735 1213 etin

348 1258 368 1280 »
405 1240 486 1283 hoc
507 1239 778 1298 gaudeo,sed
798 1249 840 1283 et
863 1239 1062 1297 gaudebo
1080 1243 1111 1283 ².
1136 1258 1155 1280 »
1178 1240 1386 1284 Videmus
1400 1241 1501 1284 istos
1520 1255 1613 1284 rem
1634 1241 1736 1300 qui-

345 1310 445 1353 dem
459 1320 650 1354 sanctam
666 1320 709 1354 et
724 1321 884 1354 castam
900 1319 942 1353 et
961 1325 1123 1364 veram,
1142 1325 1231 1371 non
1252 1319 1399 1353 tamen
1422 1319 1538 1354 caste
1560 1326 1736 1354 annun-

347 1379 484 1431 tiasse,
509 1378 584 1422 sed
618 1394 693 1438 per
714 1379 920 1423 invidiam
951 1389 994 1423 et
1023 1380 1346 1423 contentionem
1363 1415 1373 1434 ,
1394 1381 1486 1424 sine
1507 1380 1733 1434 charitate,

344 1448 435 1492 sine
452 1450 659 1494 castitate.
687 1452 814 1495 Certe
839 1449 969 1508 paulo
997 1459 1097 1494 ante
1114 1450 1265 1495 laudes
1287 1451 1508 1495 charitatis
1531 1451 1737 1495 adversus

345 1534 422 1563 nos
437 1519 580 1563 dicere
600 1520 812 1564 videbaris
834 1536 884 1564 ex
905 1520 1101 1579 Apostoli
1123 1521 1386 1574 testimonio,
1409 1521 1512 1580 quia
1534 1522 1612 1565 ubi
1633 1523 1738 1566 cha-

345 1590 444 1633 ritas
475 1606 562 1634 non
581 1599 659 1645 est,
680 1590 897 1651 quidquid
920 1591 1051 1635 fuerit
1073 1591 1182 1635 nihil
1204 1591 1381 1651 prodest
1408 1611 1415 1636 :
1442 1607 1542 1636 ecce
1573 1593 1617 1636 in
1650 1593 1739 1636 istis

343 1661 526 1704 charitas
545 1677 632 1705 non
655 1670 733 1711 est,
759 1671 801 1705 et
819 1670 964 1705 tamen
989 1672 1080 1706 erat
1096 1663 1256 1706 Christi
1277 1662 1546 1721 praedicatio,
1572 1661 1627 1706 de
1649 1679 1736 1723 qua

344 1745 387 1773 se
409 1730 595 1788 gaudere
624 1732 683 1775 sic
709 1730 814 1775 dicit
836 1731 1084 1790 Apostolus.
1111 1735 1262 1792 Neque
1277 1726 1399 1776 'enim
1422 1732 1537 1777 malo
1560 1731 1732 1777 illorum

344 1800 518 1858 gaudet,
544 1802 618 1845 sed
645 1802 761 1846 bono
794 1803 981 1846 nominis
1002 1802 1177 1847 Christi.
1204 1822 1223 1844 «
1260 1805 1310 1845 In
1330 1803 1423 1861 ipso
1444 1804 1609 1863 quippe
1632 1804 1737 1848 cha-

344 1889 362 1911 »
398 1871 497 1915 ritas
516 1881 620 1925 erat,
659 1887 757 1931 quae
775 1887 862 1916 non
882 1873 1042 1929 gaudet
1063 1887 1192 1930 super
1213 1872 1441 1931 iniquitate
1458 1909 1468 1927 ,
1490 1874 1736 1933 congaudet

348 1959 365 1980 »
403 1950 547 1984 autern
571 1942 741 1985 veritati
761 1944 792 1984 ³.
813 1960 832 1981 η
851 1941 1019 1985 Invidia
1043 1957 1190 2001 porro,
1217 1958 1316 2001 quae
1338 1943 1382 1986 in
1402 1942 1486 1987 illis
1508 1952 1616 1997 erat,
1642 1943 1736 1987 dia-

347 2010 536 2055 bolicum
569 2012 730 2056 malum
754 2021 845 2055 est:
881 2013 960 2056 hac
995 2013 1111 2056 enim
1145 2022 1188 2056 et
1215 2014 1373 2057 cecidit
1405 2023 1448 2057 ct
1478 2013 1653 2074 dejecit.
1679 2014 1733 2058 Hi

344 2095 444 2137 ergo
467 2091 554 2124 tam
578 2082 705 2136 mali,
724 2097 833 2141 quos
853 2083 912 2126 sic
945 2083 1089 2141 arguit
1119 2083 1369 2142 Apostolt1S‚
1395 2085 1439 2128 in
1460 2084 1620 2145 quibus
1643 2094 1734 2128 erat

343 2157 513 2192 tantum
538 2151 702 2193 bonum
728 2152 782 2194 de
798 2167 886 2210 quo
903 2151 1064 2209 gaudet
1079 2153 1327 2211 Apostolus,
1351 2154 1427 2196 ubi
1448 2163 1595 2209 erant,
1618 2154 1735 2198 intus

345 2233 397 2261 an
423 2218 525 2262 foris
548 2220 564 2259 ἶ)
583 2219 705 2277 Elige
732 2220 851 2278 quod
874 2220 1075 2265 volueris.
1112 2223 1154 2267 Si
1176 2224 1293 2267 intus
1310 2257 1321 2277 ‚
1343 2238 1442 2267 ecce
1460 2233 1640 2268 noverat
1662 2239 1733 2269 eos

346 2287 521 2343 Paulus,
540 2298 582 2332 et
599 2304 699 2332 eum
714 2298 859 2334 tamen
883 2307 970 2335 non
996 2292 1268 2351 polluebant,
1283 2295 1341 2338 sic
1363 2310 1437 2339 vos
1463 2310 1550 2339 non
1567 2294 1734 2354 pollue-

345 2368 441 2403 rent
467 2360 511 2404 in
536 2360 703 2404 unitate
726 2361 842 2404 orbis
865 2370 1093 2417 terrarum,
1121 2364 1175 2408 de
1197 2365 1356 2425 quibus
1378 2365 1520 2410 nescio
1540 2381 1639 2425 quae
1659 2381 1733 2409 seu

344 2443 444 2472 vera
473 2429 634 2484 dicitis,
664 2444 739 2473 seu
773 2430 881 2474 falsa
918 2433 1178 2491 confingitis.
1210 2437 1353 2487 Quare
1379 2450 1480 2493 ergo
1512 2451 1587 2479 vos
1612 2451 1735 2495 sepa·

346 2500 471 2543 rastis
490 2501 507 2540 ⁴?
525 2516 662 2559 quare
683 2501 905 2560 sacrilegio
920 2503 1114 2548 scelerati
1136 2505 1375 2551 schismatis
1398 2507 1635 2565 peremistis
1656 2508 1674 2550 Ρ
1692 2507 1733 2551 Si

398 2590 405 2605 ¹
443 2583 553 2625 Philip.
575 2596 599 2623 ι,
627 2585 730 2616 ι8.-
747 2593 758 2607 2
779 2586 858 2618 lbid.
885 2588 932 2619 15.
948 2605 987 2612 -—
1002 2588 1014 2611 3
1035 2600 1046 2621 ι
1069 2591 1141 2622 Cor.
1160 2600 1230 2627 nu,
1247 2590 1278 2622 6.
