1825 3264
350 267 433 306 418
785 275 820 306 s.
855 274 1084 306 Ancum-mr
1115 276 1295 304 Errscom

348 352 450 387 tunc
480 350 647 396 actam,
674 349 778 385 tunc
815 341 946 385 etiam
978 341 1070 385 sine
1108 340 1246 384 dubio
1273 339 1545 384 terminatam
1564 373 1576 394 ,
1601 338 1726 382 nobis

345 410 760 466 demonstrantibus,
786 426 875 456 non
892 410 1023 456 vultis
1040 424 1284 468 agnoscere.
1313 408 1397 454 Sed
1419 407 1626 454 faciamus
1650 422 1727 452 vos

344 483 488 541 potius
502 482 665 526 habere
676 480 798 542 quod
819 481 976 526 docere
998 481 1166 539 possitis
1186 500 1195 525 :
1221 488 1329 541 quos
1340 478 1540 524 nondum
1556 478 1727 524 docuis-

344 552 423 607 tis,
449 568 584 612 quare
613 554 703 612 jam
735 551 1067 611 rebaptizandos
1094 565 1184 595 esse
1206 548 1469 595 contenditis
1488 583 1499 604 ,
1530 547 1727 608 quando·
1798 594 1800 598 ,

341 622 522 682 quidem
544 638 568 667 a
587 622 868 667 traditoribus
888 637 997 682 quos
1019 622 1326 682 ignoraverant
1355 619 1595 680 baptizatos
1615 653 1626 674 ‚
1646 633 1728 663 nec

341 708 444 737 cum
467 693 701 738 docueritis
722 693 943 752 baptizare
965 692 1186 750 debeati33
1210 692 1321 736 sicut
1343 706 1416 736 eos
1438 691 1514 750 qui
1531 689 1728 734 nescien-
1795 692 1800 740 j

343 771 406 806 tes
430 763 487 808 ab
505 763 715 809 adulteris
735 763 940 823 baptizati
960 772 1078 819 sunt,
1102 772 1146 807 et
1166 761 1249 807 illis
1271 761 1451 821 proditis
1471 770 1602 821 atque
1618 775 1726 805 con·
1796 747 1798 789 }

344 833 469 877 victis
493 849 583 878 non
599 833 858 892 baptizatis?

398 905 557 947 XLIV,
588 906 681 948 Hoc
708 902 820 948 forte
845 902 988 957 dicas,
1017 902 1102 947 Sed
1126 902 1181 946 de
1202 900 1437 947 Caeciliano
1451 899 1725 960 jamjudica-
1793 894 1800 951 ἶ

341 980 436 1016 tum
474 982 549 1016 est.
573 972 879 1032 Respondetur
917 973 1017 1026 tibi,
1064 974 1158 1015 Jam
1196 970 1440 1030 judicatum
1477 979 1568 1013 erat
1599 979 1642 1013 et
1673 968 1729 1013 de

342 1040 561 1085 Primiano
578 1058 602 1085 a
623 1052 799 1086 centum
819 1042 1027 1101 episcopis
1044 1040 1215 1095 vestris,
1240 1039 1398 1098 quihus
1420 1054 1523 1083 eum
1543 1038 1727 1098 iniquis·
1793 1038 1796 1052 ¹
1818 1050 1823 1067 ‘

340 1110 496 1154 simum
545 1111 832 1155 Maximianus
872 1119 1142 1170 persuaserat
1164 1145 1174 1165 ,
1215 1118 1449 1168 antequam
1494 1109 1726 1167 Bagaiense
1792 1111 1795 1130 ²

341 1180 574 1226 concilium
604 1181 812 1226 faceretis.
848 1182 932 1227 Sed
962 1182 1007 1226 in
1042 1182 1183 1241 primo
1208 1181 1375 1241 judicio
1403 1181 1632 1225 damnatus
1665 1188 1728 1224 est
1791 1201 1795 1237 ἑ

340 1251 495 1296 absens
515 1287 526 1307 ,
562 1253 607 1296 in
641 1253 833 1297 secundo
866 1253 1088 1297 absolutus
1119 1262 1183 1297 est
1207 1268 1408 1312 praesens,
1441 1252 1483 1297 Si
1515 1260 1611 1311 post
1638 1250 1727 1309 pri·
1790 1278 1795 1304 f

340 1337 462 1366 mum
489 1338 598 1382 quos
626 1324 860 1382 baptizavit
888 1324 1141 1383 rebaptizari
1182 1338 1270 1368 non
1305 1331 1517 1382 possunt,
1562 1330 1727 1381 quanto
1790 1318 1795 1387 ᾖ

340 1392 484 1450 potius
518 1402 615 1450 post
643 1392 921 1437 secundum?
956 1397 1020 1437 Ita
1058 1403 1101 1438 et
1136 1393 1393 1438 Caecilianus
1433 1393 1571 1452 primo
1607 1390 1726 1450 apud

339 1461 648 1520 Carthaginem
686 1462 852 1521 judicio
897 1462 1085 1507 Secundi
1130 1463 1350 1522 Tigisitani
1391 1463 1621 1506 damnatus
1663 1469 1726 1505 est

339 1531 519 1585 absens,
550 1532 744 1576 secundo
769 1532 936 1591 judicio
965 1532 1169 1577 Miltiadis
1193 1534 1379 1578 Romani
1407 1531 1632 1577 absolutus
1662 1539 1727 1575 est

339 1615 527 1658 praesens
550 1600 693 1645 adhuc
719 1621 728 1645 :
750 1617 827 1646 nos
849 1602 904 1645 de
924 1602 1000 1646 illo
1021 1611 1161 1647 certos
1178 1618 1267 1647 esse
1283 1618 1373 1646 non
1394 1602 1521 1646 vultis
1537 1637 1548 1657 ,
1573 1601 1726 1645 saltem

339 1670 541 1714 dubitare
562 1672 824 1729 permittite3
847 1673 981 1716 vincit
1002 1673 1118 1717 enim
1143 1689 1218 1718 vos
1248 1689 1338 1718 non
1361 1673 1503 1718 solum
1530 1673 1608 1733 qut
1634 1674 1726 1717 Cae·
1786 1688 1791 1731 j

340 1738 545 1783 cilianum
574 1742 653 1784 scit
683 1741 961 1785 innocentem
981 1777 992 1796 ,
1029 1757 1179 1787 verum
1211 1744 1339 1787 etiam
1372 1744 1447 1803 qui
1478 1742 1614 1787 nescit
1649 1756 1724 1786 no-

339 1818 526 1853 centem.
570 1812 657 1854 Vos
693 1820 839 1854 autem
864 1821 1072 1871 utrosque
1115 1812 1444 1870 rebaptizandos
1486 1828 1576 1858 esse
1617 1827 1724 1857 cen-
1784 1834 1786 1840 v

340 1879 458 1933 setis,
493 1889 536 1924 et
567 1880 644 1940 qui
677 1880 844 1936 dicunt,
878 1883 1102 1937 Novimus,
1136 1891 1180 1927 et
1207 1884 1283 1942 qui
1315 1884 1486 1938 dicunt,
1519 1886 1616 1930 Non
1640 1898 1724 1926 no-
1783 1882 1786 1921 Ϊ

341 1949 508 2004 vimus,
549 1951 688 2010 qualis
713 1950 846 1996 fuerit
887 1952 1157 1998 Caecilianus.
1199 1957 1295 2000 Non
1337 1964 1440 1999 sunt
1474 1952 1724 2013 baptizandi
1781 1976 1784 1988 ε

341 2035 450 2078 quos
479 2021 713 2079 baptizavit
746 2021 986 2066 Primianus
1023 2033 1121 2082 post
1157 2025 1346 2082 primum
1382 2023 1599 2084 judicium
1631 2037 1726 2082 quo
1781 2021 1784 2037 ¹

343 2090 574 2134 damnatus
614 2100 678 2134 est
712 2092 864 2136 absens
884 2127 895 2147 ,
934 2103 976 2137 et
1010 2094 1258 2152 baptizandi
1291 2103 1393 2138 sunt
1427 2109 1536 2154 quos
1578 2092 1723 2151 bapti·
1778 2090 1783 2130 ,³

341 2160 452 2202 zavit
485 2159 739 2204 Caecilianus
769 2171 866 2219 post
902 2162 1143 2207 secundum
1170 2163 1386 2222 judicium
1417 2179 1506 2223 quo
1541 2162 1718 2207 absolu-
1780 2153 1782 2159 ’

346 2237 414 2272 tus
444 2240 507 2273 est
530 2233 743 2288 praesens?
768 2231 899 2275 Illum
922 2232 1177 2277 damnatum
1215 2232 1420 2277 damnare
1449 2249 1540 2278 non
1569 2232 1720 2278 licuit:
1777 2224 1781 2266 θ’

344 2297 399 2342 de
427 2299 508 2343 isto
547 2299 745 2344 absoluto
778 2301 930 2345 saltem
964 2301 1093 2346 liceat
1130 2301 1347 2347 dubitare.
1384 2304 1517 2363 Cujus
1544 2303 1726 2348 crimina
1776 2301 1779 2316 ¹

342 2368 509 2413 etiamsi
529 2379 646 2415 certa
667 2371 793 2415 nobis
814 2380 982 2426 essent,
1005 2372 1050 2416 in
1074 2372 1265 2417 Ecclesia
1292 2375 1569 2429 constitutos,
1594 2389 1726 2434 quam

344 2439 525 2497 Spiritus
545 2450 717 2486 sanctus
739 2441 860 2487 velut
876 2457 1019 2487 aream
1035 2459 1137 2488 cum
1159 2445 1280 2503 palea
1304 2446 1628 2503 praenuntiavit,
1652 2461 1732 2490 ne·
1791 2466 1794 2469 *

341 2524 561 2569 quaquam
589 2527 667 2555 nos
696 2510 836 2556 aliena
861 2521 1039 2571 peccata
1060 2529 1150 2558 non
1170 2514 1336 2559 imitata
1357 2515 1640 2560 macularent.
1666 2518 1724 2560 Et

347 2586 491 2622 tamen
512 2581 640 2624 etiam
660 2582 694 2625 si
711 2582 834 2626 nobis
852 2581 1014 2628 incerta
1029 2598 1120 2629 esse
1137 2583 1360 2640 dicuntur,
1391 2601 1479 2630 non
1502 2585 1641 2631 solum
1665 2586 1726 2630 rei
