1825 3264
323 346 486 374 coix'rn
518 346 782 376 canscofflt-wt
816 349 1104 387 nous-nsua,
1139 350 1222 378 Lu.
1259 351 1319 378 ιν,
1426 339 1508 378 533

125 410 230 456 locis
261 410 520 470 expelleret,
546 412 706 457 forensi
739 413 921 472 strepitu
954 415 1332 475 controversiaque
1357 415 1513 460 confli-

125 481 185 525 xit
201 515 213 537 ,
237 482 532 527 contentiosus
561 483 735 528 habitus
759 492 824 528 est
850 500 873 528 a
900 485 1021 529 vobis
1047 504 1057 531 ;
1082 495 1246 545 quanto
1267 486 1410 530 minus
1431 485 1512 530 de-

127 552 202 596 bet
223 553 520 597 contentiosus
543 555 702 613 putari,
721 556 798 615 qui
821 570 911 599 non
938 571 1017 614 pro
1040 556 1287 615 usurpanda
1310 556 1378 601 vel
1395 555 1514 601 aufe-

127 622 278 676 renda,
317 624 390 667 sed
421 639 500 683 pro
533 625 894 670 communicanda
919 625 1174 670 haereditate
1190 625 1431 671 coelestium
1457 628 1515 671 eis

123 693 201 753 qui
231 693 356 738 aliter
387 696 561 754 sapiunt
592 694 778 740 fideliter
811 695 1023 755 disputat.
1057 716 1076 738 «
1105 698 1322 756 Scriptum
1341 699 1515 752 est‚in-

124 764 245 824 quis:
266 784 284 806 ι(
298 768 349 809 In
363 781 487 811 aures
502 767 790 826 imprudentis
805 766 894 812 noli
912 768 1153 828 quidquam
1173 767 1332 823 dicere,
1346 783 1401 812 ne
1418 769 1517 813 irri-

126 853 146 877 η
175 836 275 880 deat
299 846 490 881 sensatos
514 852 733 882 sermones
763 847 859 882 tuos
880 840 909 882 ¹.
949 857 969 880 »
1007 838 1150 883 Nolite
1173 840 1297 884 nobis
1318 840 1363 883 in
1396 855 1518 884 aures

123 908 245 967 quasi
263 917 477 951 secretum
496 907 655 962 dicere,
679 908 712 951 si
735 923 822 952 non
843 908 1079 967 prudentes
1100 910 1259 968 putatis
1282 929 1290 954 :
1311 911 1422 954 sicut
1437 925 1517 955 nec

122 977 320 1022 Christus
355 978 401 1022 in
424 992 547 1021 aures
575 978 892 1023 Pharisaeorum
927 979 1127 1033 dicebat,
1152 979 1271 1038 quod
1299 989 1439 1024 tamen
1463 979 1519 1025 ad

123 1064 195 1094 eos
218 1048 477 1093 refellendes
504 1050 604 1108 ipsis
625 1049 905 1094 audientibus
928 1050 1196 1109 proferebat.
1221 1050 1366 1095 Palam
1389 1051 1516 1096 nobis

122 1120 352 1174 ostendite,
379 1130 427 1164 ut
453 1121 595 1165 sinon
620 1121 892 1179 corrigimur,
925 1121 1252 1176 convincamur,
1289 1121 1514 1181 quomodo

124 1207 200 1236 vos
227 1192 260 1235 si
284 1191 339 1236 ad
367 1191 578 1236 unitatem
603 1193 808 1237 veneritis
827 1228 837 1247 ,
870 1192 1060 1237 maculet
1096 1193 1211 1236 orbis
1241 1193 1515 1249 christianus,

130 1279 242 1322 quos
263 1262 495 1307 damnatus
514 1279 604 1308 non
627 1264 816 1308 maculat
834 1263 1095 1308 Felicianus.
1126 1284 1145 1305 «
1173 1267 1248 1309 Est
1272 1265 1482 1324 scriptum
1505 1284 1515 1310 :

129 1354 149 1376 (ι
174 1334 270 1379 Noli
295 1335 554 1394 respondere
590 1335 858 1394 imprudenti
897 1335 1137 1380 secundum
1175 1335 1518 1394 imprudentiam

131 1426 146 1446 υ
174 1406 292 1464 ejus,.
307 1420 361 1448 ne
378 1403 524 1449 similis
540 1406 615 1449 tias
638 1405 745 1449 i11i2.
767 1408 960 1451 »Nonne
979 1406 1037 1449 ibi
1057 1406 1269 1464 sequitur,
1289 1425 1308 1447 «
1328 1405 1412 1451 Sed
1429 1421 1517 1450 res-

130 1493 150 1515 »
175 1473 322 1533 ponde
345 1474 404 1518 illi
430 1485 580 1519 contra
603 1475 942 1535 imprudentiam
956 1477 1062 1535 ejus,
1088 1491 1143 1519 ne
1166 1476 1246 1520 sibi
1261 1477 1428 1535 sapiens
1450 1477 1518 1521 vi-

131 1564 152 1586 »
173 1548 388 1590 deaturP»
402 1549 494 1591 Hoc
512 1556 554 1590 et
572 1563 646 1591 vos
662 1545 803 1600 facite,
824 1546 958 1590 nolite
975 1547 1251 1606 responsione
1266 1558 1405 1591 vestra
1418 1563 1519 1592 nos-

127 1626 205 1660 trae
229 1632 360 1675 quam
385 1617 546 1675 putatis
571 1616 875 1675 imprudentiae
898 1617 1157 1670 consentire,
1185 1617 1260 1660 sed
1286 1618 1402 1660 unde
1416 1633 1520 1676 pos-

127 1688 177 1730 sit
204 1687 428 1746 redargui,
455 1687 728 1747 respondete.
756 1687 1047 1747 Respondete,
1074 1689 1269 1747 inquam,
1295 1688 1519 1747 quomodo

127 1758 392 1817 baptismum
427 1759 544 1817 quod
576 1759 932 1802 Maximianenses
966 1759 1011 1801 in
1051 1758 1259 1815 sacrilego
1291 1758 1520 1802 schismate

128 1829 447 1882 ministrarunt,
474 1828 565 1872 sine
594 1827 739 1887 aliqua
759 1827 1054 1871 destructione
1076 1828 1345 1885 susceperitis
1363 1863 1373 1881 ,
1410 1837 1451 1871 et
1473 1828 1519 1871 in

126 1898 328 1943 Ecclesiis
342 1934 353 1952 ‚
379 1914 487 1958 quas
508 1899 705 1943 Christus
727 1914 803 1957 per
820 1897 1049 1957 Apostolos
1066 1899 1338 1958 propagavit,
1364 1897 1516 1942 datum

127 1970 393 2028 baptismum
414 1968 659 2013 destruatis.

188 2042 435 2084 LXXXIII.
475 2040 662 2085 Proinde
695 2038 817 2100 quod
848 2039 892 2082 in
922 2040 1008 2083 fine
1036 2040 1229 2099 epistolae
1253 2049 1341 2084 tuae
1369 2041 1515 2085 omnia

127 2128 226 2171 quac
248 2127 377 2171 supra
405 2111 533 2156 latius
552 2111 629 2155 abs
652 2120 695 2155 te
719 2110 835 2154 dieta
862 2118 987 2164 sunt,
1015 2111 1202 2154 breviter
1225 2110 1517 2170 percurrenda

128 2182 360 2226 arbitratus
386 2197 430 2226 es
447 2217 457 2237 ,
494 2197 582 2241 quo
606 2181 777 2226 lectoris
804 2181 1052 2224 memoriam
1086 2195 1324 2235 recreares,
1361 2180 1515 2225 eodem

129 2253 282 2298 ordine
300 2254 463 2313 accipe,
481 2269 612 2313 quam
639 2267 719 2296 nec
740 2261 780 2295 te
806 2267 887 2295 nec
917 2251 1021 2295 alios
1044 2250 1192 2294 fallere
1211 2250 1385 2295 debeas.
1407 2253 1517 2296 Nam

129 2335 172 2369 et
189 2326 446 2382 arrogantiae
472 2340 558 2369 non
581 2334 658 2378 est,
682 2323 750 2367 vel
768 2338 961 2382 quaerere
977 2321 1042 2365 vel
1067 2337 1253 2366 asserere
1271 2323 1511 2367 veritatem.

131 2397 186 2439 Et
207 2396 328 2454 quod
352 2410 579 2455 nunquam
609 2404 735 2453 putas
765 2393 955 2452 potuisse
983 2392 1175 2446 definiri,
1214 2408 1302 2437 non
1328 2393 1469 2437 solum
1492 2409 1515 2437 a

129 2466 419 2524 prudentibus
441 2475 484 2510 et
502 2469 637 2509 Deum
661 2463 914 2508 timentibus
931 2463 1160 2506 definitum
1188 2472 1272 2517 est,
1294 2463 1367 2507 sed
1386 2463 1512 2507 etiam

130 2552 204 2581 vos
231 2546 368 2580 totum
392 2537 512 2596 quod
528 2537 618 2579 sine
636 2536 722 2579 fine
743 2533 978 2593 putabatis,
1014 2534 1368 2579 Maximianenses
1384 2535 1502 2579 susci·

182 2632 187 2646 ¹
217 2629 310 2657 wrm:
333 2637 403 2658 mu
436 2641 457 2667 ς,
486 2643 525 2648 -Δ
544 2631 554 2646 ²
578 2626 621 2656 ld.
647 2636 732 2657 vxxvi.
763 2624 787 2663 ’ῃ
