1825 3264
461 260 515 286 nn
547 256 733 288 uma-Au:
765 260 977 289 nccrsssm.
1329 249 1414 289 239

37 342 58 366 »
69 323 254 368 rusalem
266 324 280 349 ¹
293 324 336 367 P»
352 323 393 368 Si
406 322 639 368 obscurum
656 333 721 368 est
738 343 748 369 :
774 342 795 367 «
809 326 1000 370 Dormivi
1019 324 1307 370 conturbatus
1319 327 1368 380 ².²
1391 343 1413 367 »

34 392 251 454 numquid
267 392 500 438 obscurum
514 404 593 450 est,
622 413 643 437 «
660 395 761 454 quia
777 396 1005 453 oportebat
1024 395 1246 441 Christum
1262 396 1378 455 pati?
1393 411 1416 438 n

35 465 79 509 Si
100 465 335 509 obscurum
356 473 420 509 est
445 483 454 510 :
483 483 505 507 «
530 465 729 509 Exaltare
757 479 886 524 super
906 465 1041 510 coelos
1062 469 1175 510 Deus
1201 485 1210 511 :
1243 483 1264 508 n
1289 480 1419 511 num-

33 534 142 594 quid
162 534 398 579 obscurum
413 544 504 590 est,
533 553 554 577 «
577 544 621 580 et
640 549 863 594 resurgere
883 536 1008 581 tertia
1026 535 1125 580 die?
1145 553 1166 577 »
1194 536 1237 581 Si
1258 537 1417 581 obscu-

33 619 132 649 rum
148 614 211 650 est
235 624 245 650 :
277 624 298 650 α
320 607 459 666 Super
475 621 647 651 omnem
667 615 826 650 terram
848 605 984 665 gloria
1001 607 1104 651 tua3
1124 625 1133 651 :
1156 624 1178 648 »
1202 607 1421 666 numquid

33 676 268 722 obscusum
279 686 365 733 est,
391 695 413 720 «
431 686 474 721 et
489 676 712 737 praedicari
731 678 775 721 in
791 677 967 723 nomine
985 679 1078 738 ejus
1098 678 1419 737 poenitentiam,

37 756 112 791 »et
125 747 418 792 remissionem
430 757 706 807 peccatorum
730 763 806 807 per
827 762 978 792 omnes
994 748 1251 805 gentes?»Si
1271 747 1424 792 obscu-

32 831 129 861 rum
150 826 215 861 est
239 835 248 861 ι
277 836 298 860 (ι
323 820 437 862 Deus
458 819 641 862 deorum
664 818 874 862 Dominus
893 817 1068 862 locutus
1087 826 1167 872 est,
1191 827 1234 861 et
1254 817 1426 862 vocavit

36 905 57 928 u
68 897 245 944 terram,
265 904 289 932 a
306 888 406 933 solis
422 898 521 933 ortu
535 904 672 949 usque
687 887 741 932 ad
754 903 956 933 occasum
975 907 984 932 :
1002 886 1247 948 »numquid
1267 888 1426 932 obscu-

33 973 132 1002 rum
153 967 242 1013 est,
281 978 302 1001 «
327 969 370 1004 et
390 959 618 1019 praedicari
651 960 697 1003 in
728 960 906 1004 nomine
939 961 1032 1019 ejus
1055 959 1359 1018 poenitentiam
1383 965 1427 1002 et

37 1029 362 1074 »remissionem
383 1040 659 1090 peccatorum
684 1045 761 1089 per
779 1045 928 1074 omnes
949 1031 1125 1088 gentes⁴
1141 1031 1160 1074 P
1179 1048 1201 1072 »
1218 1029 1288 1075 Sic
1310 1030 1427 1073 enim

33 1108 147 1144 terra
177 1109 329 1144 vocata
350 1110 414 1145 est
438 1117 462 1145 a
483 1101 582 1146 solis
606 1110 705 1146 ortu
729 1116 865 1160 usque
887 1101 941 1145 ad
965 1115 1164 1145 occasum
1179 1135 1189 1154 ,
1215 1099 1428 1160 quemad-

33 1170 216 1214 modum
238 1171 330 1230 ipse
351 1172 410 1216 ait
431 1191 440 1218 :
469 1191 487 1214 «
508 1175 606 1218 Non
626 1172 723 1217 veni
740 1187 894 1217 vocare
906 1173 1061 1232 justos,
1087 1171 1160 1215 sed
1182 1180 1428 1230 peccatores

37 1240 117 1284 »in
139 1241 443 1300 poenitentiam
463 1244 494 1286 ⁵.
521 1261 540 1284 »
569 1243 611 1287 Si
633 1243 868 1287 obscurum
890 1251 976 1287 est:
1005 1261 1025 1284 «
1050 1245 1113 1286 Ex
1140 1242 1243 1286 Sion
1271 1241 1430 1300 species

37 1328 58 1352 »
70 1311 236 1355 decoris
253 1312 386 1371 ejus⁶z
401 1330 420 1353 »
435 1312 647 1372 numquid
664 1313 899 1357 obscurum
916 1322 994 1366 est,
1015 1331 1035 1354 «
1053 1312 1359 1371 incipientibus
1375 1311 1430 1355 ab

35 1380 274 1425 Jerusalem
294 1383 312 1425 Ρ
334 1399 354 1423 »
380 1385 477 1441 Ipsa
492 1391 556 1426 est
565 1383 682 1426 enim
701 1383 803 1427 Sion
827 1397 928 1441 quae
949 1381 1204 1426 Jerusalem.
1227 1381 1311 1425 Sed
1323 1380 1431 1440 quid

37 1449 94 1495 ad
111 1453 213 1495 me?
237 1452 391 1496 Dicant
417 1467 466 1496 ea
495 1468 595 1512 quae
616 1453 742 1511 posui
767 1453 822 1496 de
850 1455 989 1511 Lege,
1025 1462 1067 1496 et
1100 1451 1326 1510 Prophetis
1345 1485 1356 1505 ,
1388 1458 1432 1494 et

38 1520 233 1577 Psalmis,
254 1537 342 1567 non
354 1523 571 1582 pertinere
586 1522 639 1566 ad
656 1523 750 1566 haec
769 1522 898 1566 verba
914 1521 1102 1576 Domini,
1118 1537 1218 1581 quae
1231 1522 1276 1564 in
1290 1523 1428 1564 Evan-

39 1591 151 1650 gelio
181 1592 386 1650 leguntur
413 1612 420 1637 :
447 1608 536 1637 non
559 1608 690 1646 curo,
724 1607 804 1637 nec
838 1593 1002 1636 resisto.
1028 1593 1157 1637 Certe
1178 1601 1325 1635 tamen
1351 1590 1434 1634 nisi

39 1662 85 1706 in
105 1665 233 1720 Lege,
250 1672 293 1707 et
309 1664 551 1723 Prophetis,
568 1673 610 1708 et
624 1663 802 1707 Psalmis
820 1664 903 1708 hoc
922 1662 1181 1722 praedictum
1199 1670 1324 1717 esset,
1346 1662 1432 1705 sive

39 1733 85 1776 in
99 1732 158 1776 eis
173 1734 425 1778 testimoniis
438 1749 537 1793 quae
555 1735 645 1793 ipse
658 1733 856 1789 adhibui,
873 1734 961 1779 sive
977 1733 1023 1777 in
1039 1733 1129 1777 aliis
1150 1746 1429 1793 nequaquam

39 1800 213 1848 dixisset
240 1804 481 1848 Dominus:
511 1805 737 1864 «Oportet
767 1803 936 1864 impleri
967 1804 1111 1849 omnia
1143 1819 1245 1864 quae
1277 1804 1434 1862 scripta

43 1882 178 1918 »sunt
197 1874 243 1918 in
253 1877 368 1933 Lege
379 1875 590 1932 Moysi‚et
610 1875 837 1934 Prophetis
858 1883 902 1918 et
925 1873 1101 1919 Psalmis
1122 1872 1177 1918 de
1198 1888 1268 1917 me
1281 1875 1295 1898 ⁷
1316 1893 1325 1918 :
1344 1892 1363 1914 »
1386 1887 1435 1917 ac

42 1942 201 1988 deinde
223 1954 373 2005 aperto
390 1961 541 1990 eorum
558 1961 687 1990 sensu
703 1944 1058 2004 utintelligerent
1074 1945 1330 2003 Scripturas,
1353 1943 1433 1988 do-

41 2023 158 2058 ceret
179 2029 227 2058 ea
248 2015 340 2074 ipsa
361 2032 460 2075 quae
489 2016 544 2059 de
565 2015 641 2060 illo
663 2016 819 2073 scripta
841 2024 942 2059 sunt
965 2015 1010 2058 in
1034 2017 1146 2072 Lege
1174 2024 1217 2058 et
1238 2014 1433 2073 Prophe-

45 2084 113 2136 tis,
137 2093 180 2128 et
203 2084 396 2139 Psalmis,
428 2101 479 2129 eo
501 2085 633 2129 modo
655 2094 704 2128 ut
725 2084 889 2129 diceret
909 2104 917 2129 :
939 2104 959 2127 «
981 2085 1199 2138 Quoniam
1219 2085 1278 2128 sic
1295 2084 1432 2143 scrip-

48 2173 69 2196 »
81 2163 174 2199 tum
187 2164 266 2210 est,
278 2165 321 2200 et
337 2157 398 2200 sic
414 2156 643 2215 oportebat
657 2156 876 2201 Christum
891 2157 995 2215 pati,
1007 2165 1050 2199 et
1072 2170 1292 2213 resurgere
1310 2155 1436 2199 tertia

45 2243 66 2267 n
78 2225 224 2280 die,et
243 2227 467 2286 praedicari
480 2228 524 2271 in
537 2228 713 2271 nomine
730 2229 822 2286 ejus
837 2227 1139 2286 poenitentiam
1158 2236 1201 2270 et
1222 2226 1436 2270 remissio-

47 2313 68 2338 »
79 2311 178 2340 nem
189 2307 468 2356 peccatorum
485 2312 561 2357 per
573 2312 721 2341 omnes
739 2307 903 2356 gentes,
914 2297 1220 2355 incipientibus
1236 2297 1290 2340 ab
1307 2299 1330 2340 J
1335 2311 1435 2339 eru-

47 2368 255 2412 »salem.»
272 2370 368 2414 Non
389 2383 470 2427 ego
483 2369 700 2428 potuerim
715 2368 762 2412 in
780 2371 912 2426 Lege,
934 2377 977 2412 et
999 2368 1240 2427 Prophetis,
1257 2376 1300 2411 et
1325 2367 1438 2410 Psal-

42 2438 123 2482 mis
143 2438 238 2482 haec
256 2440 411 2497 scripta
433 2452 692 2496 cognoscere
713 2456 722 2482 ε
749 2439 809 2481 ibi
832 2448 978 2482 tamen
1001 2439 1084 2482 hoc
1106 2452 1196 2482 esse
1223 2438 1434 2496 scriptum

93 2545 103 2562 ¹
127 2541 203 2572 Luc.
229 2550 316 2581 xxiv,
331 2538 385 2581 46.
403 2555 444 2562 ——
458 2546 470 2561 ²-
490 2539 572 2571 Psal.
591 2549 653 2577 tvi,
672 2538 703 2570 5.
721 2555 762 2562 ——
779 2537 853 2570 ³1d.
875 2550 951 2579 cvu,
969 2537 1004 2580 6,
1024 2543 1057 2570 et
1074 2548 1137 2580 tvi,
1155 2537 1328 2571 6.--'·1d.
1349 2549 1433 2581 nix,

47 2595 101 2629 31.
116 2593 181 2619 ...5
202 2595 322 2628 Matth.
347 2605 392 2637 ix,
414 2595 463 2629 13.
482 2592 552 2618 —5
569 2593 649 2628 Psal-
668 2603 757 2634 nix,
775 2603 808 2627 2.
824 2600 891 2627 -7
909 2595 986 2628 Luc.
1007 2604 1095 2636 xxiv,
1115 2593 1168 2635 44.
