1825 3264
294 261 456 290 con-rm
490 261 691 289 LirTEnAs
723 263 956 301 PETtLIANt,
992 266 1074 292 Lm.
1113 266 1158 291 11.
1364 257 1411 292 81

39 340 242 385 surgens,
268 334 374 370 etse
411 341 498 371 non
530 325 670 370 solum
707 325 968 370 intuendum
1002 327 1140 372 oculis
1157 363 1168 384 ,
1194 329 1269 373 sed
1290 330 1420 374 etiam

39 396 399 442 contrectandum
422 397 622 441 manibus
646 397 962 456 Discipulorum
980 399 1193 456 praebens,
1210 400 1311 444 inde
1325 415 1419 445 coe-

40 467 124 527 pit:
154 486 170 507 «
192 470 280 512 Pax
301 467 546 523 vobiscum,
568 467 724 527 inquit.
751 486 770 508 υ
789 470 845 512 Et
866 467 1088 527 quomodo
1110 479 1219 514 esset
1230 471 1418 515 tenenda

39 551 121 597 pax
142 537 248 596 ipsa,
272 537 554 597 sequentibus
575 537 715 581 verbis
745 537 928 597 aperuit.
956 538 1022 581 Ibi
1041 538 1156 582 enim
1178 541 1347 597 aperuit
1363 543 1422 585 eis

40 623 212 653 sensum
230 617 280 652 ut
299 608 592 668 intelligerent
608 609 848 667 Scripturas
860 643 870 663 ,
895 617 937 652 et
954 607 1060 652 dixit
1073 610 1131 653 eis
1150 628 1159 653 :
1178 612 1422 663 «Quoniam

44 695 65 719 »
99 679 159 723 sic
180 678 388 737 scriptum
409 687 487 732 est,
509 687 550 722 et
573 680 632 723 sic
650 680 880 737 oportebat
902 679 1123 724 Christum
1160 680 1264 738 pati,
1292 690 1335 724 et
1357 697 1424 725 re-

46 766 67 791 »
101 763 276 807 surgere
291 749 416 792 tertia
432 748 519 803 die,
540 757 582 792 et
605 748 828 808 praedicari
846 750 889 793 in
914 750 1090 794 nomine
1106 750 1195 809 ejus
1214 752 1426 809 poeniten-

48 838 69 863 »
104 820 208 865 tiam
225 829 268 864 et
284 821 577 864 remissionem
595 829 873 880 peccatorum
893 837 970 881 per
987 836 1136 866 omnes
1149 831 1312 880 gentes,
1324 822 1425 866 inci-

52 911 70 934 »
105 891 324 950 pientibus
337 892 392 936 ab
403 891 640 936 Jerusalem
653 894 832 938 ¹.»Cum
847 892 913 936 his
926 893 1065 937 verbis
1080 908 1230 953 pacem
1252 893 1427 948 habete,

47 970 90 1006 et
104 977 127 1006 a
141 962 265 1007 nobis
277 977 364 1007 non
378 961 768 1008 dissentietis.Nam
781 964 814 1007 si
828 963 943 1008 bello
954 964 1191 1024 quaerimus
1201 965 1429 1019 unitatem,

47 1047 136 1077 non
158 1033 303 1092 potuit
324 1033 492 1077 laudari
518 1033 764 1092 praeclarius
784 1033 948 1077 bellum
972 1042 1170 1078 nostrum
1199 1055 1210 1091 3
1230 1034 1432 1093 quando-

48 1101 227 1162 quidem
240 1103 448 1162 scriptum
462 1112 546 1148 est:
565 1123 583 1145 «
601 1103 756 1161 Diliges
771 1104 1016 1163 proximum
1030 1113 1157 1148 tuum
1170 1114 1380 1164 tanquam
1393 1114 1435 1148 te

54 1192 73 1214 »
91 1174 231 1232 ipsum
241 1176 272 1217 ².
288 1177 376 1218 »Et
393 1174 550 1218 iterum
565 1174 774 1233 scriptum
784 1184 848 1218 est
861 1194 868 1219 ;
880 1193 899 1216 «
911 1177 1047 1220 Nemo
1058 1190 1252 1234 unquam
1262 1189 1436 1219 carnem

55 1259 210 1288 »suam
225 1243 327 1288 odio
339 1243 494 1288 habuit
505 1245 535 1287 ³.
557 1262 576 1285 »
597 1247 654 1288 Et
671 1253 815 1288 tamen
828 1259 928 1288 caro
946 1245 1214 1304 concupiscit
1234 1244 1438 1289 adversus

51 1315 248 1375 spiritum
264 1324 307 1358 et
318 1315 492 1374 spiritus
502 1314 704 1373 adversus
720 1329 910 1359 carnem,
928 1314 1058 1367 Quod
1072 1316 1246 1359 sinemo
1263 1330 1438 1359 carnem

52 1400 171 1430 suam
189 1385 290 1429 odio
300 1384 449 1439 habet,
462 1394 505 1429 et
517 1393 664 1429 tamen
679 1385 883 1429 adversus
896 1399 1070 1429 carnem
1081 1399 1204 1428 suam
1216 1385 1441 1443 concupis-

53 1457 111 1501 cit
127 1475 135 1500 :
157 1470 256 1500 ecce
273 1454 389 1500 bello
409 1455 551 1500 unitas
563 1456 776 1516 quaeritur
790 1490 801 1511 ,
815 1464 1030 1514 utcorpus
1042 1455 1299 1514 castigatum
1314 1454 1442 1499 servi-

51 1527 133 1572 tuti
146 1527 550 1586 subjiciaturQuod
561 1535 707 1571 autem
723 1527 897 1587 spiritus
913 1525 1015 1571 facit
1028 1515 1440 1578 adversusscarnem,

52 1613 140 1642 non
157 1596 280 1651 odio,
300 1598 376 1642 sed
398 1597 631 1642 dilectione
650 1597 932 1655 belligerans,
953 1597 1034 1640 hoc
1053 1596 1265 1655 spiritales
1277 1595 1446 1639 faciunt

54 1668 257 1713 adversus
268 1667 474 1723 carnales,
486 1677 534 1713 ut
546 1668 665 1728 quod
678 1677 813 1727 agunt
830 1683 930 1727 erga
941 1683 1001 1721 se,
1020 1676 1151 1726 agant
1163 1676 1205 1710 et
1216 1680 1313 1723 erga
1331 1664 1444 1719 illos,

54 1739 131 1798 qui
153 1739 366 1798 proximos
384 1737 571 1796 diligunt
589 1747 798 1798 tanquam
817 1738 1034 1797 proximos
1054 1756 1062 1781 ε
1081 1735 1156 1780 sed
1180 1735 1346 1780 bellum
1362 1734 1448 1794 spi·

55 1808 246 1853 ritalium
260 1817 324 1852 est
339 1807 412 1852 illa
429 1808 475 1852 in
487 1809 696 1853 charitate
713 1809 945 1866 correptio,
958 1807 1125 1866 gladius
1138 1820 1289 1850 eorum
1308 1819 1448 1850 sermo

60 1879 136 1924 Dei
153 1888 230 1922 est.
260 1878 326 1922 Ad
355 1878 441 1923 tale
462 1878 627 1922 bellum
649 1879 756 1922 tuba
778 1877 1028 1937 Apostolica
1050 1877 1328 1922 concitantur
1347 1889 1445 1918 curn

61 1964 220 2008 magno
238 1950 404 2008 impetu
426 1958 688 2008 personante
712 1967 722 1994 :
748 1968 768 1992 «
790 1949 984 1993 Praedica
1007 1948 1208 2001 verbum,
1234 1947 1344 1990 insta
1368 1959 1450 2002 op-

68 2040 86 2061 »
123 2029 323 2078 portune,
357 2020 623 2078 importune,
649 2034 798 2078 argue,
825 2020 1016 2072 hortare,
1045 2017 1237 2075 increpa,
1263 2016 1307 2058 in
1332 2014 1451 2058 omni

67 2109 87 2131 »
124 2090 453 2149 longanimitate
474 2100 514 2133 ct
542 2089 741 2134 doctrina
767 2090 798 2131 ⁴.
823 2106 843 2128 »
870 2091 981 2132 Ecce
1001 2102 1089 2131 non
1119 2087 1283 2144 agimus
1310 2083 1450 2137 ferro,

67 2162 142 2205 sed
175 2161 321 2205 verbo.
349 2163 435 2204 Vos
467 2169 611 2204 autem
636 2174 715 2204 nec
737 2158 1006 2219 respondetis
1030 2172 1146 2211 vera,
1172 2165 1214 2199 et
1247 2153 1456 2199 accusatis

0 2258 2 2268 ι
69 2231 174 2275 falsa
192 2252 203 2288 3
223 2246 310 2275 non
342 2231 554 2289 corrigitis
570 2239 725 2284 vestra,
747 2229 930 2289 objicitis
953 2228 1106 2271 aliena.
1130 2227 1242 2270 Dicit
1259 2225 1458 2270 Christus

69 2317 222 2346 verum
234 2302 531 2346 testimonium
548 2300 602 2345 de
625 2301 731 2345 orbe
751 2309 980 2354 terrarum,
996 2297 1139 2342 dicitis
1159 2312 1234 2342 vos
1256 2295 1460 2340 adversus

73 2373 294 2417 Christum
326 2371 481 2415 falsum
512 2371 808 2415 testimonium
848 2378 999 2414 contra
1033 2369 1183 2412 orbem
1227 2375 1456 2410 terrarum.

74 2444 161 2486 Nos
179 2450 323 2485 autem
345 2441 378 2484 si
394 2441 514 2485 vobis
533 2441 677 2499 potius
693 2456 825 2500 quam
842 2439 1014 2485 Christo
1031 2437 1320 2489 crederemus,
1348 2433 1464 2493 paci-

78 2512 149 2557 fici
176 2527 363 2556 essemus
389 2530 397 2554 :
435 2511 534 2570 quia
557 2511 728 2555 Christo
752 2513 898 2570 potius
929 2523 1060 2569 quam
1084 2507 1206 2551 vobis
1228 2505 1462 2557 credimus,

130 2605 137 2620 ¹
160 2600 237 2630 Luc.
258 2608 329 2628 xxiv
345 2620 352 2633 ‚
370 2597 424 2636 45.
451 2613 489 2618 ——
509 2603 520 2618 2
542 2596 660 2628 Matth.
690 2606 724 2636 v,
744 2593 797 2636 43.
815 2609 854 2618 -·
874 2593 886 2616 3
907 2594 1020 2636 Ephes.
1041 2602 1073 2629 v,
1092 2594 1122 2624 8.
1143 2607 1180 2613 ·-
1198 2590 1213 2619 4
1235 2600 1253 2622 2
1271 2590 1350 2622 Tim.
1371 2600 1416 2627 iv,
1432 2598 1464 2620 2.

271 2662 456 2691 (lxxxix.
1232 2647 1256 2682 ὕ
