1825 3264
537 245 591 272 nn
624 245 811 273 numeru
845 246 1060 275 Eccmzsm.
1407 236 1486 274 261

105 312 171 356 bis
202 311 305 356 tales
339 311 528 370 tetigerit
563 311 712 371 quales
746 311 816 356 isti
854 322 970 356 sunt.
1009 315 1122 358 Cum
1151 312 1268 356 enim
1297 312 1488 367 dixisset,

109 401 128 424 «
156 381 290 426 Filius
323 382 509 426 hominis
539 391 665 441 putas
692 382 883 426 inveniet
909 383 1041 426 fidem
1070 384 1115 427 in
1146 392 1257 427 terra
1277 418 1288 437 ,
1314 402 1333 424 »
1359 383 1490 428 credo

103 453 204 512 quia
227 461 396 512 poterat
422 452 685 512 quibusdam
707 453 905 512 superbis
927 453 1157 507 haereticis,
1178 455 1253 513 qui
1277 454 1322 498 in
1344 453 1488 513 aliqua

102 532 224 582 parte
255 533 466 568 terrarum
491 538 535 568 se
563 524 618 567 ab
649 523 764 567 orbis
792 524 960 568 unitate
988 533 1314 583 separaverunt,
1340 540 1489 569 ascen-

101 593 204 637 dere
225 593 270 637 in
293 609 367 638 cor
383 609 493 638 vana
511 602 553 638 et
570 594 720 638 inflata
732 594 955 654 cogitatio,
976 595 1098 653 quod
1113 594 1192 654 ipsi
1207 604 1347 640 essent
1357 596 1482 655 justi,

100 664 405 709 deficientibus
433 674 476 709 et
503 665 790 724 pereuntibus
822 680 844 709 a
873 665 960 709 fide
979 665 1145 710 caeteris
1168 665 1388 724 gentibuS,
1413 681 1489 725 per

96 750 204 795 quas
243 734 446 780 Ecclesiae
481 737 733 780 communio
772 735 978 781 dilatatur
1000 757 1013 794 ·,
1053 736 1262 781 continuo
1312 745 1486 781 secutus

95 805 387 865 Evangelista,
425 825 444 848 «
471 807 583 851 Dixit
609 816 772 862 autem,
818 807 977 868 inquit,
1009 816 1050 852 et
1083 805 1138 851 ad
1171 806 1381 867 quosdam
1411 808 1487 867 qui

98 895 117 918 »
143 876 223 922 sibi
237 878 341 937 justi
365 877 644 932 videbantur,
665 887 708 922 et
730 879 994 937 spernebant
1015 887 1211 932 caeteros,
1237 877 1486 922 similitudi-

97 967 115 989 »
141 963 238 993 nem
269 949 394 993 istam
419 952 449 993 ¹.
489 968 508 991 »
547 952 602 994 Et
628 949 825 1010 sequitur
852 949 907 994 de
934 949 1018 995 illis
1040 950 1215 999 duobus
1247 950 1292 994 in
1322 949 1486 1009 templo

91 1019 333 1073 orantibus,
355 1019 570 1064 Pharisae0
585 1028 628 1063 et
645 1019 885 1064 Publicano
912 1040 920 1065 :
939 1021 985 1064 in
1001 1021 1160 1079 quibus
1176 1019 1350 1065 duobus
1371 1021 1487 1079 figu-

91 1099 243 1133 rantur
259 1090 442 1149 superba
460 1090 658 1149 gloriatio
674 1090 890 1136 bonorum
906 1106 1107 1150 operum,
1129 1101 1172 1135 et
1191 1092 1367 1135 humilis
1384 1107 1487 1136 con·

87 1159 216 1205 fessio
249 1171 544 1220 peccatorum.
578 1162 782 1206 Desinant
802 1177 904 1221 ergo
927 1162 1021 1215 isti,
1044 1162 1078 1206 si
1100 1161 1362 1221 respondere
1382 1162 1484 1206 huic

89 1231 295 1290 Epistolae
330 1242 500 1291 parant,
532 1248 580 1277 ea
614 1233 856 1277 testimonia
882 1248 1251 1287 commemorare,
1278 1248 1377 1293 quae
1406 1248 1484 1278 nos

87 1317 186 1346 cum
201 1303 301 1361 ipsis
316 1318 723 1357 commemoramus,
744 1303 813 1347 vel
832 1303 876 1346 in
895 1304 1188 1362 perditionem
1207 1303 1480 1358 Judaeorum,

87 1372 155 1416 vel
197 1374 242 1417 in
286 1373 445 1418 zizania
463 1409 474 1427 ,
509 1374 596 1418 sive
640 1373 808 1433 paleam
829 1409 839 1428 ,
883 1374 971 1417 sive
1005 1372 1138 1418 malos
1174 1375 1310 1432 pisces
1351 1375 1484 1418 totius

86 1443 254 1488 mundi.
279 1448 332 1489 Et
348 1446 458 1490 sicut
475 1460 553 1489 nos
571 1443 927 1489 manifestissimis
948 1445 1203 1489 testimoniis
1223 1445 1483 1489 asseruimus

85 1515 322 1560 Ecclesiam
347 1525 440 1560 toto
462 1517 568 1560 orbe
590 1515 793 1560 diffusam
811 1551 821 1570 ,
847 1517 905 1560 sic
928 1526 971 1560 et
993 1516 1072 1576 ipsi
1096 1516 1374 1560 manifestum
1398 1515 1480 1559 ali-

83 1586 191 1645 quid
211 1587 436 1645 proferant
455 1622 466 1641 ,
492 1586 610 1630 unde
635 1587 867 1632 ostendant
889 1602 980 1631 esse
1003 1588 1260 1646 praedictum
1279 1622 1289 1639 ,
1314 1588 1480 1631 caeteris

84 1657 287 1714 gentihus
312 1673 334 1701 a
366 1658 452 1702 fide
486 1657 646 1702 Christi
683 1658 994 1717 pereuntibus,
1022 1657 1157 1702 solam
1189 1658 1381 1702 Africam
1410 1673 1480 1700 re-

83 1740 333 1771 mansuram
359 1763 370 1782 ,
418 1737 461 1773 et
502 1743 784 1788 quocumque
822 1728 1011 1787 episcopi
1050 1743 1100 1771 ex
1143 1726 1288 1771 Africa
1327 1727 1476 1771 mitte-

85 1807 253 1843 rentur.

139 1871 232 1913 XL.
263 1888 282 1911 «
306 1870 524 1929 Scriptum
546 1879 626 1924 est,
647 1871 870 1930 inquiunt,
896 1870 941 1913 in
964 1870 1154 1915 Canticis
1175 1870 1472 1914 canticorum:

86 1958 105 1980 ι(
126 1942 307 1998 Sponsa,
331 1940 376 1984 id
400 1950 478 1994 est,
505 1941 696 1985 Ecclesia
718 1941 890 1984 dicente
914 1940 968 1984 ad
990 1942 1222 1999 Sponsum,
1249 1939 1473 1983 Annuntia

84 2012 370 2071 »mihiquem
385 2012 533 2055 dilexit
545 2013 686 2056 anima
699 2026 810 2063 mea,
826 2011 899 2054 ubi
919 2011 1072 2069 pascis,
1089 2011 1166 2054 ubi
1181 2011 1314 2054 cubas
1329 2011 1371 2053 in
1386 2025 1473 2053 me-

82 2099 102 2122 »
119 2082 266 2126 ridie2.
285 2085 404 2126 »Hoc
419 2092 481 2126 est
498 2083 674 2127 unicum
691 2082 985 2126 testimonium
1001 2081 1119 2141 quod
1134 2097 1211 2140 pro
1223 2082 1345 2125 scisti
1363 2096 1474 2126 reso-

80 2167 184 2195 nare
197 2152 482 2206 arbitrantur,
496 2168 546 2196 eo
561 2152 679 2212 quod
690 2151 833 2197 Africa
849 2153 890 2196 in
907 2152 1139 2196 meridiana
1154 2153 1268 2196 orbis
1282 2161 1404 2211 parte
1416 2152 1470 2196 sit

81 2222 331 2267 constituta.
352 2221 475 2267 Unde
487 2223 675 2282 primum
688 2238 853 2281 quaero,
870 2222 1323 2283 quomodoChristum
1339 2223 1470 2266 inter-

79 2301 202 2350 roget
218 2292 424 2346 Ecclesia,
443 2302 491 2337 ut
507 2294 736 2336 annuntiet
751 2293 788 2336 ei
803 2293 878 2336 ubi
893 2294 946 2336 sit
962 2292 1151 2336 Ecclesia
1171 2307 1337 2351 :neque
1352 2292 1469 2335 enim

78 2362 195 2416 duae,
211 2362 287 2407 sed
306 2378 391 2406 una
407 2372 484 2407 est.
502 2367 589 2407 Aut
608 2363 676 2406 isti
699 2363 949 2417 ostendant,
967 2363 1174 2422 quoniam
1200 2378 1287 2406 non
1312 2370 1471 2419 negant

77 2433 170 2476 haec
186 2433 317 2475 verba
331 2432 565 2477 Ecclesiam
589 2432 732 2476 dicere
752 2435 940 2487 Christo,
966 2449 1065 2493 quae
1082 2433 1136 2477 sit
1159 2431 1346 2476 Ecclesia
1368 2448 1467 2492 quae

77 2502 332 2562 interrogat,
354 2512 396 2546 et
420 2518 520 2562 quae
538 2503 592 2546 sit
617 2502 806 2547 Ecclesia
829 2503 884 2547 dc
907 2519 993 2563 qua
1017 2505 1269 2560 interrogat.
1298 2502 1464 2555 Quaerit

128 2594 135 2611 ¹
160 2589 237 2621 Luc.
260 2598 348 2630 xviii,
365 2599 398 2630 9.
416 2604 456 2612 —
474 2595 486 2611 ²
504 2590 594 2622 Cant.
616 2600 639 2630 1,
658 2589 689 2620 6.
