1825 3264
353 223 404 262 48
790 229 823 258 s.
861 228 1091 258 Aueuszrtm
1126 230 1304 258 EPISCOPI

351 310 494 345 torum
518 298 775 356 contagione
797 305 989 356 raptores
1013 304 1130 350 sunt,
1156 304 1199 339 et
1217 293 1432 355 quidquid
1453 292 1570 353 apud
1594 309 1669 338 vos
1689 295 1735 338 in

350 370 470 414 malis
501 368 750 413 hominibus
770 367 1016 421 invenitur,
1054 367 1137 410 hoc
1169 374 1386 423 coguntur
1419 379 1509 408 esse
1537 364 1612 423 qui
1644 378 1734 408 non

349 448 479 497 sunt,
504 448 548 483 et
567 440 656 498 ipse
670 438 909 499 baptismus
931 438 975 481 in
997 437 1198 481 omnibus
1220 435 1455 480 immundis
1477 435 1627 479 vestris
1650 435 1734 478 im-

349 508 540 554 mundus
561 518 650 563 est,
675 517 719 553 et
750 523 828 568 pro
850 508 981 567 ipsius
1003 507 1294 550 immunditiae
1316 505 1564 550 diversitate
1587 505 1731 548 diver-

348 595 419 624 sus
435 588 514 634 est,
531 579 565 622 si
587 578 682 623 talis
699 593 789 623 esse
810 578 981 637 cogitur
998 577 1136 637 qualis
1159 586 1221 622 est
1243 577 1316 620 ille
1336 592 1359 620 a
1381 592 1470 636 quo
1485 576 1671 620 habetur
1692 584 1735 620 et

348 650 492 695 datur.
517 652 620 693 Haee
643 650 794 710 utique
819 648 921 693 falsa
950 658 1065 703 sunt,
1093 658 1136 693 et
1157 648 1256 693 ideo
1279 647 1401 693 nobis
1424 647 1532 691 nihil
1555 647 1732 701 obsunt,

349 735 449 764 cum
471 736 521 764 ea
544 719 683 765 dicitis
700 721 745 763 in
763 736 856 773 nos,
885 734 964 763 nec
992 719 1198 779 respicitis
1220 734 1295 763 vos
1315 739 1325 775 3
1349 718 1470 762 vobis
1493 727 1637 762 autem
1655 717 1737 761 ob-

349 800 466 846 sunt,
483 791 584 851 quia
601 806 701 835 cum
717 806 766 835 ea
781 790 886 834 falsa
904 791 1059 845 dicitis,
1076 790 1122 834 in
1140 805 1218 835 nos
1236 805 1323 834 non
1342 789 1521 843 cadunt,
1545 787 1620 833 sed
1634 788 1734 847 quia

350 877 397 906 ea
422 877 517 906 vera
542 862 717 920 putatiS‚
738 862 783 904 in
806 876 881 905 vos
904 861 1119 905 recidunt.

410 934 608 975 LXXlX.
628 935 886 975 penulis-us
904 930 1011 974 dixit
1029 950 1038 976 :
1067 950 1086 972 (ι
1099 934 1205 976 Nam
1225 932 1257 974 Si
1275 930 1369 974 illos
1384 929 1600 989 Apostolis
1616 929 1737 973 licuit

349 1002 591 1061 baptizare,
619 1017 727 1061 quos
755 1002 1023 1061 poenitentiae
1044 1002 1260 1060 baptismo
1287 1005 1478 1046 Joannes
1511 1000 1734 1053 abluerat,

350 1072 455 1115 mihi
473 1087 547 1116 vos
574 1073 790 1131 baptizare
812 1071 1038 1130 sacrilegos
1057 1087 1146 1116 non
1167 1071 1345 1116 licebit?
1365 1092 1382 1112 »

409 1145 585 1186 LXXX.
625 1147 898 1186 AUGUSTOEUS
924 1142 1144 1201 respondit
1171 1162 1178 1186 :
1210 1142 1292 1186 Ubi
1315 1151 1378 1186 est
1399 1157 1502 1201 ergo
1527 1141 1647 1201 quod
1669 1156 1739 1185 su-

348 1228 423 1270 pra
453 1213 634 1267 dixeras,
657 1228 745 1256 non
768 1211 900 1256 alium
925 1214 1185 1271 baptismum
1217 1213 1349 1257 fuisse
1373 1214 1550 1257 Joannis
1567 1247 1577 1265 ,
1603 1210 1736 1256 alium

348 1284 523 1336 Christi,
549 1283 624 1327 sed
648 1299 783 1327 unum
809 1284 1071 1341 baptismum
1106 1284 1245 1327 tribus
1279 1282 1487 1342 gradibus
1508 1298 1737 1327 conseera-

348 1362 441 1396 tum
460 1387 470 1407 ,
503 1368 688 1411 quorum
712 1353 840 1396 trium
864 1353 1076 1411 graduum
1100 1369 1256 1413 aquam
1282 1356 1495 1409 Joannes,
1529 1354 1736 1413 Spiritum

349 1422 565 1476 Christus,
592 1423 735 1480 iguem
756 1422 1000 1467 Paracletus
1023 1422 1173 1467 dedit?
1191 1426 1281 1468 Cur
1306 1439 1407 1481 ergo
1430 1439 1587 1483 aquam
1613 1438 1737 1482 repe-

349 1493 539 1536 tiverunt
554 1493 746 1552 Apostoli
764 1494 808 1536 in
828 1494 885 1537 eis
897 1494 1056 1552 quibus
1069 1496 1159 1554 jam
1178 1497 1367 1538 Joannes
1383 1509 1539 1554 aquam
1559 1493 1737 1538 dederat

348 1565 635 1622 pertinentem
659 1564 712 1608 ad
736 1580 871 1608 unum
898 1565 1157 1624 baptismum
1190 1566 1328 1609 trihus
1351 1564 1554 1624 gradibus
1584 1580 1736 1609 conse-

347 1644 511 1679 cratum
523 1638 540 1678 f>
552 1636 702 1680 Cernis
715 1645 830 1680 certe
841 1652 969 1695 quam
985 1637 1038 1680 sit
1051 1637 1354 1691 necessarium,
1372 1645 1420 1680 ut
1432 1637 1537 1681 sciat
1551 1637 1736 1696 quisque

347 1706 465 1765 quod
490 1706 697 1765 loquitur.

405 1779 604 1821 LXXXI.
624 1781 882 1821 Panum
897 1777 1005 1820 dixit
1023 1797 1060 1822 z«
1073 1780 1223 1838 Neque
1234 1778 1348 1822 enim
1363 1779 1544 1837 Spiritus
1562 1778 1735 1823 sanctus

345 1847 390 1889 in
409 1862 672 1907 quemquam
693 1863 846 1891 manus
863 1848 1138 1907 impositione
1161 1849 1375 1907 pontificis
1398 1850 1557 1907 poterit
1582 1849 1730 1903 inseri,

346 1917 425 1959 nisi
446 1932 554 1975 aqua
581 1933 700 1975 purae
723 1918 998 1962 conscientiae
1022 1920 1282 1978 praecesserit
1307 1920 1592 1978 generatrix.»

405 1990 627 2031 LXXXII.
664 1992 882 2032 Atracsm
894 2008 938 2032 us
970 1991 1192 2048 respondit
1215 2010 1222 2033 :
1261 1993 1310 2033 In
1333 1990 1398 2033 his
1421 1991 1569 2049 paucis
1591 1990 1733 2034 verbis

345 2058 429 2101 tuis
444 2057 532 2102 duo
547 2068 647 2103 sunt
661 2074 838 2104 errores.
859 2062 915 2103 Et
934 2075 1046 2104 unus
1063 2061 1238 2120 quidem
1260 2061 1314 2104 ad
1329 2061 1613 2120 quaestionem
1633 2076 1732 2121 quae

346 2128 457 2170 inter
479 2144 556 2172 nos
579 2128 824 2183 discutitur,
852 2146 937 2173 nou
964 2130 1090 2174 valde
1110 2132 1311 2189 pertinet,
1338 2132 1412 2174 sed
1442 2141 1483 2174 te
1505 2132 1731 2190 imperitiae

345 2198 554 2255 coarguit.
579 2201 683 2241 Nam
709 2199 752 2242 in
782 2209 956 2243 eentum
977 2200 1129 2258 viginti
1149 2201 1343 2244 homines
1361 2201 1452 2244 sine
1473 2202 1728 2260 cujusquam

345 2282 497 2311 manus
535 2269 808 2326 impositione
825 2304 834 2322 ,
871 2270 914 2312 in
953 2269 1204 2314 Cornelium
1230 2286 1330 2314 vero
1352 2272 1665 2315 Centurionem
1687 2281 1725 2315 et

344 2353 415 2382 eos
430 2339 504 2397 qui
523 2354 619 2381 cum
636 2338 710 2383 illo
729 2349 849 2383 eraut
863 2343 892 2392 ¹,
916 2361 932 2380 »
952 2341 1077 2384 etiam
1097 2341 1216 2400 prius
1233 2357 1362 2401 quam
1387 2341 1724 2398 baptizarentur,

346 2408 526 2466 Spiritus
549 2419 720 2453 sanctus
746 2410 933 2453 advenit.
969 2410 1089 2454 Alter
1111 2421 1256 2454 autem
1285 2427 1404 2456 error
1425 2412 1475 2458 in
1500 2413 1563 2456 his
1586 2413 1727 2456 verbis

344 2478 426 2520 tuis
460 2488 591 2522 totam
626 2495 796 2524 causam
827 2490 1010 2524 vestram
1052 2483 1222 2541 penitus
1252 2482 1438 2541 perimit,
1468 2483 1579 2527 Dicis
1609 2483 1723 2527 enim

393 2569 398 2585 ¹
425 2564 626 2603 Aet.1‚15;
653 2565 752 2605 11,4;
782 2576 821 2602 x,
850 2565 902 2606 44
