1825 3264
364 240 447 278 278
799 249 833 276 3.
868 246 1100 276 AUGUS'HM
1133 245 1314 276 Bmscom

362 315 478 360 orbis
499 312 588 357 sola
610 321 792 357 servata.
817 314 968 373 Neque
985 313 1101 356 enim
1118 321 1184 357 tot
1206 311 1458 357 testimoniis
1474 311 1749 357 commenda-

361 393 481 428 retur
501 382 623 442 quod
644 391 736 426 erat
755 381 843 427 cito
865 383 1122 442 periturum,
1147 391 1192 426 et
1206 381 1267 426 sic
1283 390 1515 436 taceretur,
1540 390 1616 426 aut
1629 382 1751 442 quod

358 454 501 500 solum
533 462 643 498 esset
670 451 1035 514 relinquendum,
1061 461 1138 497 aut
1161 467 1212 497 ex
1239 468 1328 513 quo
1359 452 1452 498 solo
1474 461 1617 498 totum
1642 461 1752 498 esset

359 523 651 584 reparandum
671 532 715 568 et
740 523 1028 584 implendum.
1055 523 1099 569 Si
1126 532 1274 568 autem
1295 538 1386 568 non
1406 522 1607 582 potestis,
1631 522 1753 583 quod

359 606 448 641 tam
469 597 585 657 juste
614 611 638 640 a
659 595 782 641 vobis
805 595 1052 655 flagitamus
1068 629 1079 650 ,
1105 593 1361 652 ostendere,
1390 593 1532 639 cedite
1552 594 1723 640 veritati
1738 629 1750 653 ,

359 666 658 723 conticescite,
682 665 1013 722 obdormiscite,
1038 681 1063 710 a
1085 664 1233 710 furore
1252 665 1597 725 expergiscimini
1616 665 1664 710 in
1684 679 1753 711 sa-

355 737 510 782 lutem.

417 811 515 854 LII.
541 810 610 853 An
638 807 782 853 adhuc
809 807 951 852 dicitis
977 826 985 852 ε
1016 825 1036 849 «
1060 807 1103 853 Si
1125 806 1243 867 apud
1263 821 1340 852 vos
1361 815 1425 852 est
1445 805 1639 852 Ecclesia
1655 840 1668 861 ‚
1701 815 1754 851 ut

359 880 470 941 quid
500 894 578 924 nos
609 879 664 924 ad
696 880 786 939 ejus
807 893 957 938 pacem
986 876 1287 938 persequendo
1306 876 1598 937 compellitis?
1622 885 1697 921 aut
1716 878 1751 922 si

357 949 462 994 mali
493 965 643 994 sumus
665 984 676 1005 ,
702 948 810 1009 quid
843 964 921 993 nos
949 949 1168 1009 quaeritis?
1190 951 1247 993 Et
1267 948 1300 993 si
1322 948 1480 993 zizania
1501 962 1672 1002 sumus,
1695 947 1754 991 si-

354 1022 446 1066 nite
468 1036 546 1065 nos
568 1035 758 1065 crescere
785 1035 924 1080 usque
952 1019 1007 1064 ad
1038 1020 1249 1064 messem?
1267 1039 1285 1060 »
1312 1019 1445 1072 Quasi
1461 1033 1540 1062 nos
1557 1052 1569 1073 ‚
1591 1019 1753 1078 quibus

358 1092 497 1136 modis
519 1106 774 1151 possumus,
811 1090 931 1135 aliud
963 1105 1166 1149 agamus,
1196 1090 1277 1134 nisi
1309 1105 1364 1133 ne
1393 1089 1587 1134 triticum
1617 1089 1749 1134 simul

359 1162 617 1217 eradicetur,
639 1161 746 1206 dum
765 1170 865 1206 ante
886 1170 1057 1221 tempus
1074 1160 1232 1205 zizania
1253 1169 1523 1220 separantur.
1546 1160 1755 1214 Quicum·

360 1248 447 1294 que
471 1233 585 1277 enim
610 1232 714 1277 boni
744 1232 790 1276 in
823 1240 1036 1276 aeternum
1065 1231 1206 1276 futuri
1233 1240 1335 1276 sunt
1353 1266 1365 1287 ,
1400 1231 1479 1276 etsi
1501 1230 1556 1276 ad
1584 1232 1755 1290 tempus

360 1304 464 1348 mali
486 1312 587 1348 sunt
602 1306 639 1357 ²,
664 1318 754 1347 non
776 1302 959 1357 zizania,
987 1303 1063 1346 sed
1082 1302 1275 1346 triticum
1298 1311 1400 1346 sunt
1419 1302 1464 1346 in
1486 1302 1756 1361 praescientia

359 1376 454 1420 Dei.
476 1375 543 1419 Sic
561 1383 706 1418 autern
729 1389 807 1418 nos
827 1373 1053 1429 accusatis,
1079 1388 1213 1433 quare
1239 1388 1310 1417 vos
1329 1388 1576 1433 quaeramus
1598 1373 1634 1417 si
1656 1372 1757 1417 mali

361 1446 476 1500 estis,
503 1445 626 1504 quasi
649 1460 739 1489 non
762 1445 807 1488 in
831 1460 881 1489 eo
900 1443 1109 1503 perieritis
1126 1459 1214 1503 quo
1236 1442 1340 1487 mali
1361 1444 1476 1499 estis,
1494 1452 1538 1488 et
1552 1443 1652 1488 ideo
1667 1444 1756 1489 sitis

361 1515 604 1577 quaerendi,
630 1515 733 1576 quia
749 1515 947 1574 periistis,
969 1524 1017 1559 ut
1037 1513 1195 1574 perditi
1212 1514 1488 1574 quaeramini,
1509 1514 1680 1574 quaesiti
1694 1515 1756 1560 in-

362 1586 597 1632 veniamini
613 1621 624 1640 ,
650 1586 815 1630 inventi
838 1585 1099 1630 revocemini
1117 1620 1128 1641 ,
1153 1585 1264 1629 sicut
1286 1584 1358 1629 illa
1375 1585 1466 1630 ovis
1487 1600 1510 1629 a
1531 1588 1753 1644 pastore2,

365 1657 474 1701 sicut
500 1656 573 1700 illa
592 1655 798 1700 drachma
817 1672 840 1700 a
863 1655 1044 1700 muliere
1059 1690 1070 1710 ,
1095 1656 1207 1700 sicut
1229 1655 1300 1699 ille
1322 1655 1435 1700 filius
1457 1656 1534 1716 qui
1559 1664 1757 1701 mortuus

365 1736 456 1772 erat
473 1736 516 1771 et
538 1727 712 1781 revixit,
735 1727 920 1786 perierat
937 1735 980 1771 et
1001 1727 1204 1771 inventus
1223 1735 1301 1771 est.
1329 1726 1408 1771 Ille
1425 1742 1500 1772 vos
1513 1727 1628 1772 enim
1642 1742 1758 1787 quae·

365 1799 437 1851 rit,
459 1798 535 1858 qui
556 1798 601 1841 in
616 1799 773 1843 sanctis
792 1799 974 1852 habitat,
996 1807 1039 1843 et
1061 1799 1244 1858 imperat
1262 1807 1313 1842 ut
1332 1798 1606 1858 quaeramini.

425 1872 544 1913 LIII.
575 1872 633 1913 De
656 1869 954 1928 persecutione
977 1878 1122 1913 autem
1147 1878 1285 1913 vestra
1307 1868 1483 1928 querela
1509 1868 1754 1924 sedabitur,

363 1941 396 1984 si
414 1940 610 1999 cogitetis
634 1950 676 1984 et
693 1940 942 1998 intelligatis
957 1940 1091 2000 prius,
1113 1956 1202 1985 non
1219 1955 1395 1985 omnem
1412 1939 1757 1999 persecutionem

365 2026 454 2055 esse
485 2010 747 2070 culpabilem
787 2030 794 2055 :
830 2009 1024 2071 alioquin
1066 2026 1154 2055 non
1197 2009 1475 2056 laudabiliter
1510 2008 1753 2054 diceretur:

370 2100 387 2121 «
410 2081 719 2125 Detrahentem
737 2081 930 2140 proximo
948 2096 1027 2125 suo
1041 2080 1228 2137 occulte,
1248 2082 1368 2126 hunc
1383 2080 1713 2140 persequebar³.
1732 2097 1752 2121 »

364 2154 471 2196 Nam
495 2152 691 2211 quotidie
713 2151 910 2196 videmus
929 2161 971 2196 et
988 2151 1128 2196 filium
1146 2153 1200 2197 de
1222 2161 1344 2213 patre
1359 2161 1566 2212 tanquam
1583 2149 1639 2195 de
1655 2165 1757 2210 pei·-
1771 2206 1781 2214 -

364 2231 561 2267 secutore
579 2238 657 2266 suo
674 2224 908 2282 conqueri,
935 2232 978 2267 et
999 2225 1226 2283 conjugem
1251 2224 1306 2269 de
1324 2223 1500 2277 marito,
1523 2231 1567 2267 et
1584 2236 1757 2266 servum

364 2294 419 2337 de
441 2293 637 2349 domino,
662 2302 705 2337 et
726 2292 932 2338 colonum
958 2292 1013 2337 de
1030 2309 1288 2353 possessore,
1313 2302 1357 2339 et
1376 2308 1499 2338 reum
1515 2291 1571 2338 de
1586 2291 1752 2354 judice,
1770 2290 1773 2291 ⁷

363 2373 405 2408 et
426 2364 606 2408 militem
621 2363 690 2409 vel
705 2364 1084 2424 provincialem-de
1099 2364 1211 2410 duce
1231 2365 1300 2411 vel
1317 2380 1418 2424 rege
1437 2385 1448 2422 3
1468 2379 1568 2409 cum
1586 2362 1650 2407 illi
1666 2363 1756 2423 ple-

358 2451 544 2496 rumque
567 2435 882 2481 ordinatissima
902 2445 1113 2496 potestate
1134 2437 1215 2481 sihi
1235 2436 1433 2482 homines
1454 2434 1653 2481 subditos
1675 2449 1753 2494 per

407 2550 411 2563 ¹
442 2544 564 2577 Zizania
589 2545 732 2587 quaedam
762 2546 792 2576 in
819 2545 874 2578 Dei
899 2544 1098 2588 praescientia
1124 2545 1279 2580 triticum.
1299 2562 1342 2570 —
1357 2550 1370 2568 ²
1400 2546 1477 2578 Luc.
1502 2554 1556 2578 xv.
1574 2559 1616 2568 —·
1632 2541 1645 2566 ³
1664 2541 1746 2575 Psal-

360 2610 397 2638 c,
434 2610 463 2629 a.
