1825 3264
331 246 383 283 ,3ss
763 249 795 277 s.
833 249 1062 278 Ancus-nm
1099 248 1276 275 zmseom

333 332 599 380 unoquoque
622 323 813 359 vestrum
835 314 1074 372 gaudenter
1094 312 1288 356 dicamus
1305 345 1316 364 ,
1346 328 1366 351 «
1388 311 1589 354 Mortuus
1607 316 1714 362 erat,
1764 327 1787 370 j

335 413 351 431 »
378 400 420 434 et
443 388 615 443 revixit,
639 386 839 445 perierat,
860 393 904 429 et
920 385 1123 428 inventus
1145 390 1210 425 est
1225 383 1254 423 ¹.
1284 398 1303 420 »

387 461 480 504 XC.
509 460 770 501 Penmmns
787 454 894 499 dixit
929 474 937 499 :
965 474 985 496 «
1012 455 1054 499 Si
1076 468 1152 498 vos
1179 461 1328 496 tenere
1355 448 1627 496 Catholicam
1655 447 1718 493 di·
1782 459 1786 461 ’

327 531 438 584 citis,
461 527 694 573 catholicos
719 525 828 570 illud
857 535 920 570 est
950 525 1071 586 quod
1095 538 1232 583 graece
1250 520 1412 566 dicitur
1431 520 1610 565 unicum
1631 519 1720 565 sive

331 610 487 646 totum.
510 602 622 643 Ecce
638 598 684 642 in
702 607 794 642 toto
812 612 900 642 non
917 596 1032 650 estis,
1058 595 1161 655 quia
1182 594 1227 637 in
1239 601 1408 653 partem
1430 591 1628 636 cessistis.

387 672 506 715 XCI.
546 672 823 714 Aucusrmns
860 665 1083 726 respondit
1114 684 1122 709 :
1154 666 1212 709 Et
1239 678 1319 722 ego
1349 661 1528 723 quidem
1571 675 1722 717 graecae

328 743 490 800 linguae
511 755 745 800 perparum
764 747 984 784 assecutus
1011 752 1124 791 sum,
1149 744 1192 780 et
1216 748 1353 794 prope
1377 731 1487 777 nihil
1507 749 1518 776 .·
1544 747 1634 777 non
1655 740 1723 776 ta-

332 828 433 856 men
454 811 734 870 impudenter
761 808 859 854 dico
889 824 959 852 me
989 822 1112 852 nosse
1134 807 1225 855 ὅλον,
1249 821 1338 849 non
1361 819 1449 848 esse
1471 817 1628 857 unum,
1649 802 1725 846 sed

335 893 473 927 totum
493 904 504 940 3
529 891 571 926 et
593 883 671 922 καθ’
691 883 786 930 ὅλον,
805 880 1046 925 secundum
1072 888 1211 923 totum
1229 898 1240 934 3
1261 874 1378 921 unde
1396 873 1622 920 Catholica
1645 889 1726 918 no-

333 969 432 998 men
457 954 639 1012 accepit,
654 951 825 996 dicente
841 952 933 1010 ipso
950 950 1151 1004 Domino,
1177 967 1195 990 «
1214 950 1312 994 Non
1329 955 1393 991 est
1410 954 1603 990 vestrum
1618 944 1727 989 scire

339 1043 359 1066 n
386 1034 582 1084 tempora
596 1059 606 1079 ,
628 1040 727 1084 quae
746 1027 874 1067 Pater
894 1022 1039 1082 posuit
1060 1021 1105 1064 in
1127 1036 1203 1064 sua
1220 1020 1462 1078 potestate2
1488 1036 1496 1061 :
1520 1037 1537 1059 »
1555 1016 1631 1062 sed
1653 1031 1727 1061 ac-

337 1097 501 1154 cipietis
530 1096 735 1139 virtutem
773 1093 954 1152 Spiritus
980 1092 1117 1135 sancti
1146 1090 1526 1149 supervenientem
1559 1088 1605 1132 in
1626 1103 1726 1144 vos3

335 1175 378 1208 ct
399 1166 515 1208 eritis
539 1163 646 1207 mihi
664 1172 793 1208 testes
816 1164 861 1205 in
884 1161 1142 1215 Jerusalem,
1174 1161 1279 1204 etin
1300 1168 1434 1203 totam
1465 1156 1663 1202 Judaeam
1687 1167 1730 1201 et

339 1235 590 1289 Samariam,
615 1243 658 1278 et
681 1247 819 1293 usque
836 1233 881 1275 in
898 1241 1035 1276 totam
1048 1240 1224 1275 terram.
1242 1233 1354 1274 Ecce
1370 1228 1489 1273 unde
1502 1228 1730 1273 Catholica

338 1314 532 1348 vocatur.
562 1304 646 1348 Sed
668 1303 728 1346 ita
752 1302 907 1346 clausis
936 1301 1071 1346 oculis
1102 1300 1326 1345 offenditis
1347 1301 1393 1344 in
1417 1308 1628 1354 montem,
1653 1299 1731 1359 qui
1756 1326 1769 1334 -

339 1390 389 1418 ex
412 1390 546 1432 parvo
579 1373 749 1432 lapide,
782 1373 1027 1417 secundum
1053 1372 1327 1431 prophetiam
1356 1370 1544 1415 Danielis
1560 1405 1571 1425 ,
1596 1371 1733 1415 crevit

339 1455 381 1489 et
405 1445 601 1503 implevit
622 1444 867 1488 universam
889 1453 1046 1487 terram
1061 1445 1093 1497 3,
1123 1451 1172 1486 ut
1196 1442 1322 1486 nobis
1347 1440 1521 1495 dicatis,
1547 1440 1668 1501 quod
1686 1442 1730 1485 in

340 1524 506 1574 partem
535 1515 807 1568 cesserimus,
839 1523 882 1557 et
910 1514 956 1557 in
992 1522 1085 1558 toto
1108 1528 1198 1557 non
1225 1513 1374 1567 simus,
1399 1527 1589 1572 quorum
1613 1527 1734 1556 com-

341 1586 490 1629 munio
509 1585 710 1629 universo
734 1586 840 1629 orbe
870 1584 1150 1628 diffunditur.
1185 1582 1270 1628 Sed
1296 1581 1670 1642 quemadmodum
1699 1583 1734 1627 si

343 1655 448 1698 mihi
485 1654 648 1698 diceres
680 1654 801 1714 quod
842 1670 920 1712 ego
952 1655 1031 1698 sim
1064 1653 1324 1708 Petilianus,
1362 1668 1452 1698 non
1493 1654 1733 1698 invenirem

342 1724 714 1785 quemadmodum
747 1733 788 1769 te
812 1725 1053 1769 refellerem
1070 1760 1080 1779 ,
1108 1725 1189 1769 nisi
1206 1734 1256 1768 ut
1278 1719 1352 1768 ant
1369 1725 1591 1783 jocantem
1616 1723 1734 1768 ride-

344 1810 460 1850 rem,
489 1804 565 1838 aut
600 1795 885 1839 insanientem
918 1794 1139 1853 dolerem3
1174 1796 1255 1839 hoc
1285 1795 1392 1838 mihi
1424 1809 1543 1839 nunc
1567 1793 1732 1839 facien-

341 1865 450 1909 dum
479 1881 569 1910 esse
602 1867 728 1910 video
756 1885 764 1910 :
790 1865 865 1910 sed
880 1866 981 1926 quia
995 1866 1193 1925 jocari-te
1210 1881 1299 1909 non
1316 1863 1463 1920 credo,
1484 1865 1604 1910 vides
1625 1864 1734 1924 quid

346 1944 489 1980 restet.

399 2008 539 2051 XCII.
568 2009 830 2050 Pznmmcs
851 2005 959 2050 dixit
984 2026 992 2051 z
1018 2025 1038 2048 «
1059 2006 1143 2051 Sed
1157 2020 1248 2050 non
1261 2015 1324 2050 est
1337 2020 1435 2065 pars
1457 2005 1732 2050 tenebrarum

341 2086 492 2120 contra
504 2077 664 2132 lucem,
679 2093 760 2121 nec
776 2093 869 2137 pars
878 2078 1178 2122 amaritudinis
1186 2092 1286 2122 curn
1296 2076 1426 2121 melle
1439 2096 1446 2121 :
1459 2092 1550 2122 non
1562 2086 1625 2122 est
1636 2092 1734 2137 pars

339 2148 440 2190 vitae
462 2163 562 2190 cum
583 2157 738 2201 morte,
765 2163 854 2193 non
872 2157 935 2191 est
958 2163 1056 2206 pars
1077 2148 1341 2191 innocentiae
1357 2162 1459 2191 cum
1481 2156 1623 2203 reatu,
1642 2163 1733 2192 non

342 2226 404 2260 est
428 2232 525 2275 pars
548 2233 672 2276 aquae
694 2232 795 2261 cum
814 2218 1044 2275 sanguine,
1066 2231 1145 2261 nec
1161 2232 1349 2261 amurcae
1373 2231 1474 2261 cum
1501 2215 1597 2262 oleo
1617 2233 1729 2277 pars,

342 2286 441 2330 licet
463 2287 516 2330 sit
537 2286 766 2330 faeculenta
785 2288 988 2346 cognatio
1006 2322 1016 2341 ,
1041 2287 1116 2331 sed
1139 2297 1295 2331 cuncta
1312 2288 1498 2347 reproba
1515 2288 1727 2333 defluent.
1776 2289 1781 2291 ⁴

344 2360 440 2415 Ipsa
455 2367 517 2401 est
536 2358 702 2402 sentina
721 2358 941 2413 vitiorum,
960 2357 1132 2402 dicente
1147 2361 1315 2403 Joanne
1332 2374 1340 2399 :
1361 2378 1378 2399 «
1398 2359 1593 2403 Exnobis
1613 2361 1732 2404 exie—

344 2446 363 2467 »
387 2437 504 2481 runt,
522 2427 595 2471 sed
614 2443 703 2472 non
720 2437 822 2472 sunt
836 2428 890 2472 de
908 2429 1033 2472 nobis
1051 2449 1059 2473 :
1078 2444 1178 2473 nam
1198 2430 1231 2473 si
1248 2438 1389 2473 essent
1404 2429 1458 2473 de
1475 2431 1617 2486 nobis,
1637 2446 1733 2490 per-

343 2516 362 2537 »
389 2498 642 2542 mansissent
660 2499 813 2559 utique
824 2499 1054 2544 nobiscum
1066 2502 1098 2543 4.
1123 2518 1142 2541 »
1163 2502 1262 2545 Non
1276 2509 1338 2544 est
1352 2515 1507 2544 aurum
1522 2516 1620 2545 cum
1640 2517 1732 2546 sor-

395 2590 400 2603 ¹
424 2585 500 2613 Luc.
522 2594 576 2618 xv,
597 2582 647 2613 532.
667 2600 706 2604 —
724 2590 734 2605 ²
755 2586 827 2615 Act.
852 2596 875 2619 ι,
897 2595 928 2624 7.
943 2582 1012 2607 —3
1033 2588 1109 2617 Dan.
1132 2597 1167 2625 ιι,
1193 2586 1244 2616 35.
1259 2601 1297 2607 --
1313 2583 1328 2612 4
1351 2586 1499 2625 Joan.11‚
1525 2597 1574 2627 ¹9-
