1825 3264
286 300 447 326 CONTRA
481 299 744 326 eiissscomuu
780 299 1066 338 noniirisrlm,
1103 302 1184 328 Lis.
1223 303 1281 329 ιν.
1397 290 1473 329 461

96 377 213 406 mum
236 364 396 408 Christi
418 364 622 409 nolebant
643 379 897 424 agnoscere,
923 382 1001 410 nec
1025 367 1069 410 in
1098 367 1157 410 eis
1180 366 1379 411 Ecclesiis
1402 368 1481 412 da-

95 442 186 477 tum
207 450 315 494 quas
337 435 643 494 Apostolorum
664 435 788 481 labor
815 438 1068 496 propagavit
1095 447 1225 497 atque
1251 438 1477 493 fundavit,

93 505 407 550 contendentes
427 516 544 551 extra
567 522 699 551 unam
729 507 964 551 Ecclesiam
991 508 1251 567 baptismum
1280 508 1370 552 dari
1393 524 1481 553 non

93 590 231 634 posse,
258 592 424 637 nosque
446 577 672 637 culpantes
696 578 814 638 quod
843 593 921 637 per
948 594 1019 623 eos
1043 579 1193 623 datum
1217 580 1479 638 baptismum

92 662 179 691 non
204 649 560 702 rescinderemus,
584 665 692 709 quos
714 665 804 693 esse
820 650 865 693 in
880 665 980 694 vera
1001 649 1190 694 Ecclesia
1208 665 1479 709 negaremus,

92 718 358 775 susciperent
392 719 436 762 in
459 720 704 763 Maximiani
735 719 941 778 sacrilego
964 720 1191 763 schismate
1213 720 1450 779 baptizatos
1467 754 1478 774 ,

90 794 133 829 et
155 788 199 830 in
223 789 282 831 eis
307 789 568 847 baptismum
594 789 838 832 rescindere
866 804 953 833 non
979 789 1189 833 auderent
1216 809 1224 833 ε
1250 799 1292 833 et
1323 790 1398 849 qui
1427 788 1482 832 de

90 856 260 916 legibus
291 859 625 903 christianorum
657 860 990 918 imperatorum,
1016 860 1177 918 quibus
1198 875 1346 903 eorum
1380 875 1481 919 per-

90 928 265 972 versitas
287 929 542 987 corrigenda
566 929 833 988 praecipitur,
859 945 937 973 nos
960 938 1167 989 tanquam
1183 930 1363 973 crimine
1384 945 1482 988 per-

89 998 320 1043 secutionis
343 1009 565 1053 accusant,
589 999 760 1043 adirent
773 998 940 1058 judices
959 999 1014 1042 ab
1032 998 1132 1058 ipsis
1149 999 1483 1058 imperatoribus

91 1069 256 1124 missos,
277 1079 319 1113 et
340 1071 650 1113 Maximianum
669 1085 716 1113 ac
733 1070 869 1114 socios
885 1071 976 1129 ejus
994 1069 1108 1128 apud
1127 1085 1198 1114 eos
1214 1071 1399 1128 graviter
1416 1086 1483 1114 ac-

88 1149 304 1193 cusarent,
329 1149 370 1183 et
393 1141 624 1184 concilium
648 1155 736 1200 quo
774 1155 845 1184 eos
873 1140 1208 1194 damnaverunt,
1236 1141 1363 1199 gestis
1385 1156 1483 1199 pro-

89 1211 389 1256 consularibus
416 1212 679 1270 allegarent,
718 1227 766 1256 ac
793 1212 1007 1271 jussiones
1042 1212 1201 1271 quibus
1223 1210 1283 1254 illi
1307 1211 1481 1255 sedibus

87 1280 372 1341 pellerentur,
399 1282 714 1326 efficacissimas
737 1282 1034 1340 impetrarent.
1064 1283 1139 1326 His
1168 1281 1370 1326 omnibus
1392 1297 1414 1325 a
1437 1297 1481 1326 se

89 1353 233 1411 gestis,
260 1352 402 1396 adhuc
425 1351 606 1396 nebulas
628 1352 837 1411 imperitis
854 1361 1068 1396 conantur
1100 1351 1331 1395 offundere
1357 1371 1365 1396 ι
1392 1367 1482 1395 non

88 1421 230 1467 solum
266 1423 497 1482 Scripturis
531 1423 709 1478 sanctis,
749 1432 791 1467 et
835 1423 1029 1481 priorum
1074 1437 1218 1466 rerum
1265 1430 1481 1481 gestarum

88 1494 266 1552 quando
284 1509 325 1537 se
347 1494 403 1537 ab
421 1493 589 1537 unitate
610 1503 919 1552 separaverunt
939 1493 1088 1537 multis
1112 1493 1329 1552 certisque
1349 1494 1481 1537 docu-

88 1565 268 1619 mentis,
291 1579 443 1608 verum
465 1564 595 1608 etiam
624 1564 926 1608 recentissimis
955 1564 1040 1607 suis
1062 1562 1186 1607 factis
1209 1572 1251 1606 et
1274 1562 1481 1622 exemplis

88 1633 406 1678 evidentissime
421 1634 625 1693 superati.

149 1708 207 1748 ΙΙ.
228 1705 339 1749 Hinc
357 1709 459 1763 ergo
477 1713 645 1748 tantum
664 1704 917 1761 agam,hinc
935 1703 988 1747 ad
1002 1718 1150 1748 omnes
1165 1702 1371 1761 Epistolae
1392 1711 1481 1746 tuae

89 1784 232 1834 partes
248 1811 258 1830 ,
277 1785 491 1835 quantum
516 1775 723 1819 Dominus
747 1788 815 1817 me
832 1775 1011 1833 adjuvat
1028 1808 1038 1827 ,
1061 1774 1152 1817 sine
1178 1772 1265 1816 ulla
1290 1772 1482 1816 dissicul-

88 1856 177 1891 tate
200 1882 210 1901 ,
246 1847 335 1891 imo
370 1862 471 1892 cum
506 1861 664 1904 magna
693 1843 900 1889 facilitate
929 1842 1230 1903 respondeam.
1258 1846 1320 1887 Ac
1340 1843 1480 1902 primo

90 1917 199 1962 illud
233 1918 354 1978 quod
386 1918 466 1962 tibi
500 1918 591 1976 ipse
622 1916 862 1960 contrarius
896 1914 1150 1974 eloquenter
1184 1913 1477 1974 eloquentiam

89 1988 335 2048 vituperare
352 1987 544 2041 voluisti,
567 1996 773 2046 tanquam
792 1995 900 2029 esset
916 1985 1107 2028 veritatis
1124 1984 1294 2027 inimica
1308 2019 1318 2038 ‚
1340 1993 1382 2027 et
1405 1999 1483 2042 pa-

92 2068 215 2102 trona
239 2059 382 2118 potius
406 2056 600 2102 falsitatis
620 2092 629 2111 ,
656 2065 705 2100 ut
738 2072 788 2099 eo
811 2054 942 2099 modo
965 2070 1034 2098 me
1056 2054 1180 2114 quasi
1202 2053 1481 2113 eloquentem

89 2129 332 2173 cavendum
349 2138 480 2189 atque
498 2126 757 2185 fugiendum
775 2125 1020 2170 ostenderes
1033 2124 1240 2183 imperitis
1257 2144 1265 2167 ;
1284 2124 1316 2167 si
1334 2138 1480 2167 revera

93 2208 209 2243 tanta
231 2209 338 2244 esset
361 2198 610 2259 eloquentia
629 2211 740 2250 mea,
757 2205 965 2256 quantam
988 2195 1111 2249 mihi,
1137 2194 1334 2253 quamvis
1357 2209 1481 2238 accu-

94 2270 265 2323 satorie,
291 2268 445 2314 tribuis
472 2289 481 2325 3
507 2282 654 2312 nonne
676 2266 855 2310 recitato
877 2265 1050 2309 decreto
1074 2263 1243 2308 concilii
1266 2267 1482 2322 Baga'ien-

94 2339 164 2394 sis,
183 2355 288 2399 quo,
310 2340 420 2384 sicut
438 2339 499 2382 ibi
519 2338 727 2396 scriptum
744 2345 830 2380 est:
853 2355 871 2377 ι(
891 2336 1201 2379 Maximianum
1219 2335 1319 2378 fidei
1345 2348 1483 2377 aemu-

94 2408 204 2464 lum,
229 2410 418 2454 veritatis
440 2409 712 2461 adulterum,
734 2406 937 2451 Ecclesiae
961 2407 1107 2449 matris
1123 2406 1342 2448 inimicum
1361 2439 1372 2457 ,
1399 2407 1483 2448 Da-

97 2480 184 2524 thae
202 2482 233 2533 ³,
255 2481 399 2525 Chore
418 2515 427 2533 ,
447 2488 490 2523 ct
514 2479 677 2523 Abiron
701 2477 945 2520 ministrum
959 2510 969 2529 ,
992 2476 1047 2519 de
1064 2476 1181 2534 pacis
1201 2474 1361 2533 gremio
1381 2488 1482 2518 sen-

99 2551 244 2594 tentiae
263 2549 427 2593 tulmen
451 2548 660 2601 excussit,
685 2565 704 2587 »
732 2546 910 2590 laudare
926 2545 1218 2605 eloquentiam
1235 2544 1443 2604 cogeretis
1465 2546 1483 2588 ἱ)

156 2635 164 2651 “
179 2635 268 2665 Num.
291 2644 358 2671 vu,
382 2633 415 2663 3.
