1825 3264
357 251 439 290 306
785 254 819 283 s.
856 252 1086 283 Aueusnm
1118 253 1298 280 EPISCOPI

352 324 641 376 cultaverunt‚
662 328 713 364 ut
739 320 869 364 etiam
884 334 960 364 vos
983 331 1133 363 corum
1158 316 1414 362 auctoritate
1434 314 1606 375 decepti
1626 316 1729 360 fini-

351 404 446 438 tum
468 408 558 437 non
579 406 667 436 esse
689 390 884 435 credatis.
910 389 1054 436 Nostri
1078 396 1240 443 autem,
1264 402 1316 431 ex
1341 401 1430 446 quo
1452 386 1626 431 finitum
1646 394 1727 442 est,

348 464 471 509 nullo
488 479 662 523 prorsus
683 472 880 521 tempore
906 471 957 506 ut
980 461 1070 520 ipse
1091 459 1189 503 finis
1220 458 1510 504 innotesceret
1537 472 1731 503 cessave-

348 544 468 590 runt,
492 533 716 594 quomodo
737 531 782 575 id
805 531 979 591 publice
999 529 1290 590 privatimque
1312 543 1439 587 agere
1461 535 1727 587 potuerunt,

347 621 403 650 ne
419 605 650 664 quisquam
666 604 712 647 in
733 601 1091 662 perniciosissimo
1106 615 1250 645 errore
1267 599 1496 659 persistens
1517 598 1573 643 de
1586 597 1730 656 segni-

344 676 405 720 tia
417 676 529 719 circa
544 690 589 719 se
610 673 907 718 ministrorum
928 672 1006 715 Dei
1029 671 1077 716 in
1098 670 1254 715 ultimo
1269 669 1436 729 judicio
1453 677 1727 730 quereretur.

339 747 437 791 Non
454 760 558 804 ergo
591 760 669 789 nos
703 744 808 789 olim
841 743 1010 787 finitam
1044 755 1221 785 causam
1244 740 1298 784 de
1322 740 1492 798 integro
1530 737 1731 783 volumus

337 824 590 871 retractare,
627 815 707 858 sed
736 810 1111 874 quemadmodum
1152 811 1273 854 finita
1308 810 1361 854 sit
1400 808 1700 853 demonstrare
1716 841 1728 862 ‚

337 895 514 945 propter
537 900 609 929 eos
633 885 817 928 maxime
835 884 911 943 qui
933 883 1018 927 hoe
1039 882 1240 926 nesciunt
1261 899 1268 924 :
1291 889 1341 923 ut
1361 895 1463 924 cum
1484 876 1732 922 defensores

333 957 654 1000 convincuntur
676 953 832 998 erroris
848 988 860 1008 ,
887 962 962 997 aut
985 953 1115 996 etiam
1151 952 1229 1010 ipsi
1252 951 1433 995 correcti
1453 948 1698 993 liberentur
1714 983 1725 1003 ,

333 1035 408 1069 aut
424 1035 541 1070 certe
561 1025 662 1083 ipsis
685 1023 920 1068 confutatis
943 1032 990 1066 et
1011 1024 1056 1065 in
1074 1030 1222 1079 aperta
1238 1021 1474 1079 pertinacia
1497 1034 1730 1063 remanen-

330 1095 462 1149 tibus,
484 1095 529 1137 hi
551 1094 628 1153 qui
649 1092 895 1152 cupidiores
916 1107 968 1137 su
985 1101 1035 1137 nt
1059 1091 1248 1137 veritatis
1266 1106 1399 1150 quam
1422 1090 1728 1144 contentionis,

328 1163 504 1209 videant
519 1165 597 1223 qui
616 1179 750 1222 sequa
759 1172 865 1207 ntur
876 1196 885 1206 .
1114 1213 1117 1218 s

385 1236 483 1277 VII.
521 1252 542 1275 «
566 1235 717 1293 Neque
744 1234 828 1277 hoc
865 1233 916 1276 fit
940 1232 1032 1276 sine
1056 1231 1220 1285 fructu,
1250 1250 1268 1272 »
1296 1239 1342 1275 ut
1365 1230 1595 1274 existimas.
1623 1231 1733 1275 Nam

325 1303 360 1347 si
388 1319 530 1362 posses
556 1305 704 1349 videre
736 1318 870 1364 quam
909 1302 1039 1361 longe
1072 1301 1247 1361 lateque
1279 1301 1471 1346 Africam
1499 1315 1617 1345 error
1646 1301 1727 1344 iste

323 1383 594 1432 pervaserat,
621 1383 664 1417 et
687 1388 820 1433 quam
837 1388 975 1432 pauca
993 1374 1083 1433 ejus
1106 1373 1396 1416 remanserint
1411 1387 1511 1432 quae
1529 1370 1727 1415 nondum

322 1442 368 1485 in
402 1458 552 1501 pacem
586 1443 846 1487 catholicam
878 1451 1078 1487 correcta
1111 1442 1404 1493 transierunt,
1440 1440 1563 1485 nullo
1596 1439 1728 1484 modo

327 1521 587 1556 assertorum
624 1513 870 1556 christianae
899 1512 1022 1571 pacis
1052 1521 1096 1556 et
1131 1512 1309 1556 unitatis
1343 1511 1659 1555 infructuosam
1688 1518 1733 1554 et

323 1579 499 1623 inanem
539 1582 805 1626 arbitrareris
844 1582 1099 1625 instantiam
1129 1600 1138 1625 :
1171 1581 1371 1641 quamvis
1412 1581 1543 1625 etiam
1582 1582 1617 1623 si
1658 1579 1732 1623 cui

326 1647 550 1707 diligentia
583 1650 810 1694 medicinae
840 1651 969 1710 hujus
999 1651 1197 1710 impensa
1228 1666 1317 1695 non
1338 1650 1541 1709 prodest,
1568 1649 1733 1694 sufficit

328 1718 383 1762 ad
405 1719 615 1763 rationem
638 1720 907 1765 reddendam
932 1724 1020 1765 Deo
1042 1720 1165 1780 quod
1191 1736 1280 1764 non
1304 1721 1484 1765 cessavit
1505 1719 1716 1779 impendi.

332 1788 452 1832 Sicut
469 1790 585 1832 enim
603 1789 817 1848 malignus
835 1806 984 1836 suasor
1002 1792 1182 1850 peccati,
1204 1791 1370 1835 etiamsi
1393 1807 1482 1835 non
1503 1805 1733 1849 persuase-

335 1859 413 1913 rit,
435 1860 588 1903 merito
605 1875 784 1919 poenam
801 1860 1045 1921 deceptoris
1064 1862 1257 1906 incurret
1283 1880 1291 1906 :
1316 1862 1376 1906 ita
1400 1860 1536 1905 fidelis
1550 1861 1728 1919 justitiae

337 1928 611 1987 praedicator,
629 1931 796 1974 etiamsi
813 1932 867 1974 ab
885 1932 1136 1975 hominibus
1154 1941 1396 1990 respuatur,
1417 1931 1529 1975 absit
1545 1939 1595 1974 ut
1611 1930 1730 1989 apud

340 2003 481 2044 Deum
501 2001 567 2045 sui
589 2002 721 2045 officii
744 2001 941 2046 mercede
959 2002 1204 2047 fraudetur.
1230 2005 1314 2046 Res
1336 2002 1452 2046 enim
1466 2010 1584 2046 certa
1606 2001 1655 2045 fit
1676 2000 1733 2045 ad

343 2072 576 2116 incertum.
605 2075 827 2116 Incertum
849 2082 996 2116 autem
1013 2072 1128 2128 dico,
1154 2089 1243 2117 non
1269 2073 1497 2131 praemium
1515 2072 1727 2126 facientis,

347 2141 422 2184 sed
451 2143 645 2185 animum
669 2141 899 2186 audientis.
933 2146 1155 2187 Incertum
1183 2144 1300 2186 enim
1324 2152 1387 2187 est
1408 2143 1533 2187 nobis
1551 2176 1563 2196 ,
1589 2151 1737 2186 utrum

350 2226 598 2255 assensurus
631 2212 685 2255 sit
720 2213 790 2255 cui
819 2212 975 2256 veritas
1008 2212 1271 2271 praedicatur
1298 2231 1306 2255 ε
1334 2211 1409 2255 sed
1440 2220 1607 2256 certum
1636 2221 1733 2265 est,

351 2281 482 2325 etiam
499 2279 658 2324 talibus
674 2281 901 2325 veritatem
915 2280 1141 2340 praedicari
1155 2290 1353 2340 oportere
1374 2298 1383 2325 ς
1404 2290 1631 2326 etcertum
1648 2290 1733 2336 est,

351 2351 536 2395 fideliter
563 2366 658 2395 eam
682 2351 965 2410 praedicantes
986 2353 1164 2412 dignam
1188 2353 1519 2397 retributionem
1543 2367 1734 2407 manere,

353 2421 441 2464 sive
470 2422 773 2480 suscipiantur,
809 2422 897 2467 sive
924 2432 1199 2482 spernantur,
1235 2424 1322 2467 sive
1351 2424 1478 2467 etiam
1509 2431 1736 2481 propterea

357 2490 565 2547 quaelibet
597 2491 891 2551 temporaliter
925 2492 1101 2537 adversa
1130 2493 1364 2552 patiantur.
1399 2492 1609 2536 Dominus
1635 2491 1740 2536 dicit

357 2558 402 2600 in
438 2561 710 2618 Evangelio:
739 2581 760 2604 «
783 2564 896 2608 Cum
923 2562 1100 2620 ingressi
1123 2562 1310 2617 fueritis,
1345 2562 1476 2606 dicite
1502 2565 1616 2606 :Pax
1637 2562 1738 2606 huic
