1825 3264
249 312 412 342 com-M
443 311 647 341 munius
679 313 913 352 PssTlLtAM,
948 317 1031 344 mn.
1067 319 1133 344 ιιι.
1321 307 1401 346 147

17 396 200 442 granum
219 380 332 426 illud
352 380 663 426 mortificatum
683 390 728 426 et
749 380 1086 441 multiplicatum
1108 403 1120 441 3
1144 393 1187 428 et
1208 399 1307 444 quae
1327 400 1406 445 per

15 451 232 500 mundum
263 450 392 496 simul
419 467 558 512 usque
593 451 649 496 ad
684 466 867 496 messem
888 453 1042 497 crescit
1060 456 1072 479 ²
1092 488 1103 509 ‚
1128 454 1291 500 nefaria
1313 455 1404 500 dis-

83 523 194 568 'one
215 522 485 582 separabitis.
521 526 636 581 Ager
656 531 720 567 est
737 523 854 566 enim
879 523 1121 579 mundus2‚
1145 539 1235 569 non
1258 525 1405 571 Africa

15 593 163 639 1··ssis
184 593 282 638 finis
298 593 462 648 saeculi,
487 608 579 638 non
601 602 770 653 tempus
790 593 962 638 Donati.

34 703 42 713 «
74 666 152 709 IV.
177 667 265 710 Has
290 674 407 709 certe
439 663 744 709 similitudines
766 663 1051 724 Evangelicas
1071 666 1377 724 recognoscitis
1393 699 1406 721 ,

17 756 28 773 1>
52 766 56 773 ·
90 734 199 796 quid
220 735 342 780 aliud
358 735 479 781 datas
493 770 506 791 ‚
532 736 616 780 nisi
632 745 682 780 ut
699 752 828 781 nemo
851 736 1060 795 glorietur
1080 738 1125 780 in
1143 737 1341 792 homine,
1367 746 1413 782 et

29 837 32 841 -
90 805 189 866 quis
212 821 291 865 pro
308 806 446 852 altero
467 804 648 851 inflatus
662 806 874 853 ¹adversus
892 807 1079 852 alterum
1103 807 1324 852 dividatur
1340 809 1406 853 di-

28 897 60 915 u·
80 892 120 922 s
140 895 150 922 ι
177 895 198 919 «
218 879 312 936 Ego
329 893 426 922 sum
440 877 562 922 Pauli
576 879 592 904 ³
611 896 621 923 :
648 895 668 920 »
693 893 794 923 cum
814 879 967 939 utique
983 894 1072 923 non
1089 879 1248 924 Paulus
1270 879 1414 924 cruci-

30 962 129 993 xus
143 949 197 992 sit
211 963 290 1007 pro
311 949 450 1003 vobis,
478 964 559 994 nec
581 949 626 992 in
648 949 826 994 nomine
850 949 990 1005 Pauli,
1020 959 1186 1010 quanto
1203 950 1347 1001 minus
1369 951 1416 994 in

46 1039 65 1056 ··
78 1018 195 1063 mine
217 1018 438 1064 Caeciliani
456 1019 525 1064 vel
540 1020 797 1080 cujusquam
817 1029 1014 1065 nostrum
1031 1019 1238 1080 baptizati
1261 1021 1350 1066 sitis
1365 1022 1379 1046 ⁴
1403 1039 1412 1066 :

50 1097 67 1134 t
87 1088 280 1144 discatis,
299 1089 498 1150 quandiu
519 1088 643 1150 palea
659 1106 760 1135 cum
776 1089 998 1135 frumento
1016 1091 1259 1146 trituratur,
1280 1105 1418 1151 quan·-

25 1159 100 1203 ἰι·
117 1160 251 1219 pisces
285 1159 389 1204 mali
412 1175 514 1204 cum
545 1161 672 1205 bonis
703 1161 816 1205 intra
847 1162 954 1205 retia
984 1162 1205 1206 Dominica
1239 1171 1415 1217 natant,

23 1239 118 1275 ·te
154 1241 325 1291 tempus
357 1231 651 1276 ventilationis
679 1232 861 1276 tolerare
900 1232 1045 1292 potius
1079 1242 1255 1292 propter
1282 1233 1420 1277 bonos

28 1322 32 1327 ·
52 1303 375 1347 ·mmixtionem
391 1302 623 1357 malorum,
645 1318 777 1363 quam
793 1303 956 1347 violare
973 1313 1151 1362 propter
1168 1304 1304 1348 malos
1321 1304 1423 1348 cha-

33 1371 57 1411 ·'¹
84 1382 188 1417 tem
212 1373 462 1417 bonorum?
486 1375 590 1417 Haec
613 1373 776 1432 quippe
799 1372 1077 1427 commixtio,
1108 1387 1198 1416 non
1224 1383 1385 1417 aeterna
1405 1406 1417 1427 ,

27 1464 29 1467 ·
66 1444 69 1446 ’
117 1442 403 1502 temporalis3
431 1435 511 1488 nec
528 1443 730 1503 spiritalis
750 1477 762 1498 ,
799 1442 876 1487 sed
897 1442 1133 1502 corporalis
1154 1452 1232 1487 est.
1260 1446 1311 1487 In
1333 1457 1422 1503 qua

32 1533 37 1551 τ
60 1527 109 1557 ιι
129 1512 338 1558 errabunt
364 1513 520 1572 Angeli
540 1548 551 1569 ,
594 1513 774 1574 quando
797 1513 1005 1572 colligent
1031 1512 1166 1558 malos
1197 1513 1252 1557 de
1272 1511 1420 1558 medio

39 1606 58 1621 ἰ
79 1604 84 1622 τ
112 1599 239 1629 orum
255 1620 267 1639 ,
301 1594 345 1629 et
367 1585 544 1630 mittent
564 1585 611 1629 in
632 1585 854 1630 caminum
875 1585 988 1644 ignis
1010 1585 1216 1629 ardentis.
1247 1603 1268 1626 «
1290 1584 1422 1630 Novit

69 1656 186 1699 enim
209 1656 420 1701 Dominus
440 1657 516 1716 qui
532 1666 634 1701 sunt
651 1658 744 1718 ejus
762 1659 793 1700 ⁵.
818 1677 836 1698 »
861 1659 918 1700 Et
935 1657 968 1700 si
989 1656 1044 1701 ab
1062 1656 1223 1716 iniquis
1240 1655 1296 1700 ad
1311 1664 1419 1700 tem-

65 1750 69 1761 ι
91 1746 98 1765 :
125 1726 405 1786 corporaliter
424 1741 514 1772 non
529 1737 686 1787 potest,
708 1726 883 1772 recedat
898 1736 1046 1771 tamen
1061 1726 1117 1770 ab
1141 1727 1232 1786 ipsa
1253 1726 1418 1786 iniqui-

94 1816 100 1823 ·
128 1798 268 1842 omnis
288 1798 365 1858 qui
387 1798 587 1844 nominat
605 1813 766 1842 nomen
788 1797 980 1842 Domini.
1003 1797 1125 1841 Licet
1144 1796 1260 1841 enim
1275 1811 1300 1841 a
1319 1810 1416 1841 ma-

92 1866 268 1912 interim
297 1868 386 1912 vita
408 1903 420 1923 ‚
454 1868 678 1924 moribus,
724 1868 855 1913 corde
895 1883 944 1912 ac
975 1865 1205 1912 voluntate
1231 1867 1417 1926 separari

64 1952 154 1981 ue
173 1937 396 1982 discedere
420 1957 429 1983 :
453 1953 554 1998 quae
575 1939 789 1997 separatio
815 1952 987 1997 semper
1003 1946 1179 1995 oportet
1194 1937 1417 1981 custodia-

41 2021 110 2052 nr.
135 2007 382 2066 Corporalis
402 2018 547 2052 autem
570 2009 783 2068 separatio
803 2008 859 2051 ad
887 2006 1035 2051 saeculi
1058 2007 1189 2050 finem
1212 2007 1414 2062 fidenter,

53 2079 259 2133 flenter,
284 2078 454 2124 fortiter
477 2087 728 2138 expectetur
754 2096 764 2123 :
790 2087 966 2137 propter
994 2091 1128 2137 quam
1149 2078 1416 2138 expectatio-

64 2168 111 2187 Η.
146 2147 311 2193 dictum
334 2157 398 2193 est
427 2167 437 2193 :
466 2167 487 2191 «
507 2149 680 2194 Sustine
703 2149 957 2203 Dominum,
981 2147 1161 2192 viriliter
1182 2163 1287 2207 age,
1306 2163 1412 2193 con-

50 2215 257 2282 Jsortetur
286 2233 362 2263 cor
394 2227 518 2263 tuum
536 2254 548 2274 ‚
589 2227 633 2264 et
660 2219 825 2264 sustine
857 2218 1093 2263 Dominum
1114 2218 1147 2261 ὓ.
1178 2236 1198 2260 »
1228 2219 1416 2264 Maxima

101 2301 186 2348 ppe
218 2289 362 2348 palma
389 2290 632 2335 tolerantiae
654 2299 746 2345 est,
770 2290 884 2334 inter
906 2287 1264 2333 subintroductos
1283 2289 1417 2335 falsos

37 2362 65 2396 '¹1
89 2367 192 2414 tres‚
211 2373 289 2404 sua
309 2369 572 2420 quaerentes,
595 2376 686 2405 non
706 2375 806 2420 quae
820 2362 923 2405 Jesu
938 2358 1116 2414 Christi,
1135 2358 1414 2403 dilectionem

64 2443 112 2484 qn
132 2444 252 2473 suam
275 2430 568 2488 quaerentium
585 2464 597 2485 ‚
619 2431 696 2475 sed
715 2446 815 2490 quae
834 2433 938 2475 Jesu
959 2429 1148 2483 Christi,
1172 2427 1295 2472 nulla
1318 2437 1412 2472 tur-

98 2507 201 2544 enta
225 2508 270 2544 et
294 2501 521 2545 temeraria
547 2500 812 2546 dissensione
843 2501 1021 2545 turbare
1039 2533 1052 2554 ,
1089 2514 1170 2544 nec
1196 2499 1410 2544 unitatem

2 2626 3 2631 ,
26 2602 45 2634 f
63 2597 78 2630 Ι
99 2601 204 2636 Forte
216 2607 378 2636 crescunt.
395 2620 436 2626 —
453 2608 465 2624 ²
486 2602 607 2635 Matth.
630 2613 698 2644 nu,
727 2602 780 2635 38.
797 2600 864 2625 —3
887 2613 900 2635 1
922 2603 994 2635 Cor.
1021 2613 1071 2642 lu,
1096 2610 1151 2634 21.
1171 2599 1340 2634 —41bid.
1359 2610 1405 2642 xv,

26 2659 29 2691 .‘
73 2655 96 2681 ·⁵
113 2667 134 2692 2
152 2659 234 2694 Tim.
253 2672 290 2703 n,
314 2658 451 2701 19.--⁴j
471 2660 550 2693 Psal.
572 2670 654 2697 xxvi,
679 2659 727 2701 ¹4·

1184 2712 1246 2752 10.
