1825 3264
247 293 409 324 CONTRA
441 295 705 324 cansconM
738 293 1026 335 nonA'risTAM,
1061 298 1143 325 Lis.
1181 299 1247 325 111.
1355 285 1439 326 435

57 362 298 408 schismatis
330 361 554 421 sacrilegio
576 371 829 407 tenerentur
847 397 858 417 ,
882 363 1012 407 etiam
1043 378 1120 424 per
1150 373 1340 409 terrenas
1362 380 1442 424 po-

58 441 230 478 toetates
246 433 462 493 persecuti
478 433 593 478 estis.
611 433 763 478 Fiebat
778 432 893 477 enim
911 433 1011 488 hoc,
1032 443 1245 494 quantum
1265 450 1330 479 res
1352 435 1444 495 ipsa

57 512 288 548 consecuta
310 503 545 559 indicavit,
579 502 822 562 corrigendi
843 503 988 548 studio
1004 538 1014 558 ,
1041 519 1130 549 non
1154 506 1339 549 nocendi
1360 541 1370 561 ,
1393 515 1445 551 ut

57 572 140 617 illis
156 573 362 619 molestiis
385 574 558 632 agitari,
584 589 710 618 suum
733 573 872 618 scelus
891 575 1079 633 cogitate
1096 584 1354 633 cogerentur
1372 611 1383 632 ,
1403 586 1447 621 et

58 645 259 703 repressis
281 644 564 689 animositatis
593 643 717 688 furiis
738 645 986 693 emendare.
1026 645 1110 690 Sed
1133 646 1235 706 quia
1256 646 1335 690 ista
1357 662 1446 692 non

0 720 1 724 ’
58 715 417 774 reprehendimus
435 750 446 770 ‚
470 715 569 760 ideo
589 716 718 760 vestri
740 717 980 761 schismatis
1001 717 1165 761 crimen
1178 718 1276 777 jure
1298 716 1448 778 culpa-

57 800 178 840 mus,
203 786 360 830 merito
381 784 672 841 detestamur,
693 787 812 830 omni
830 788 997 831 ratione
1013 788 1333 843 convincimus,
1359 803 1449 847 quo

57 871 133 900 vos
150 871 174 900 a
195 856 336 911 nobis,
362 856 452 900 imo
466 855 522 900 ab
544 856 660 900 orbis
678 865 892 900 terrarum
912 857 1126 902 catholica
1139 859 1449 903 communione

58 926 278 986 separatis,
295 924 397 970 talia
411 926 538 970 nobis
560 926 824 986 objiciendo,
847 927 994 987 qualia
1009 942 1086 973 vos
1102 929 1149 972 in
1165 943 1293 972 causa
1307 929 1450 973 Maxi-

57 998 349 1042 mianensium
372 995 522 1042 fecisse
537 1032 548 1052 ,
573 1013 734 1057 negare
749 1034 760 1054 ,
777 1008 828 1043 ut
850 999 1052 1055 arbitror,
1073 1015 1162 1044 non
1185 1000 1378 1059 potestis.
1408 999 1452 1044 Si

59 1069 175 1112 enim
200 1069 440 1128 baptismus
461 1068 622 1113 Christi
642 1078 728 1124 est,
744 1078 789 1113 et
809 1068 909 1114 ideo
925 1069 1049 1114 nullo
1072 1069 1204 1114 modo
1221 1070 1452 1114 destruen-

59 1137 156 1192 dus,
182 1139 258 1199 qui
280 1140 408 1184 datus
430 1148 494 1184 est
508 1174 520 1193 ,
547 1154 624 1198 per
647 1138 916 1184 Felicianum
935 1149 978 1184 et
999 1143 1306 1184 Praetextatum
1320 1176 1330 1195 ,
1351 1155 1452 1185 cum

59 1210 243 1269 separati
274 1226 298 1255 a
319 1210 444 1255 vobis
475 1210 738 1255 Maximiano
769 1211 1170 1270 conjungerentur,
1205 1225 1305 1254 cum
1330 1209 1406 1255 illo
1427 1226 1450 1254 a

58 1279 182 1324 vobis
195 1295 275 1339 pro
293 1280 448 1324 nefarii
460 1280 702 1324 schismatis
715 1280 897 1324 crimine
909 1279 1188 1324 condemnati
1201 1301 1212 1337 3
1228 1282 1452 1340 quomodo

60 1365 149 1395 non
165 1360 230 1395 est
248 1351 487 1410 baptismus
509 1350 669 1396 Christi
688 1385 698 1405 ,
723 1350 792 1395 vel
814 1350 1038 1410 quomodo
1055 1349 1344 1394 destruendus
1366 1361 1451 1406 est,

60 1421 139 1480 qui
157 1420 288 1466 datur
310 1423 356 1466 in
374 1421 588 1477 Ecclesia,
607 1437 707 1482 quae
722 1436 862 1466 ramos
878 1436 993 1475 suos,
1012 1430 1062 1465 ut
1081 1422 1221 1465 verbis
1243 1422 1453 1481 Cypriani

62 1501 176 1548 utar,
193 1508 271 1552 per
292 1493 537 1537 universam
558 1502 717 1536 terram
729 1493 852 1552 copia
870 1493 1080 1537 ubertatis
1102 1491 1324 1536 extendit¹
1345 1512 1353 1537 :
1377 1492 1456 1552 qui

0 1564 1 1594 ἓ
62 1572 282 1623 postremo
300 1563 491 1608 daturin
508 1563 592 1608 illis
613 1563 830 1616 Ecclesiis‚
849 1578 956 1623 quas
975 1578 1202 1623 nunquam
1219 1564 1264 1606 in
1283 1563 1456 1608 Litteris

63 1634 321 1693 Apostolicis
338 1635 518 1678 recitare
534 1636 959 1693 cessatis,nunquam
981 1633 1245 1678 damnastis?
1265 1633 1307 1678 Si
1330 1633 1455 1677 dam-

64 1705 245 1749 natosin
266 1705 485 1763 integrum
512 1705 736 1748 restituere
757 1704 920 1763 placuit
940 1719 1019 1763 pro
1042 1702 1311 1748 resarcienda
1333 1713 1456 1763 parte

64 1776 223 1820 Donati
240 1796 253 1833 ·,
269 1777 376 1836 quid
395 1791 468 1820 vos
487 1774 671 1820 ostendit
687 1784 781 1820 toto
803 1776 910 1819 orbe
931 1774 1092 1819 diffusa
1113 1775 1257 1818 unitas
1273 1775 1450 1829 Christi,

63 1861 163 1906 quae
184 1845 254 1890 vel
282 1845 490 1890 damnare
522 1861 607 1890 non
631 1846 774 1904 potuit
806 1843 1048 1898 inauditos,
1076 1843 1147 1887 vel
1169 1844 1349 1888 omnino
1375 1859 1455 1889 nec

65 1915 290 1961 damnavit
311 1932 391 1960 nec
413 1915 598 1960 absolvit
618 1915 884 1973 incognitos,
910 1913 978 1959 vel
994 1914 1247 1958 innocentes
1269 1913 1455 1959 credidit

64 2002 173 2045 quos
190 1985 342 2030 didicit
360 1985 580 2030 absolutos
603 1985 677 2030 PSi
698 1984 892 2029 discissos
911 2000 934 2027 a
955 1984 1078 2028 vobis
1096 1983 1457 2029 Maximianenses

28 2115 31 2117 ,
65 2072 142 2116 per
166 2059 282 2118 jussa
299 2057 498 2117 judicum
527 2054 829 2116 persequendo
854 2055 1029 2099 sedibus
1056 2053 1277 2113 expulistis
1304 2075 1313 2111 3
1348 2055 1457 2113 quid

0 2153 1 2159 =
66 2142 142 2172 vos
164 2143 241 2187 per
264 2131 573 2186 Imperatores,
592 2127 666 2186 qui
688 2126 862 2170 eosdem
881 2124 1049 2185 judices
1064 2126 1262 2179 mittunt,
1279 2123 1459 2182 indigna

67 2199 156 2258 pati
175 2199 435 2258 querimini,
461 2198 538 2258 qui
562 2213 637 2242 vos
658 2197 715 2241 ab
732 2199 826 2257 ejus
843 2196 1032 2242 Ecclesia
1057 2195 1111 2240 de
1133 2211 1222 2256 quo
1246 2195 1455 2254 scriptum

67 2277 148 2323 est,
164 2269 286 2329 quod
303 2269 549 2313 adorabunt
564 2283 664 2312 eum
678 2283 827 2312 omnes
845 2282 966 2326 reges
981 2276 1123 2321 terrae,
1144 2281 1294 2310 omnes
1307 2275 1457 2324 gentes

0 2365 2 2374 ›
68 2339 257 2382 servient
278 2338 362 2394 illi,
386 2348 429 2383 et
443 2338 562 2398 quod
580 2338 878 2382 dominabitur
900 2353 923 2381 a
940 2337 1047 2380 mari
1071 2351 1210 2396 usque
1227 2336 1281 2379 ad
1304 2350 1422 2379 mare
1441 2370 1454 2390 ,

68 2418 113 2454 et
129 2425 152 2454 a
167 2410 350 2453 flumine
365 2424 504 2468 usque
526 2409 582 2453 ad
600 2410 809 2454 terminos
823 2408 938 2452 orbis
951 2416 1079 2452 terrae
1089 2410 1123 2460 ²,
1144 2406 1312 2450 nefario
1327 2405 1458 2451 schis-

69 2489 184 2525 mate
206 2480 437 2524 discidistis
457 2481 474 2520 ⁶?

120 2589 127 2605 ¹
149 2582 246 2616 Liber
269 2583 310 2615 dc
329 2582 541 2626 Simplicitate
559 2581 785 2625 praelatomm,
813 2591 866 2612 seu
889 2580 929 2612 dc
959 2580 1083 2612 [nitate
1106 2578 1266 2612 Ecclesiae.
1286 2595 1326 2602 —
1344 2587 1355 2602 ²
1377 2579 1459 2613 I‘sal.

72 2647 157 2679 un,
185 2648 236 2671 ιι.

1149 2687 1157 2691 ’
1199 2686 1262 2725 28.
