1825 3264
269 288 431 315 CONTRA
464 288 728 316 cnescofflum
762 289 1050 329 nonAi‘is'iAM,
1085 292 1167 319 ιω.
1201 293 1262 319 iv.
1389 282 1468 321 431

89 350 284 411 implere.
310 354 428 406 Quid
449 354 530 398 hoc
553 364 769 414 praecepto
792 354 876 399 dici
898 356 1088 416 iniquius
1116 359 1290 415 potest?
1314 359 1473 402 Purifi-

87 421 299 467 cetalium
312 423 571 483 maculosus,
588 425 736 470 abluat
748 425 965 480 sordidus,
979 427 1188 472 emundet
1201 428 1472 484 immundus,

88 491 163 536 det
176 491 361 538 infidelis
385 493 533 551 lidem,
560 495 815 540 criminosus
837 495 966 540 faciat
987 497 1265 542 innocentem
1286 501 1304 542 P
1326 517 1345 540 »
1373 501 1477 544 Haec

87 572 204 608 certe
232 565 365 608 verba
384 574 458 610 tua
481 575 598 621 sunt,
624 566 784 626 quibus
808 567 1067 610 sententiam
1082 582 1222 612 meam
1242 569 1478 627 reprelien-

87 632 152 678 dis
174 654 184 691 ς
201 649 301 678 cum
324 636 406 680 hoc
424 651 505 695 ego
524 637 705 681 omnino
724 652 813 682 non
836 638 1150 692 consenserim,
1178 652 1321 699 neque
1339 640 1477 699 scrip-

86 704 213 748 serim
241 725 249 749 :
278 707 485 765 quoniam
504 716 547 751 et
570 707 683 751 inter
705 706 878 752 fidelem
902 706 1206 768 perfidumque
1238 708 1479 768 plurimum

88 773 234 831 distat,
254 792 344 821 non
366 776 420 821 ad
443 787 778 833 sacramentum,
803 779 836 822 si
854 778 936 822 hoc
956 787 1140 838 uterque
1158 779 1308 834 habet,
1335 781 1410 824 sed
1426 781 1481 825 ad

88 846 308 901 meritum,
321 847 423 906 quia
437 847 520 891 hoc
533 847 640 892 alter
657 847 712 891 ad
726 848 909 892 salutem
923 848 1071 904 habet,
1088 849 1196 893 alter
1209 849 1263 894 ad
1278 865 1476 908 poenam:

88 931 169 961 nec
207 917 425 977 quidquid
464 919 581 977 justo
626 917 750 974 licet,
786 928 930 978 potest
969 929 1012 963 et
1049 919 1237 979 injustus
1272 921 1480 979 implere,

87 988 191 1048 quia
228 997 271 1032 et
306 988 340 1032 si
368 998 510 1047 potest
537 989 722 1049 injustus
758 990 977 1048 baptizare
1002 1024 1012 1044 ,
1043 1005 1133 1034 non
1166 1000 1312 1035 tamen
1342 1001 1484 1050 potest

86 1057 132 1102 in
158 1073 341 1118 regnum
369 1058 584 1104 coelorum
620 1061 805 1119 injustus
834 1060 995 1104 intrare
1023 1079 1030 1103 :
1067 1075 1147 1104 nec
1179 1061 1386 1119 purificat
1415 1061 1484 1105 vel
1532 1062 1536 1065 ’

89 1130 229 1175 abluit
256 1130 324 1175 vel
347 1132 573 1186 emundat,
598 1146 679 1176 nec
696 1132 975 1175 innocentem
997 1130 1101 1175 facit
1119 1147 1385 1192 quemquam
1404 1134 1480 1192 qui

88 1201 128 1245 ei
148 1201 365 1246 ministrat
393 1202 658 1261 baptismum
677 1236 688 1257 ,
716 1202 791 1246 sed
817 1201 958 1247 dantis
981 1202 1056 1246 Dei
1087 1203 1222 1261 gratia
1242 1238 1252 1256 ,
1280 1212 1322 1246 et
1341 1204 1483 1262 perci-

88 1272 244 1331 pientis
264 1272 378 1317 bona
400 1273 676 1318 conscientia.
706 1273 790 1318 Sed
815 1282 863 1317 tu
885 1273 1027 1332 aspice
1050 1281 1198 1317 utrum
1229 1274 1338 1318 nihil
1368 1275 1482 1318 inter

88 1342 357 1388 Primianum
381 1343 739 1403 Felicianumque
761 1343 956 1398 distaret,
983 1358 1084 1387 cum
1105 1344 1349 1388 Primianus
1371 1345 1484 1389 inter

89 1421 304 1459 trecentos
330 1414 481 1459 decem
500 1415 692 1470 sederet,
714 1431 737 1459 a
754 1414 914 1474 quibus
937 1413 1006 1457 ille
1029 1413 1255 1458 dicebatur
1277 1434 1285 1459 ε
1311 1434 1329 1456 «
1353 1415 1482 1468 Quod

92 1500 346 1530 »venenum
362 1485 560 1545 aspidum
586 1495 695 1530 esset
711 1486 793 1530 sub
811 1485 936 1530 labiis
957 1486 1070 1544 ejus,
1097 1495 1140 1530 et
1163 1485 1331 1530 veloces
1354 1486 1481 1530 habe·

93 1571 113 1596 »
132 1565 198 1601 ret
219 1556 350 1615 pedes
371 1557 425 1601 ad
452 1556 772 1601 effundendum
794 1556 1048 1614 sanguinem
1064 1590 1074 1610 ‚
1100 1565 1143 1600 et
1167 1556 1481 1601 contribulatio

91 1644 112 1668 ῃ
129 1636 172 1670 et
195 1627 425 1672 infelicitas
451 1628 495 1672 in
519 1628 597 1673 viis
619 1629 711 1688 ejus
729 1662 739 1681 ‚
771 1636 813 1671 et
830 1627 941 1670 viam
964 1626 1080 1685 pacis
1103 1641 1192 1670 non
1211 1637 1479 1685 agnosceret,

92 1715 112 1738 »
130 1713 210 1743 nec
232 1709 341 1743 esset
365 1699 494 1744 timor
513 1700 588 1743 Dei
603 1709 703 1744 ante
722 1697 870 1743 oculos
889 1699 982 1757 ejus
1003 1700 1012 1722 ¹
1035 1715 1078 1742 :»
1098 1706 1247 1741 utrum
1272 1706 1377 1742 tunc
1393 1713 1482 1742 nou

89 1778 198 1812 esset
220 1769 480 1824 maculosus,
501 1769 771 1823 immundus,
785 1766 999 1822 sordidus,
1020 1786 1040 1809 (ι
1062 1768 1138 1827 qui
1159 1782 1232 1812 vas
1255 1767 1481 1811 sordidum

88 1838 271 1884 collecta
292 1839 546 1885 foeculentia
571 1839 831 1899 glutinavit3
855 1857 874 1879 »
896 1853 985 1882 non
1000 1837 1204 1891 infidelis,
1223 1856 1242 1878 «
1262 1852 1480 1881 venenum

89 1909 289 1969 aspidum
322 1911 404 1955 sub
433 1911 558 1954 labiis
579 1911 743 1954 habens
770 1930 781 1966 3
811 1930 828 1950 »
856 1923 946 1953 non
965 1907 1248 1962 criminosus,
1286 1927 1305 1950 «
1328 1908 1482 1952 famosi

89 1981 279 2024 criminis
312 1996 425 2025 reus.
461 1999 481 2022 »
520 1983 576 2024 Et
604 1989 749 2024 tamen
787 1979 940 2038 etipse
973 1993 1074 2022 cum
1108 1977 1327 2021 Primiano
1362 1993 1482 2022 nunc

89 2059 230 2095 vester
247 2053 474 2111 episcopus
495 2050 638 2095 sedet:
657 2059 700 2094 et
721 2065 830 2109 quos
858 2058 959 2092 tunc
981 2048 1216 2107 baptizavit
1236 2082 1247 2103 ,
1264 2063 1480 2108 nusquam

90 2131 237 2181 postea
256 2122 367 2167 lotos
390 2122 614 2167 vobiscum
630 2136 749 2165 nunc
763 2120 910 2164 habet.

150 2195 294 2238 XXII.
337 2197 392 2238 Et
432 2194 576 2238 adhuc
619 2191 820 2252 pugnatis
861 2189 1065 2234 adversus
1102 2189 1326 2233 veritatem
1352 2224 1362 2243 ,
1404 2205 1483 2234 nec

91 2264 326 2308 conceditis
359 2273 408 2308 ut
436 2284 451 2303 «
480 2264 676 2309 Christus
709 2276 877 2320 semper
905 2259 979 2303 det
1015 2258 1145 2301 fidem
1165 2292 1175 2312 ,
1198 2259 1394 2303 Christus
1430 2260 1485 2303 sit

92 2334 211 2392 origo
230 2335 490 2389 Christiani,
516 2335 562 2377 in
591 2333 764 2378 Christo
791 2331 981 2375 radicem
1010 2328 1282 2373 Christianus
1304 2329 1480 2388 infigat,

91 2407 290 2451 Christus
313 2406 548 2451 Christiani
569 2406 623 2449 sit
644 2413 789 2463 caput.
823 2424 838 2444 »
867 2401 1037 2454 Quibus
1060 2399 1203 2444 verbis
1227 2401 1331 2444 meis
1350 2400 1394 2444 in
1412 2400 1484 2446 illa

92 2477 287 2536 Epistola
319 2486 470 2522 contra
502 2475 761 2521 Petilianum
788 2473 960 2532 positiS,
984 2481 1056 2515 tua
1081 2472 1213 2515 verba
1241 2471 1481 2531 subjungis,

94 2557 138 2592 ct
159 2548 267 2592 dicis
289 2567 297 2592 :
327 2567 347 2590 «
366 2551 459 2593 Hoc
482 2557 526 2592 et
547 2563 625 2592 nos
647 2545 897 2599 suademus,
919 2544 1001 2587 hoc
1018 2541 1245 2599 volumus3
1264 2541 1338 2586 sed
1362 2559 1486 2602 quae-

142 2638 149 2655 ¹
179 2633 260 2666 Psal.
291 2643 357 2674 xiii,
381 2634 411 2665 3.

290 2699 478 2730 cxxxix.
1253 2686 1299 2724 31
