1825 3264
404 225 482 262 132
831 234 863 260 s.
900 232 1131 261 mensum
1165 233 1345 261 zmscom

399 316 471 346 eos
500 314 623 359 posse
645 299 816 357 corrigi,
842 308 1068 358 propterea
1090 298 1221 343 dixit:
1243 298 1395 343 «Unde
1417 298 1628 343 sanabor?
1645 316 1664 339 »
1682 306 1780 342 tan-

398 387 530 431 quam
545 386 714 431 semper
729 371 957 415 habiturus
971 370 1182 425 dolorem,
1195 369 1393 430 quandiu
1410 369 1473 413 illi
1492 368 1598 413 tales
1619 377 1778 423 essent,

395 442 508 486 inter
520 457 629 502 quos
646 442 787 486 vivere
806 450 1048 501 cogeretur.
1064 441 1280 500 Populum
1296 449 1444 484 autem
1466 439 1642 484 nomine
1657 453 1782 499 aquae

394 512 531 557 solere
552 513 798 572 significari,
824 514 869 557 in
885 512 1146 572 Apocalypsi
1168 510 1468 556 manifestatur
1490 513 1522 566 ‚¹
1547 510 1622 555 ubi
1651 525 1784 570 aquas

394 584 552 629 multas
582 584 767 644 populos
800 584 960 630 multos
989 600 1078 629 non
1111 586 1359 644 conjectura
1388 593 1561 638 nostra,
1585 581 1661 626 sed
1692 581 1781 626 illic

392 655 577 700 enodata
599 656 954 716 interpretatione
977 656 1294 714 cognoscimus.
1321 654 1419 700 Noli
1441 668 1543 712 ergo
1570 668 1646 713 per
1678 668 1780 712 pra-

391 743 495 772 vum
519 726 792 772 intellectum
814 728 884 772 vel
913 729 1057 787 potius
1080 742 1291 781 errorem,
1312 727 1613 786 blasphemare
1636 740 1780 770 sacra-

390 808 589 843 mentum
606 799 808 858 baptismi
827 833 838 853 ‚
856 799 1023 843 etiamsi
1046 799 1090 843 in
1113 799 1290 843 homine
1312 797 1600 857 perditissimo
1617 795 1776 841 fuerit:

389 871 491 931 quia
514 886 593 914 nec
615 871 660 914 in
686 871 859 915 Simone
881 871 1091 914 mendace
1114 885 1226 929 aqua
1247 870 1434 913 mendax
1455 877 1547 913 erat
1565 868 1780 927 baptisma

387 942 507 1002 quod
523 951 743 1001 acceperat
762 946 779 967 ‘²
801 977 812 997 ‚
832 957 912 985 nec
936 950 1001 986 tot
1024 942 1254 986 mendaces
1269 941 1399 986 vestri
1418 956 1577 1000 aquam
1598 940 1778 984 menda-

385 1028 477 1057 cem
503 1012 624 1068 dant,
651 1027 752 1057 cum
778 1012 1001 1071 baptizant
1023 1014 1067 1056 in
1091 1013 1267 1057 nomine
1293 1012 1527 1056 Trinitatis.
1549 1014 1638 1056 Nec
1660 1011 1779 1054 enim

385 1093 491 1128 tunc
517 1084 734 1143 incipiunt
756 1098 845 1127 esse
866 1082 1109 1138 mendaces,
1135 1082 1312 1142 quando
1337 1082 1496 1142 proditi
1525 1091 1656 1141 atque
1673 1097 1780 1126 con·

385 1154 487 1198 victi
505 1169 582 1199 sua
603 1153 797 1198 facinora
821 1154 1090 1197 confitentur
1115 1172 1123 1198 :
1144 1152 1219 1197 scd
1237 1153 1380 1212 potius
1399 1162 1504 1197 tunc
1521 1162 1645 1197 erant
1658 1167 1777 1196 men-

383 1224 510 1269 daces
525 1259 536 1279 ,
563 1223 742 1284 quando
764 1239 864 1268 cum
896 1233 1038 1268 essent
1059 1224 1246 1268 adulteri
1268 1233 1312 1269 et
1331 1223 1552 1280 scelerati,
1579 1233 1716 1269 castos
1734 1231 1778 1268 et

381 1295 637 1340 innocentes
660 1311 703 1339 se
727 1310 818 1338 esse
840 1295 1083 1353 fingebant.

440 1368 721 1411 CCXXXVI.
750 1369 1011 1410 Pssnmmus
1039 1365 1147 1411 dixit
1181 1385 1189 1411 ε
1217 1385 1237 1408 «
1262 1367 1378 1412 Dixit
1398 1382 1577 1427 quoque
1595 1365 1735 1411 David
1764 1384 1775 1411 ι
1820 1410 1821 1414 ,

384 1455 403 1478 »
439 1438 596 1481 Oleum
619 1437 858 1496 peccatoris
887 1452 975 1481 non
1003 1446 1172 1496 unguet
1191 1447 1323 1497 caput
1345 1453 1492 1482 meum
1515 1438 1547 1481 ³.
1590 1456 1609 1479 »
1635 1440 1776 1491 Quem

381 1508 514 1567 igitur
543 1509 691 1552 asserit
713 1517 986 1567 peccatorem
1008 1510 1025 1550 ’ἒ
1049 1511 1120 1552 Me
1147 1509 1224 1568 qui
1246 1517 1321 1553 tua
1347 1509 1507 1554 scelera
1529 1508 1672 1569 patior
1687 1543 1698 1564 ‚
1720 1522 1777 1552 an

382 1588 424 1623 te
442 1580 517 1639 qui
536 1579 801 1638 persequeris
820 1579 1098 1624 innocentem
1116 1581 1134 1622 Ρ
1158 1598 1177 1620 »

441 1651 743 1694 CCXXXVII.
771 1653 1048 1694 Amuswnus
1083 1650 1307 1709 respondit
1340 1670 1348 1695 ε
1389 1653 1453 1695 Ex
1474 1665 1660 1710 persona
1676 1664 1793 1694 corr

382 1722 498 1782 poris
513 1723 672 1767 Christi
687 1758 698 1777 ,
719 1739 818 1783 quae
841 1732 904 1766 est
922 1722 1114 1767 Ecclesia
1133 1724 1207 1766 Dei
1219 1723 1322 1777 vivi,
1341 1724 1546 1768 columna
1567 1731 1610 1767 et
1632 1724 1795 1767 firma-·

382 1802 578 1837 mentum
605 1794 796 1838 veritatis
818 1830 828 1848 ,
866 1803 959 1838 toto
1002 1803 1215 1838 terrarum
1254 1795 1358 1838 orbe
1397 1795 1556 1839 diffusa
1596 1803 1774 1854 propter

380 1865 670 1924 Evangelium
702 1864 823 1925 quod
845 1865 1107 1924 praedicatur
1126 1900 1136 1919 ‚
1175 1865 1285 1909 sicut
1308 1865 1414 1910 dicit
1445 1865 1705 1925 Apostolus,
1731 1865 1792 1909 inl

381 1935 820 1994 omnicreaturaquae
832 1936 914 1979 sub
929 1936 1044 1979 coelo
1066 1944 1128 1979 est
1146 1937 1187 1976 4:
1211 1951 1261 1980 ex
1285 1951 1467 1995 persona
1489 1937 1606 1980 orbis
1629 1945 1789 1992 terrae„

379 2005 434 2049 de
469 2022 558 2066 quo
592 2006 708 2050 idem
735 2006 873 2051 David
892 2042 903 2061 ,
936 2008 1058 2066 cujus
1092 2007 1225 2051 verba
1250 2023 1339 2051 non
1371 2007 1604 2066 intelligis,
1637 2006 1789 2051 dicit:

382 2095 402 2117 n
439 2078 724 2122 Confirmavit
745 2078 895 2122 orbem
918 2087 1060 2133 terrae,
1082 2079 1156 2139 qui
1181 2094 1271 2123 non
1300 2079 1647 2124 commovebitur
1672 2081 1686 2103 ⁵
1709 2099 1720 2135 3
1748 2095 1788 2140 »ᾖ

379 2164 512 2207 quem
531 2159 580 2193 tu
601 2150 787 2208 peccatis
806 2149 954 2194 alienis
969 2166 1057 2194 non
1073 2160 1344 2194 commotum
1367 2167 1472 2205 esse,
1497 2150 1575 2195 sed
1592 2149 1782 2195 omnino·

379 2219 553 2278 periisse
577 2219 804 2264 contendis
832 2239 840 2263 z
868 2235 917 2264 ex
941 2220 1055 2265 illius
1073 2236 1176 2279 ergo
1199 2237 1381 2280 persona
1404 2221 1660 2280 respondeo,
1679 2223 1782 2287 Eg⁰l

379 2305 469 2334 non
503 2305 741 2351 persequor
764 2291 1058 2335 innocentem.
1092 2291 1229 2336 David
1257 2301 1400 2336 autem
1442 2291 1586 2337 oleum
1618 2307 1779 2352 peccam

379 2359 481 2404 toris
510 2360 617 2405 dixit
644 2379 652 2404 :
679 2377 768 2405 non
793 2361 899 2405 dixit
926 2360 1145 2406 traditoris
1166 2397 1176 2416 ‚
1202 2378 1291 2407 non
1324 2363 1628 2407 thurificatoris
1644 2398 1655 2418 ‚
1681 2370 1787 2409 nonis
1824 2375 1825 2381 ¹

377 2433 661 2489 persecutoris
688 2453 698 2489 3
738 2431 814 2476 sed
844 2433 1094 2491 peccatoris.
1124 2432 1240 2485 Quid
1273 2450 1376 2493 ergo
1409 2434 1603 2479 facturus
1632 2449 1675 2478 es
1703 2448 1775 2478 sem

424 2542 428 2553 ¹
462 2535 562 2574 Apoc.
588 2546 669 2574 xvii,
693 2534 798 2566 15.-
818 2541 829 2556 ²
853 2538 924 2567 Act.
946 2545 1014 2575 vni,
1041 2536 1090 2566 13.
1108 2551 1148 2557 -—
1167 2533 1179 2557 3
1198 2535 1277 2568 real.
1294 2547 1364 2577 ext,
1386 2536 1415 2569 5.
1431 2553 1472 2559 —
1487 2535 1502 2565 4
1528 2536 1643 2569 coloss.
1665 2548 1690 2575 1,
1711 2535 1764 2568 23-

375 2587 663 2629 —⁵1¹s;‹l.x‹.m‚
690 2600 716 2620 1.
