1825 3264
523 267 574 294 DE
609 264 796 294 rmum
829 265 1044 294 ncctsssm.
1391 256 1475 296 297

90 336 233 382 Africa
263 342 359 394 post
387 333 497 377 illud
533 330 722 377 Secundi
755 331 977 391 Tigisitani
1019 331 1136 392 apud
1168 333 1475 392 Carthaginem

89 406 340 451 seditiosum
375 404 768 462 turbulentumque
794 402 1028 447 concilium
1047 439 1057 458 ,
1085 404 1161 447 ubi
1184 413 1228 448 et
1252 419 1275 447 a
1295 403 1476 449 foemina

89 477 225 522 nobili
260 473 428 520 Lucilla
459 484 633 534 operata
655 474 892 534 corruptio,
914 484 1060 534 postea
1078 474 1358 534 judicialibus
1381 491 1476 536 ges-

88 548 142 592 tis
175 555 511 592 commemorata
539 555 626 600 est,
654 560 755 589 cum
788 544 890 589 inde
916 544 1072 588 litterae
1102 560 1215 604 pene
1235 561 1312 605 per
1341 555 1475 590 totam

88 618 297 672 Africam,
323 633 410 676 qua
434 615 636 661 Ecclesiae
658 615 816 661 Christi
835 616 923 675 jam
947 616 1311 673 germinaverant,
1338 617 1475 661 missae

87 688 287 741 fuissent,
313 687 527 732 creditum
552 696 615 731 est
645 686 798 730 litteris
820 686 1021 744 concilii,
1047 702 1190 747 neque
1213 688 1329 732 enim
1354 687 1477 732 aliter

87 758 316 818 oportebat
343 777 352 802 z
383 767 426 802 et
452 759 573 818 quasi
608 758 697 802 visa
730 767 833 802 sunt
859 772 936 817 per
967 756 1157 818 aliquam
1187 768 1353 818 partem
1385 759 1475 818 agri

87 829 305 874 frumenta
329 829 551 874 Dominica
574 829 779 873 defecisse
804 849 812 873 :
836 827 958 873 nullo
981 829 1113 874 modo
1134 837 1278 874 autem
1303 829 1477 874 defece-

85 910 204 955 rant,
236 916 335 962 quae
358 916 460 945 vere
482 898 700 944 frumenta
724 908 846 943 erant
869 898 1174 959 praedestinata
1200 909 1331 960 atque
1349 901 1477 944 semi-

85 980 214 1026 nata,
247 981 289 1015 et
320 971 406 1016 alta
445 971 589 1015 radice
627 970 828 1015 feraciter
862 969 1162 1029 germinantia.
1205 970 1328 1015 Salva
1359 971 1476 1015 enim

84 1042 347 1087 conscicntia
375 1041 528 1085 litteris
561 1041 733 1086 concilii
764 1040 1041 1085 crediderant
1068 1060 1077 1086 :
1111 1056 1254 1102 neque
1275 1043 1391 1085 enim
1421 1043 1476 1086 ab

83 1114 336 1158 hominibus
363 1112 418 1157 de
440 1112 532 1157 aliis
556 1113 809 1157 hominibus
830 1112 996 1173 aliquid
1017 1112 1276 1157 incredibile
1301 1113 1478 1157 diceba-

86 1194 170 1239 tur,
197 1194 272 1228 aut
304 1185 364 1227 eis
388 1193 539 1228 contra
574 1184 865 1243 Evangelium
899 1184 1176 1229 credebatur.
1206 1184 1290 1229 Sed
1313 1193 1476 1244 postea-

84 1269 214 1314 quam
232 1253 293 1298 illi
317 1254 523 1298 furiosam
550 1255 830 1313 pertinaciam
854 1270 992 1315 usque
1012 1254 1066 1299 ad
1087 1255 1397 1299 dissensionem
1417 1269 1477 1298 sa-

83 1325 287 1388 crilegam
331 1334 481 1369 contra
512 1334 654 1370 totum
686 1326 838 1369 orbem
875 1325 1159 1370 christianum
1194 1326 1478 1370 contentione

83 1396 417 1441 obstinatissima
433 1396 746 1456 perduxerunt,
768 1405 901 1456 atque
920 1396 1115 1440 innotuit
1132 1396 1258 1440 bonis
1274 1395 1478 1440 fidelibus

83 1483 192 1528 quos
214 1484 236 1511 a
259 1467 493 1512 Caeciliano
523 1466 782 1511 alienaverat
814 1466 921 1511 falsa
954 1467 1202 1512 criminatio
1231 1487 1239 1512 :
1271 1466 1478 1511 viderunt

82 1555 126 1584 se
144 1574 154 1593 ,
180 1539 213 1582 si
235 1539 280 1581 in
303 1538 374 1582 illa
396 1540 708 1583 communione
730 1538 1037 1598 persisterent,
1063 1554 1150 1583 non
1176 1541 1267 1599 jam
1289 1539 1344 1582 de
1365 1554 1475 1598 quo-

83 1610 182 1653 dam
208 1610 403 1664 homine,
424 1609 492 1653 vel
512 1609 565 1654 de
582 1610 844 1670 quibusdam
864 1610 1133 1665 hominibus,
1158 1609 1233 1653 sed
1253 1609 1308 1653 de
1332 1608 1479 1654 Eccle-

81 1681 140 1724 sia
163 1689 255 1724 toto
279 1689 489 1724 terrarum
514 1681 621 1725 orbe
643 1680 802 1725 diffusa
832 1695 1016 1740 pravum
1048 1680 1209 1724 habere
1226 1679 1441 1740 judicium
1464 1702 1475 1737 3

82 1759 124 1794 et
142 1749 393 1795 maluerunt
410 1751 570 1796 Christi
584 1752 837 1811 Evangelio,
856 1767 988 1810 quam
1007 1750 1275 1810 collegarum
1294 1749 1478 1795 concilio

85 1821 275 1866 credere.
301 1825 455 1883 Itaque
485 1822 568 1867 illis
597 1822 780 1878 relictis,
821 1838 920 1868 mox
958 1823 1013 1867 ad
1046 1823 1303 1868 catholicam
1327 1836 1478 1882 pacem

84 1893 228 1947 multi,
252 1902 294 1937 et
317 1894 533 1953 episcopi,
570 1903 613 1938 et
636 1894 780 1939 clerici
795 1930 805 1949 ,
831 1903 873 1939 et
896 1893 1049 1954 populi
1070 1894 1295 1938 redierunt
1324 1913 1332 1938 ε
1358 1892 1478 1953 quod

84 1972 126 2006 et
175 1974 408 2024 antequam
440 1964 662 2019 facerent,
703 1966 745 2009 in
785 1966 929 2010 tritico
962 1965 1306 2025 deputabantur.
1357 1966 1479 2007 Tunc

85 2034 196 2076 enim
235 2049 322 2078 non
357 2034 594 2091 faciebant,
628 2052 730 2081 cum
761 2037 966 2081 adversus
990 2037 1189 2082 homines
1213 2036 1325 2081 male
1348 2036 1428 2080 sibi
1454 2051 1479 2080 a

84 2103 258 2162 collegis
280 2105 542 2160 insinuatos,
568 2123 657 2151 non
687 2107 894 2152 adversus
925 2108 1161 2153 Ecclesiam
1187 2108 1286 2163 Dei,
1311 2122 1410 2168 quae
1432 2106 1477 2151 in

84 2175 251 2219 cunctis
274 2176 477 2233 gentibus
501 2178 673 2232 crescit,
710 2177 783 2222 illa
815 2194 967 2222 eorum
991 2179 1279 2223 contradictio
1310 2178 1478 2222 niteba-

85 2254 169 2289 tur.
199 2249 351 2306 ltaque
373 2257 415 2291 et
448 2249 492 2291 in
527 2247 673 2292 Africa
705 2249 894 2293 triticum
918 2250 1040 2309 quod
1068 2249 1182 2293 filius
1205 2249 1395 2294 hominis
1410 2263 1479 2292 se-

83 2317 338 2371 minaverat,
362 2319 555 2363 triticum
587 2320 747 2364 mansit
774 2340 782 2365 :
808 2329 851 2364 et
874 2337 925 2365 ex
948 2321 1024 2366 illo
1054 2336 1193 2382 usque
1216 2320 1359 2364 adhuc
1381 2335 1476 2364 cre-

84 2388 163 2441 vit,
189 2398 233 2432 et
256 2390 408 2433 crescit
432 2409 440 2433 :
462 2399 504 2433 ct
526 2391 729 2450 deinceps
752 2407 890 2452 usque
913 2392 967 2436 ad
991 2407 1170 2436 messem
1194 2391 1477 2436 fructificabit

84 2468 125 2502 et
140 2469 319 2508 crescet,
344 2461 453 2504 sicut
474 2460 516 2504 in
536 2462 653 2505 omni
678 2464 860 2507 mundo.

145 2531 341 2573 LXXIV.
364 2530 574 2575 Nonnulli
598 2532 727 2576 etiam
747 2533 876 2577 honae
894 2533 1146 2588 voluntatis,
1167 2548 1245 2593 per
1257 2532 1472 2579 carnalem

85 2598 329 2658 caliginem,
363 2602 491 2647 etiam
516 2613 611 2662 post
634 2604 939 2649 confirmatum
964 2613 1114 2650 contra
1138 2604 1372 2650 Ecclesiam
1396 2605 1470 2649 Dei
