1825 3264
325 243 407 282 298
746 250 778 279 s.
815 250 1045 280 Ateus-nm
1077 252 1258 281 muscon

325 318 614 377 malignorum
637 317 851 372 furorem,
882 317 928 362 in
957 316 1032 362 illa
1059 316 1323 362 dissensione
1350 317 1514 363 diutius
1545 333 1711 366 errave-

325 398 452 442 runt,
473 396 684 448 tanquam
705 387 738 431 si
763 386 906 432 adhuc
929 386 1076 432 mollia
1093 386 1456 432 conculcarentur
1472 387 1710 445 frumenta,

325 467 368 502 et
390 458 534 503 radice
555 459 650 503 viva
673 458 821 502 herbae
838 459 958 516 vigor
973 467 1230 503 attereretur
1257 477 1266 503 ;
1291 458 1422 502 etiam
1450 459 1540 517 ipsa
1564 468 1711 504 tamen

324 528 544 574 frumenta
561 545 636 574 sua
654 539 834 574 noverat
863 533 975 574 Deus
989 565 999 582 ,
1029 530 1227 589 quamvis
1248 538 1298 573 ut
1316 528 1622 574 reviviscerent
1644 545 1712 574 ar-

324 599 498 658 guenda
519 609 563 644 et
584 600 862 659 increpanda.
889 603 984 645 Non
1010 601 1124 644 enim
1144 616 1194 645 eo
1211 599 1343 645 modo
1366 599 1533 645 dictum
1555 610 1620 646 est
1635 604 1713 646 Pe-

322 680 391 715 tro
416 690 424 715 :
450 690 469 713 «
493 672 602 716 Redi
626 681 723 732 post
745 687 830 728 me,
849 674 1004 717 Satana
1026 673 1036 695 ¹
1063 690 1071 716 :
1097 689 1117 712 n
1141 673 1363 732 quomodo
1386 672 1554 716 dictum
1574 681 1638 717 est
1657 672 1713 718 de

324 742 438 786 Juda
468 762 477 787 :
501 764 520 786 α
544 745 661 787 Unus
673 758 723 786 ex
741 743 863 787 vobis
877 742 1076 787 diabolus
1095 746 1198 788 est'2.
1224 761 1244 784 »
1270 743 1457 796 Quidam
1479 759 1658 804 quoque
1670 752 1714 788 et

323 813 602 870 apertissimae
619 813 790 857 veritati
813 813 927 856 malo
949 813 1094 858 studio
1116 813 1469 858 contradixerunt
1491 833 1500 859 :
1524 813 1588 858 illi
1610 828 1712 858 vero

323 882 528 928 eradicati
559 884 629 928 vel
651 884 818 943 praecisi
836 893 985 940 erant;
1011 883 1084 928 sed
1106 900 1195 928 non
1222 894 1523 943 permanentes
1545 884 1590 928 in
1610 884 1711 928 infi-

323 951 516 1009 delitate,
536 954 644 998 sicut
663 953 718 998 de
735 954 999 1013 quibusdam
1023 954 1150 998 ramis
1168 953 1314 998 fractis
1335 953 1570 1013 Apostolus
1586 953 1706 1009 dicit,

323 1039 460 1068 manu
484 1025 630 1069 divina
650 1025 905 1083 replantati,
943 1034 1016 1069 aut
1046 1025 1205 1068 iterum
1241 1026 1388 1068 inserti
1418 1027 1562 1069 suntss.
1591 1028 1713 1070 Tunc

321 1095 437 1138 enim
460 1096 645 1155 quisque
667 1094 982 1150 infructuosus,
1012 1105 1054 1140 et
1078 1095 1276 1140 nondum
1299 1112 1321 1140 a
1346 1095 1490 1140 radice
1509 1096 1714 1156 praecisus

321 1175 410 1220 est,
431 1181 532 1210 cum
557 1166 670 1211 mala
693 1167 931 1226 cupiditate.
954 1167 1043 1226 agit
1068 1167 1245 1228 quidem
1269 1167 1341 1211 illa
1364 1182 1511 1226 opera,
1535 1166 1591 1211 de
1611 1167 1713 1227 qui-

321 1235 402 1280 bus
424 1235 592 1282 dictum
615 1246 679 1282 est
704 1257 714 1283 ε
744 1256 763 1279 ι(
795 1238 1008 1290 Quoniam
1029 1239 1106 1298 qui
1128 1237 1230 1282 talia
1260 1246 1411 1296 agunt,
1433 1252 1616 1295 regnum
1635 1238 1714 1283 Dei

324 1325 343 1348 »
360 1323 449 1351 non
465 1308 750 1367 possidebunt
765 1310 780 1334 ⁴
801 1327 810 1353 ;
832 1326 851 1350 »
864 1309 939 1352 sed
957 1324 1055 1353 cum
1075 1325 1155 1368 pro
1170 1309 1270 1368 ipsis
1287 1309 1491 1368 operibus
1501 1309 1631 1352 etiam
1643 1323 1715 1354 ve·

319 1377 434 1421 ritati
453 1379 731 1437 apertissimae
754 1394 840 1438 qua
860 1378 1151 1437 redarguitur,
1173 1379 1366 1423 resistere
1383 1379 1583 1437 coeperit,
1606 1378 1713 1423 tunc

320 1447 584 1506 praeciditur.
613 1452 669 1494 Et
691 1449 820 1493 multi
848 1449 954 1494 tales
983 1459 1085 1493 sunt
1117 1450 1162 1493 in
1195 1458 1565 1494 sacramentorum
1594 1464 1714 1494 com-

319 1519 528 1562 muuione
546 1534 649 1563 cum
665 1519 873 1570 Ecclesia,
893 1528 936 1564 et
951 1528 1097 1564 tamen
1113 1522 1205 1579 jam
1221 1536 1310 1564 non
1328 1529 1430 1564 sunt
1442 1520 1486 1564 in
1500 1519 1709 1565 Ecclesia.

319 1588 527 1649 Alioquin
551 1591 584 1633 si
607 1599 712 1634 tunc
734 1591 919 1650 quisque
949 1590 1219 1650 praeciditur,
1256 1607 1357 1636 curn
1381 1591 1605 1636 visibiliter
1636 1605 1712 1635 ex-

319 1661 691 1712 communicatur,
715 1675 986 1721 consequens
1009 1662 1090 1706 erit
1110 1670 1160 1705 ut
1180 1671 1286 1706 tunc
1305 1677 1452 1706 rursus
1479 1662 1709 1716 inseratur,

319 1745 418 1773 cum
438 1731 665 1776 visibiliter
682 1732 983 1776 communioni
1004 1732 1258 1776 restituitur.
1282 1731 1398 1785 Quid
1414 1732 1448 1776 si
1466 1747 1571 1791 ergo
1585 1732 1712 1776 fictus

319 1802 513 1856 accedat,
539 1811 670 1862 atque
697 1803 900 1846 adversus
935 1803 1160 1847 veritatem
1191 1812 1234 1846 et
1264 1802 1500 1847 Ecclesiam
1528 1818 1603 1847 cor
1626 1802 1711 1845 ini-

319 1871 597 1917 micissimum
620 1883 765 1931 gerat,
791 1874 986 1933 quamvis
1010 1882 1240 1933 peragatur
1267 1873 1312 1916 in
1340 1887 1392 1916 eo
1414 1871 1487 1916 illa
1511 1871 1712 1916 solemni-

320 1951 410 2000 tas,
434 1944 648 2004 numquid
671 1944 1032 2000 irreconciliatur‚
1058 1942 1276 2004 numquid
1309 1943 1545 1988 inseritur?
1567 1942 1707 1987 Absit.

321 2014 442 2058 Sicut
459 2031 562 2074 ergo
573 2016 662 2075 jam
681 2015 826 2060 denuo
844 2017 1172 2060 communicans
1188 2015 1387 2059 nondum
1409 2015 1595 2058 insertus
1616 2023 1680 2058 est
1698 2032 1708 2058 :

318 2083 377 2127 sic
424 2094 466 2129 et
507 2095 741 2145 antequam
778 2086 1005 2130 visibiliter
1041 2086 1470 2139 excommunicetur,
1515 2084 1711 2143 quisquis

320 2163 470 2198 contra
494 2156 736 2210 veritatem,
762 2171 849 2215 qua
879 2157 1155 2200 convincitur
1179 2165 1223 2199 et
1251 2155 1462 2213 arguitur,
1485 2153 1710 2198 inimicum

319 2233 457 2283 gestat
478 2227 690 2280 animum,
710 2227 798 2286 jam
823 2227 1026 2285 praecisus
1048 2236 1127 2271 est.
1148 2229 1214 2270 Ita
1237 2227 1300 2279 fit,
1327 2234 1435 2268 utet
1458 2239 1605 2268 semen
1627 2224 1709 2268 bo-

319 2310 442 2350 num,
468 2304 511 2339 et
524 2311 671 2340 semen
687 2287 869 2352 malum,
891 2306 1077 2356 utraque
1095 2312 1171 2355 per
1189 2311 1341 2355 agrum
1361 2304 1554 2340 crescant
1571 2310 1710 2355 usque

321 2365 374 2408 ad
391 2381 571 2410 messem
600 2387 608 2412 :
639 2367 684 2410 id
714 2376 792 2423 est,
818 2376 861 2411 et
882 2366 959 2411 filii
982 2367 1121 2427 regni,
1147 2376 1189 2411 et
1218 2366 1295 2410 filii
1324 2364 1504 2424 maligni
1534 2365 1710 2425 utrique

321 2450 397 2493 per
424 2438 639 2481 mundum
663 2447 858 2482 crescant
889 2453 1027 2498 usque
1054 2438 1099 2482 in
1120 2438 1253 2482 finem
1276 2436 1449 2495 saeculi3
1476 2435 1558 2480 illis
1585 2436 1709 2481 fruc-

370 2544 379 2558 ¹
412 2539 532 2572 Matth.
569 2552 620 2576 xvi
638 2567 646 2583 ‚
682 2542 791 2576 23.—
811 2549 823 2566 ²
857 2543 949 2576 Joan.
987 2553 1039 2582 vi,
1067 2553 1121 2584 7¹·
1140 2519 1218 2566 --3
1246 2544 1335 2576 Rom.
1366 2552 1419 2579 xi,
1457 2540 1509 2574 23.
1528 2557 1567 2565 —
1593 2538 1610 2569 ¹5
1638 2537 1706 2574 Gal.

324 2605 364 2636 v,
391 2602 444 2628 21.
