1825 3264
391 263 441 301 84
825 271 856 295 s.
895 268 916 294 Α
925 268 1123 295 ucusnm
1158 268 1334 295 muscum

446 338 620 382 CLXII.
643 337 918 378 Auens-rmus
936 332 1159 391 respondit
1173 352 1181 376 ε
1196 333 1273 377 Dic
1289 332 1411 385 mihi,
1437 341 1587 376 utrum
1605 327 1773 388 aliquid

388 406 557 459 dixeris,
578 402 698 464 quod
715 403 760 446 in
773 418 847 447 vos
863 402 1045 446 vicissim
1072 417 1145 445 ore
1163 401 1375 446 maledico
1393 410 1436 445 et
1457 397 1773 445 contumelioso

385 475 583 521 similiter
604 473 688 519 dici
710 489 799 518 non
822 473 955 532 possit
976 474 994 514 ‘?
1018 471 1102 517 Sed
1130 487 1181 515 ex
1211 472 1503 530 superioribus
1535 486 1635 530 quae
1657 485 1679 513 a
1703 483 1774 512 me

386 546 501 591 dicta
520 554 639 601 sunt,
661 544 852 589 inveniet
868 545 944 604 qui
966 543 1169 597 voluerit,
1188 544 1282 587 haec
1303 543 1348 587 in
1362 558 1437 587 vos
1466 557 1554 586 non
1570 556 1647 601 per
1662 554 1774 584 vana

385 617 596 670 convicia,
623 615 694 659 sed
714 629 789 674 per
812 630 911 659 vera
930 614 1176 658 testimonia
1199 629 1322 673 posse
1339 612 1438 657 dici.
1461 615 1775 656 Verumtamen

383 687 485 747 quia
509 702 559 730 ex
580 685 820 739 occasione,
847 684 1272 744 praetermittendum
1291 700 1379 728 non
1408 692 1471 727 est
1493 701 1501 727 z
1524 691 1640 726 certe
1658 680 1772 725 anti-

384 774 497 818 quus
511 756 700 816 populus
721 756 813 811 Dei,
832 755 1202 800 circumcisionem
1227 770 1306 813 pro
1325 754 1543 813 baptismo
1560 751 1769 796 habebat.

384 831 543 881 Quaero
560 842 679 886 ergo,
698 827 731 870 si
747 841 877 886 quem
898 825 1098 870 fecissent
1112 825 1196 880 isti,
1213 826 1258 868 in
1273 840 1382 885 quos
1403 833 1523 869 tanta
1545 822 1771 877 dicuntur,

385 898 587 943 Pharisaei
608 896 895 956 proselytum,
922 897 998 956 qui
1020 896 1054 939 si
1076 911 1147 940 eos
1175 896 1433 950 imitaretur,
1462 895 1573 938 sicut
1606 893 1774 937 dictum

382 978 461 1024 est,
487 969 602 1013 filius
625 969 836 1027 gehennae
865 967 1014 1011 fuisset
1036 956 1173 1026 duplo
1192 983 1323 1027 quam
1349 967 1435 1021 illi,
1459 975 1606 1010 utrum
1627 964 1661 1008 si
1683 979 1776 1008 cor-

383 1040 610 1098 rigeretur,
642 1049 685 1083 et
704 1038 834 1082 vellet
856 1038 1018 1082 imitari
1043 1039 1306 1091 Simeonem,
1330 1037 1597 1090 Zachariam,
1618 1035 1774 1080 Natha-

382 1108 567 1163 naelem,
588 1110 746 1153 iterum
765 1108 818 1151 ab
841 1109 898 1152 eis
916 1108 1297 1152 circumcidendus
1317 1107 1622 1167 judicaretur?
1645 1103 1775 1158 Quod

381 1180 415 1223 si
431 1179 662 1222 ridiculum
678 1187 741 1222 est
754 1178 913 1232 dicere,
930 1179 1128 1238 quamvis
1143 1193 1263 1222 more
1285 1186 1417 1238 atque
1440 1193 1514 1222 ore
1536 1175 1774 1235 vaniloquo

383 1249 542 1293 talibus
564 1264 641 1293 nos
664 1249 948 1307 comparetis,
975 1265 1110 1308 quare
1134 1258 1229 1307 post
1251 1264 1328 1292 nos
1353 1248 1578 1307 baptizatis
1604 1249 1622 1289 P
1643 1247 1775 1300 Quod

380 1321 413 1363 si
435 1335 512 1364 vos
536 1319 640 1363 tales
658 1320 771 1373 estis,
792 1329 958 1378 quanto
977 1335 1054 1364 nos
1075 1321 1215 1363 verius
1231 1329 1274 1364 et
1290 1319 1445 1363 melius
1468 1328 1566 1378 post
1588 1334 1663 1363 vos
1684 1333 1775 1362 non

383 1390 684 1448 baptizamus,
719 1389 830 1433 sieut
846 1404 924 1434 nec
944 1389 1004 1433 illi
1038 1405 1147 1449 quos
1182 1390 1420 1444 nominavi,
1444 1399 1542 1449 post
1569 1389 1774 1448 pessimos

383 1459 616 1503 Pharisaeos
639 1459 888 1503 circumcidi
906 1459 1140 1504 debebant.
1162 1460 1324 1504 Deinde
1340 1475 1439 1504 cum
1463 1459 1568 1503 tales
1585 1458 1794 1503 sederint*

382 1545 509 1588 super
527 1528 778 1573 cathedram
802 1530 967 1587 Moysi,
994 1532 1064 1573 cui
1089 1531 1296 1574 Dominus
1319 1531 1532 1575 honorem
1553 1530 1736 1574 servavit
1761 1566 1773 1588 ,

382 1616 515 1661 quare
529 1616 603 1645 vos
617 1609 793 1658 propter
814 1616 901 1655 eos,
923 1616 1031 1660 quos
1049 1601 1138 1645 istis
1156 1602 1243 1645 sive
1263 1603 1377 1661 juste
1395 1602 1483 1646 sive
1500 1601 1660 1661 injuste
1677 1615 1775 1645 com

385 1673 558 1731 paratis,
581 1670 830 1715 cathedram
849 1672 1139 1731 Apostolicam
1163 1672 1472 1732 blasphematis
1492 1674 1510 1716 P

443 1744 643 1787 CLXIII.
682 1745 945 1787 PEHLIANUS
972 1743 1081 1787 dixit
1108 1762 1116 1787 :
1155 1763 1173 1784 (ι
1198 1744 1281 1787 Sed
1303 1759 1381 1787 nos
1407 1743 1674 1787 Christianos
1694 1742 1775 1786 ista

386 1829 476 1858 non
490 1813 803 1865 terrent.Quod
816 1815 929 1856 enim
945 1814 1044 1857 estis
1057 1813 1167 1857 male
1183 1812 1353 1866 facturi,
1367 1830 1389 1857 a
1403 1814 1574 1858 Christo
1590 1813 1775 1857 Domino

388 1884 599 1927 habemus
615 1893 715 1927 ante
734 1882 989 1927 mandatum
1016 1903 1024 1927 ;
1056 1902 1071 1921 «
1099 1883 1244 1937 Mitto,
1270 1883 1430 1942 inquit,
1452 1899 1526 1927 vos
1549 1883 1660 1927 sicut
1676 1898 1777 1927 oves

393 1974 412 1995 »
436 1955 480 1997 in
504 1955 646 1998 medio
665 1954 868 2012 luporum
886 1957 943 1997 ¹.»
962 1955 1173 2012 Lupinam
1197 1955 1361 1998 rabiem
1379 1969 1455 1998 vos
1477 1953 1679 2013 impletis,
1700 1953 1777 2012 qui

390 2040 478 2069 non
501 2025 623 2068 aliter
645 2024 844 2069 Ecclesiis
865 2025 1038 2068 insidias
1066 2025 1206 2068 facitis
1230 2035 1304 2070 aut
1325 2025 1504 2084 paratis,
1525 2039 1658 2084 quam
1685 2023 1779 2083 lupi

391 2095 575 2140 ovilibus
592 2095 806 2139 inhiantes
827 2130 836 2150 ,
863 2096 1051 2154 pernicie
1067 2111 1236 2156 semper
1251 2106 1382 2156 atque
1398 2096 1567 2156 impetu
1579 2131 1589 2151 ,
1607 2095 1779 2140 suffecti

390 2166 598 2223 sanguine
622 2165 819 2210 faucibus
843 2166 949 2208 iram
974 2167 1251 2210 anhelantem
1275 2167 1500 2226 respirant.
1526 2185 1546 2207 »

424 2239 644 2282 CLXIV.
693 2241 967 2282 Anausmns
991 2237 1213 2295 respondit
1245 2257 1252 2282 :
1279 2237 1447 2281 Vellem
1470 2238 1515 2280 in
1537 2252 1613 2282 vos
1635 2237 1778 2282 dicere

394 2309 518 2353 istam
542 2307 823 2361 sententiam,
849 2306 924 2350 sed
953 2305 1112 2349 nollem
1145 2307 1231 2349 istis
1253 2306 1396 2350 verbis
1420 2326 1428 2349 ;
1455 2307 1581 2350 nimis
1611 2307 1774 2366 inepta,

393 2379 462 2423 vel
484 2378 627 2437 potius
660 2379 807 2421 insana
830 2386 946 2420 sunt.
979 2376 1094 2420 Illud
1118 2386 1262 2420 autem
1298 2392 1406 2435 opus
1431 2387 1545 2432 erat,
1573 2386 1621 2421 ut
1650 2377 1777 2422 certis

396 2449 610 2507 aliquibus
625 2447 913 2501 documentis,
930 2462 1018 2490 non
1032 2447 1266 2491 vanissimis
1281 2446 1519 2492 maledictis
1534 2481 1545 2501 ,
1561 2462 1639 2491 nos
1651 2447 1777 2506 lupos

395 2533 482 2561 esse
505 2518 801 2572 ostenderetis,
819 2533 893 2562 vos
911 2528 1056 2562 autem
1069 2533 1184 2563 oves.
1200 2520 1310 2564 Nam
1329 2533 1429 2563 cum
1445 2528 1488 2563 et
1506 2534 1586 2577 ego
1604 2518 1772 2576 dixero:

442 2606 449 2622 ¹
474 2604 591 2635 Matth.
612 2616 642 2641 x,
667 2605 717 2635 16.
