1825 3264
374 214 428 250 80
806 219 840 248 s.
877 220 1106 249 mensum
1139 221 1319 250 EPISCOP1

371 287 521 333 cordes
539 285 770 346 appellem,
793 301 892 331 cum
915 302 1067 346 poenas
1085 287 1209 347 justis
1229 287 1419 344 ingeritis
1440 288 1456 328 ⁶?
1480 301 1535 329 an
1557 300 1755 330 commu-

372 359 548 403 nionem
565 357 886 418 nequissimam,
911 356 1017 402 dum
1042 357 1204 401 animas
1225 356 1493 417 inquinatis?
1513 374 1532 397 »

430 430 516 473 CL.
553 432 829 474 Aucus-rmus
864 428 1086 489 respondit
1119 430 1240 473 :Nec
1273 443 1348 472 vos
1369 428 1508 488 justos
1544 427 1751 486 probatis,

371 514 450 543 nec
478 514 556 544 nos
584 513 737 558 poenas
763 499 960 558 ingerere
991 499 1059 543 vel
1088 499 1271 558 injustis.
1307 501 1363 543 Et
1391 507 1536 542 tamen
1562 498 1672 542 sicut
1693 506 1756 542 est

370 570 629 631 plerumque
648 569 836 614 crudelis
859 569 989 614 fallax
1014 568 1223 624 adulatio,
1239 569 1298 613 sic
1326 583 1495 628 semper
1515 568 1756 626 misericors

363 642 479 701 justa
502 642 732 701 correptio.
762 644 872 688 Nam
888 641 1005 685 unde
1027 650 1089 685 est
1106 639 1215 684 illud
1244 640 1365 700 quod
1387 655 1477 684 non
1496 638 1751 699 intelligitis,

373 730 393 754 «
405 711 669 756 Emendabit
679 727 748 756 me
755 712 896 771 justus
914 712 958 756 in
971 709 1261 756 misericordia
1279 718 1554 769 etarguetme
1574 711 1646 750 12²»
1663 711 1754 754 Hoc

368 783 484 826 enim
507 798 607 827 cum
627 783 681 827 de
704 783 931 842 asperitate
954 782 1239 828 misericordis
1262 781 1547 841 correptionis
1561 781 1751 836 dixisset,

368 855 578 898 continuo
603 853 826 913 subjunxit
848 854 903 898 de
931 853 1110 898 lenitate
1129 853 1379 913 perniciosae
1403 850 1682 906 adulationis,
1711 860 1754 896 et

367 925 425 969 ait
451 945 459 970 ε
486 944 505 967 «
531 925 688 970 Oleum
710 935 856 970 autem
894 926 1131 985 peccatoris
1173 941 1262 970 non
1294 924 1586 984 impinguabit
1623 932 1755 983 caput

370 1015 389 1036 »
407 1011 600 1040 meum.»
625 1000 690 1040 Tu
706 1011 807 1054 ergo
825 996 1001 1040 attende
1017 1012 1106 1056 quo
1128 996 1307 1051 voceris,
1327 1005 1370 1040 et
1386 994 1504 1039 unde
1524 995 1749 1039 revoceris.

366 1069 473 1113 Nam
494 1067 611 1111 unde
632 1068 743 1112 nosti
765 1083 853 1128 quo
873 1067 918 1111 in
941 1077 983 1111 te
1005 1068 1150 1112 animo
1176 1067 1230 1111 sit
1252 1083 1382 1127 quem
1404 1081 1567 1111 saevum
1588 1074 1715 1125 putas
1736 1066 1755 1109 P

368 1138 452 1182 Sed
475 1137 676 1197 quolibet
697 1140 778 1193 sit,
805 1138 1103 1197 unusquisque
1126 1138 1338 1181 sarcinam
1360 1152 1480 1181 suam
1516 1145 1677 1197 portat,
1711 1144 1755 1180 et

365 1207 482 1267 apud
515 1224 592 1252 nos
620 1217 664 1252 et
692 1208 808 1268 apud
842 1224 950 1252 vos:
992 1208 1069 1252 sed
1105 1208 1317 1252 sarcinam
1347 1207 1587 1252 schismatis
1621 1222 1753 1267 quam

365 1294 514 1323 omnes
535 1279 730 1338 portatis,
756 1279 944 1338 abjicite,
970 1288 1019 1323 ut
1035 1279 1221 1323 sarcinas
1244 1288 1407 1323 vestras
1427 1279 1564 1323 bonas
1591 1279 1636 1322 in
1655 1278 1755 1322 uni-

365 1358 452 1393 tate
473 1350 674 1407 portetis,
690 1359 733 1393 et
748 1365 820 1394 eos
833 1351 907 1410 qui
926 1349 1060 1394 malas
1076 1359 1268 1409 portant,
1286 1350 1321 1394 si
1333 1350 1502 1409 possitis
1515 1349 1752 1394 misericor-

363 1419 475 1463 diter
486 1420 747 1478 emendetis3
763 1422 796 1465 si
813 1436 902 1465 non
924 1422 1108 1480 possitis,
1125 1422 1302 1481 pacifice
1316 1421 1522 1466 toleretis.

422 1492 532 1535 CLI.
576 1494 836 1536 perimamus
868 1493 1004 1536 dixit:
1037 1511 1053 1530 «
1082 1493 1200 1536 Beati
1232 1492 1309 1551 qui
1336 1507 1447 1551 puro
1479 1500 1582 1536 sunt
1602 1490 1749 1546 corde,

367 1578 386 1600 »
421 1561 626 1619 quoniam
647 1562 727 1620 ipsi
745 1565 882 1606 Deum
901 1562 1354 1615 videbunt.»Quando
1376 1565 1514 1605 Deum
1531 1561 1749 1616 videbitis,

363 1631 438 1690 qui
455 1632 680 1676 immunda
697 1632 858 1677 malitia
881 1633 1023 1677 cordis
1041 1633 1187 1692 geritis
1199 1633 1439 1677 caecitatem
1461 1635 1479 1676 Ρ
1499 1651 1519 1674 »

422 1703 553 1746 CLII.
590 1706 865 1747 Aucus-rmus
904 1703 1161 1763 respondit:
1199 1706 1343 1756 Quare
1375 1704 1460 1748 hoc
1490 1702 1594 1747 dicis
1627 1705 1646 1746 P
1682 1707 1751 1747 An

362 1772 475 1817 forte
493 1789 570 1817 nos
586 1774 778 1831 ignorata
799 1791 896 1834 quae
914 1776 1110 1819 homines
1128 1774 1281 1819 dicunt
1298 1776 1527 1834 objiCImus
1547 1774 1749 1818 omnibus

363 1845 581 1902 gentibuS,
602 1854 645 1888 et
661 1844 885 1889 manifesta
903 1845 1142 1903 intelligere
1160 1845 1364 1890 nolumus
1387 1862 1486 1905 quae
1504 1849 1617 1889 Deus
1634 1861 1748 1904 prae-

362 1913 469 1957 dixit
486 1914 540 1958 de
557 1914 759 1959 omnibus
771 1916 1000 1974 gentibus?
1020 1918 1121 1960 Haec
1141 1925 1204 1959 est
1218 1931 1375 1974 magua
1391 1916 1559 1960 caecitas
1580 1915 1746 1972 cordi33

361 1993 403 2028 et
425 1984 458 2027 si
481 1999 561 2028 nec
582 1985 717 2043 ipsam
736 1985 781 2029 in
811 1986 934 2030 vobis
953 1987 1200 2045 agnoscitis,
1227 1987 1320 2030 haec
1342 1996 1406 2030 est
1428 1987 1563 2047 major
1582 1987 1748 2031 caecitas

360 2055 514 2099 cordis.

420 2128 574 2169 CLIII.
614 2130 873 2171 Paruimus
896 2128 1027 2172 dixit:
1057 2129 1214 2172 «Beati
1239 2129 1421 2187 pacifici,
1444 2129 1548 2189 quia
1575 2129 1653 2188 ipsi
1671 2128 1747 2172 filii

366 2197 478 2239 »Dei
501 2196 790 2240 vocabuntur.
816 2200 929 2242 »Vos
961 2214 1110 2257 pacem
1143 2199 1292 2243 sceleri
1329 2201 1520 2257 fingetis,
1559 2210 1601 2243 et
1634 2199 1748 2244 bello

361 2267 552 2326 quaeritis
574 2267 802 2312 unitatem.
835 2290 851 2309 »

420 2338 571 2381 CLIV.
607 2341 883 2382 Aucus-,rmus
907 2338 1156 2397 respondit:
1179 2341 1274 2384 Non
1298 2355 1448 2398 pacem
1477 2340 1636 2384 scelere
1658 2342 1745 2384 fin-

362 2407 501 2464 gimus
528 2425 536 2450 ε
566 2406 639 2451 sed
662 2423 812 2466 pacem
842 2424 892 2452 ex
921 2408 1154 2467 Exangelio
1178 2408 1463 2469 praedicamus
1490 2432 1501 2468 3
1534 2426 1635 2455 cum
1657 2426 1746 2470 quo

358 2476 392 2520 si
417 2492 567 2535 pacem
586 2479 844 2534 habueritis,
869 2489 912 2523 et
935 2480 1164 2525 nobiscum
1188 2480 1418 2526 habebitis.
1443 2482 1653 2526 Dominus
1683 2497 1746 2524 re-

411 2567 416 2582 ¹
446 2561 522 2593 Psal.
543 2573 610 2600 ext,
629 2564 660 2594 5,
