1825 3264
478 277 532 304 DE
566 274 752 304 umrArn
784 277 999 305 Eccuzsrffi.
1347 265 1430 304 275

47 344 172 389 nobis
192 341 308 388 credi
330 350 530 401 oportere
553 342 673 402 quod
694 343 739 387 in
761 341 953 387 Ecclesia
969 342 1127 387 Christi
1142 357 1304 397 sumus,
1330 343 1433 402 quia

45 414 180 473 ipsam
203 426 335 473 quam
358 421 570 467 tenemus,
591 412 913 457 commendavit
933 412 1210 457 Milevitanus
1231 414 1433 472 OptatuS,

47 483 116 529 vel
136 482 472 529 Mediolanensis
494 483 766 538 Ambrosius,
789 482 858 527 vel
880 481 952 527 alii
969 483 1306 528 innumerabiles
1334 498 1438 528 nos-

47 563 126 600 trae
146 555 468 600 communionis
495 555 685 614 episcopi
706 574 717 611 3
748 563 822 599 aut
852 554 955 614 quia
977 563 1226 600 nostrorum
1249 553 1439 613 collega-

47 640 146 670 rum
177 625 370 670 conciliis
399 626 488 685 ipsa
511 625 740 686 praedicata
760 633 823 669 est
846 645 857 683 3
883 632 958 669 aut
987 624 1088 685 quia
1109 640 1186 684 per
1207 633 1349 669 totum
1372 639 1442 670 or-

47 696 150 741 bem
170 698 216 742 in
235 697 343 742 locis
368 698 524 742 sanctis
544 733 555 753 ,
587 713 687 757 quae
708 696 958 757 frequentat
983 705 1127 742 nostra
1159 696 1412 741 communio
1429 730 1440 750 ,

46 775 167 812 tanta
190 767 407 812 mirabilia
427 767 497 812 vel
512 767 856 821 exauditionum,
882 767 952 812 vel
974 767 1205 812 sanitatum
1230 768 1360 822 fiunt,
1385 767 1446 811 ita

48 847 99 883 ut
118 838 296 883 latentia
316 853 394 898 per
418 847 484 883 tot
505 854 642 883 annos
664 853 846 898 corpora
866 841 1111 896 Martyrum
1132 841 1144 864 ¹
1162 874 1173 894 ,
1198 839 1318 899 quod
1344 853 1446 898 pos-

48 918 150 954 sunt
172 924 196 953 a
217 908 365 953 multis
386 909 703 968 interrogantes
723 909 875 954 audire
892 944 904 964 ,
934 909 1166 954 Ambrosio
1188 907 1354 953 fuerint
1376 923 1448 952 re-

46 979 188 1025 velata
209 1013 219 1035 ,
259 989 302 1024 et
334 979 389 1024 ad
421 981 512 1039 ipsa
547 995 729 1040 corpora
766 995 908 1025 caecus
947 979 1189 1025 multorum
1229 993 1447 1024 annorum

29 1043 214 1095 'civitati
235 1050 549 1096 Mediolanensi
569 1051 816 1095 notissimus
836 1049 985 1095 oculos
1006 1050 1248 1111 lumenque
1270 1065 1449 1110 recepe-

51 1121 109 1166 rit
125 1141 138 1180 3
155 1130 232 1165 aut
249 1122 350 1182 quia
364 1120 436 1165 ille
453 1122 671 1166 somnium
683 1121 808 1177 vidit,
828 1131 871 1166 et
883 1121 955 1166 ille
972 1122 1017 1166 in
1034 1122 1188 1181 spiritu
1204 1131 1452 1182 assumptus

52 1192 235 1246 audivit,
262 1193 350 1237 sive
373 1207 427 1236 ne
448 1192 529 1236 iret
551 1192 596 1236 in
619 1201 787 1252 partem
809 1192 989 1247 Donati,
1015 1192 1103 1237 sive
1125 1201 1175 1237 ut
1191 1193 1413 1237 recederet
1431 1207 1455 1235 a

52 1273 177 1324 parte
201 1265 373 1308 Donati.
400 1266 702 1324 Quaecumque
730 1263 830 1308 talia
859 1265 905 1307 in
934 1263 1158 1309 Catholica
1180 1265 1324 1319 fiunt,
1355 1263 1454 1308 ideo

55 1343 160 1379 sunt
181 1334 466 1394 approbanda
485 1369 496 1389 ,
525 1335 627 1393 quia
649 1334 694 1377 in
720 1333 945 1378 Catholica
967 1335 1107 1391 fiunt,
1132 1350 1221 1378 non
1244 1333 1342 1378 ideo
1365 1334 1457 1393 ipsa

55 1403 363 1450 manifestatur
379 1403 620 1458 Catholica,
647 1404 749 1464 quia
772 1404 866 1448 haec
891 1404 936 1448 in
960 1419 1010 1448 ea
1032 1405 1159 1448 fiunt.
1192 1406 1288 1464 Ipse
1307 1405 1457 1449 Domi-

55 1491 138 1522 nus
167 1479 294 1521 Jesus
321 1491 422 1521 cum
446 1476 748 1521 resurrexisset
773 1491 796 1520 a
821 1476 1003 1520 mortuis
1026 1511 1038 1531 ,
1074 1485 1118 1520 et
1135 1474 1457 1535 Discipulorum

54 1547 190 1592 oculis
214 1546 482 1602 videndum,
509 1547 797 1608 manibusque
832 1547 1102 1606 tangendum
1134 1559 1293 1608 corpus
1327 1562 1457 1592 suum

57 1619 266 1673 offerret,
293 1635 350 1664 ne
372 1619 480 1680 quid
510 1628 657 1663 tamen
691 1617 876 1664 fallaciae
910 1635 954 1664 se
988 1619 1077 1679 pati
1113 1620 1455 1674 arbitrarentur,

57 1691 195 1749 magis
214 1705 288 1735 eos
306 1690 560 1735 testimoniis
583 1691 708 1749 Legis
725 1699 768 1735 et
790 1691 1107 1750 Prephetarum
1125 1699 1169 1734 et
1186 1691 1458 1735 Psalmorum
1477 1738 1481 1743 v

57 1760 381 1806 confirmandos
403 1776 492 1805 esse
508 1760 722 1819 judicavit
737 1796 747 1815 ‚
771 1760 1004 1806 ostendens
1033 1776 1082 1805 ea
1107 1760 1162 1805 de
1183 1776 1227 1805 se
1248 1759 1427 1820 impleta
1445 1795 1456 1814 ,

45 1847 158 1892 ,quae
179 1832 355 1877 fuerant
377 1841 500 1877 tanto
523 1841 623 1877 ante
646 1831 870 1892 praedicta.
905 1833 974 1878 Sic
1001 1842 1044 1877 et
1070 1831 1308 1877 Ecclesiam
1334 1846 1456 1876 suam

58 1904 380 1949 commendavit
409 1903 558 1949 dicens
585 1923 593 1948 :
629 1922 647 1944 ε
678 1904 908 1949 Praedicari
930 1905 973 1948 in
1000 1904 1177 1949 nomine
1205 1919 1283 1949 suo
1310 1905 1457 1963 poeni-

64 1994 83 2016 »
109 1975 308 2029 tentiam,
335 1983 377 2019 et
402 1975 695 2019 remissionem
718 1984 999 2034 peccatorum
1021 1990 1098 2034 per
1118 1989 1267 2020 omnes
1291 1983 1454 2033 gentes,

61 2061 84 2087 ι»
109 2044 419 2104 incipientibus
438 2045 492 2089 ab
505 2044 744 2089 Jerusalem
759 2047 791 2088 ².
816 2063 836 2086 »
865 2047 957 2088 Hoc
979 2045 1022 2088 in
1043 2047 1172 2103 Lege,
1194 2053 1237 2088 et
1259 2045 1457 2104 Prophe-

58 2116 131 2171 tis,
156 2125 200 2160 et
221 2115 400 2161 Psalmis
415 2131 506 2161 esse
522 2117 730 2176 scriptum
748 2117 838 2176 ipse
853 2124 1033 2160 testatus
1051 2124 1114 2160 est
1136 2135 1144 2160 z
1166 2115 1249 2160 hoc
1272 2117 1364 2176 ejus
1381 2131 1456 2160 ore

0 2207 2 2220 =
60 2186 417 2232 commendatum
445 2197 658 2232 tenemuS.
697 2188 800 2231 Haec
832 2195 934 2230 sunt
962 2201 1103 2231 causae
1130 2195 1289 2231 nostrae
1317 2187 1458 2231 docu-

61 2266 233 2313 menta,
256 2258 350 2302 haec
371 2256 679 2312 fundamenta,
704 2258 798 2302 haec
820 2258 1108 2302 firmamenta.

121 2330 195 2372 LI.
223 2328 427 2387 Legimus
465 2328 510 2372 in
539 2328 720 2372 Actibus
756 2327 1068 2387 Apostolorum
1088 2327 1253 2372 dictum
1277 2326 1332 2371 de
1353 2329 1452 2387 qui-

62 2395 248 2442 busdam
269 2397 546 2443 credentibus
561 2433 572 2453 ,
607 2397 728 2458 quod
761 2397 957 2458 quotidie
979 2407 1276 2442 scrutarentur
1303 2397 1447 2457 Scrip-

63 2475 205 2525 turas,
231 2483 287 2513 an
308 2469 402 2513 haec
422 2469 480 2513 ita
503 2483 548 2513 se
568 2468 776 2514 haberent
794 2471 810 2495 ³
840 2487 850 2513 ε
875 2483 980 2529 quas
1003 2468 1157 2528 utique
1182 2468 1450 2528 Scripturas,

111 2577 123 2598 ⁸
141 2576 274 2609 Protasii
288 2579 323 2609 et
339 2576 494 2610 Gervasii.
513 2575 593 2608 Vide
603 2575 659 2608 lib.
676 2586 741 2609 xxn
759 2576 801 2608 de
818 2575 958 2609 civitate
971 2576 1042 2619 Dei,
1058 2587 1121 2619 cap
1133 2577 1164 2610 8.
1185 2581 1219 2610 et
1235 2576 1292 2609 lib.
1313 2587 1344 2610 rx
1361 2577 1447 2610 Con«

0 2629 5 2637 '
65 2630 142 2667 foss.
160 2643 232 2676 cap.
249 2641 307 2672 vn,
326 2637 391 2667 etc.
407 2639 472 2657 —²
487 2634 567 2666 Luc.
582 2644 671 2675 xxiv,
687 2632 741 2675 47.
762 2649 803 2657 -
820 2631 833 2657 3
855 2634 932 2666 Act.
951 2643 1030 2676 xvn,
1054 2640 1106 2666 ιι.

1203 2686 1266 2728 18.
