1825 3264
344 282 507 313 comum
540 283 740 313 Lim-ems
772 285 1004 324 emaum,
1043 290 1124 316 mn.
1163 291 1210 316 ιι.
1415 280 1462 316 21

147 351 352 393 XXXVI.
391 353 650 394 Pmmmus
690 349 799 394 dixit
826 370 834 394 :
865 370 882 392 «
911 354 1061 397 Monet
1096 354 1223 398 etiam
1257 354 1466 398 Dominus

88 419 296 473 Christus,
322 438 341 460 «
363 421 521 464 Cavete
538 436 559 463 a
579 421 1007 479 pseudo-prophetis,
1025 423 1098 478 qui
1113 425 1294 467 veniunt
1315 423 1369 468 ad
1391 439 1466 469 vos

90 507 110 531 υ
136 489 181 532 in
205 490 470 534 vestimentis
483 491 774 545 ovium,intus
795 500 939 535 autem
958 501 1060 536 sunt
1076 492 1168 552 lupi
1189 510 1376 553 rapaces.
1403 498 1468 539 Ex

90 577 110 602 »
135 559 351 604 fructibus
375 575 525 605 eorum
549 562 816 619 cognoscetis
845 577 916 606 eos
940 565 970 605 ¹.
1000 581 1020 604 n

143 633 372 675 XXXVII.
398 635 674 676 Arausa-mus
698 632 920 692 respondit
945 652 954 677 :
983 634 1026 678 Si
1059 633 1135 677 abs
1167 642 1211 677 te
1247 649 1464 694 quaeram,

83 701 242 761 quibus
267 717 346 746 nos
369 700 581 746 fructibus
602 702 729 762 lupos
750 719 923 762 rapaces
943 719 1033 748 esse
1055 704 1323 762 cognoscatis
1340 739 1350 757 ,
1372 705 1467 748 dic-

83 779 206 815 turus
236 786 280 815 es
312 772 491 816 crimina
516 773 678 826 aliena,
700 788 780 816 nec
800 773 845 816 in
863 773 920 817 eis
937 788 1125 832 quorum
1147 789 1237 817 esse
1259 773 1467 818 dicuntur

82 856 276 901 unquam
300 843 496 901 probata.
531 843 573 887 Si
595 852 738 887 autem
764 852 810 887 tu
833 859 855 887 a
876 859 945 888 me
967 859 1157 904 quaeras,
1179 844 1339 903 quibus
1354 845 1465 889 truc-

82 910 198 954 tibus
219 927 293 955 vos
315 913 458 970 potius
485 927 575 957 esse
599 912 724 971 lupos
746 929 919 972 rapaces
940 929 1250 973 cognoscamus
1270 935 1281 970 3
1306 915 1465 974 objicio

80 981 316 1025 schismatis
334 982 513 1037 crimen,
530 982 651 1043 quod
665 992 712 1027 tu
728 984 919 1042 negabis,
941 999 1022 1042 ego
1041 992 1187 1027 autem
1206 984 1348 1028 statim
1367 1000 1464 1043 pro·

79 1051 194 1095 babo
219 1071 227 1096 z
254 1068 396 1112 neque
416 1053 532 1097 enim
558 1054 853 1098 communicas
875 1055 1079 1098 omnibus
1101 1055 1302 1112 gentibus
1324 1064 1367 1099 et
1380 1055 1463 1099 illis

79 1121 282 1166 Ecclesiis
305 1124 554 1181 Apostolico
571 1123 719 1168 labore
742 1123 952 1168 fundatis.
976 1125 1056 1169 Hic
1075 1125 1269 1170 dicturus
1282 1141 1325 1169 es
1343 1145 1350 1170 :
1367 1129 1465 1170 Non

79 1194 354 1237 communico
377 1194 658 1238 traditoribus
684 1204 727 1238 et
748 1194 991 1238 homicidis.
1025 1195 1275 1254 Respondet
1298 1196 1376 1239 tibi
1399 1211 1465 1239 se-

79 1278 177 1306 men
205 1263 391 1307 Abrahae
421 1283 428 1308 :
457 1266 560 1308 Haec
583 1274 683 1308 sunt
706 1264 778 1307 illa
804 1265 1005 1318 crimina,
1029 1264 1097 1308 vel
1126 1281 1214 1308 non
1240 1281 1363 1317 vera,
1396 1265 1463 1309 vel

78 1349 165 1377 non
180 1349 288 1377 mea.
310 1334 393 1378 Sed
411 1335 505 1377 haec
527 1335 697 1377 interim
720 1349 907 1392 sepono,
933 1343 981 1377 tu
1005 1334 1184 1377 ostende
1206 1334 1460 1378 Ecclesiam.

77 1407 173 1448 Jam
196 1420 278 1448 vox
300 1404 373 1448 illa
397 1405 502 1448 mibi
527 1405 718 1458 sonabit,
743 1420 872 1464 quam
895 1406 939 1447 in
963 1403 1371 1463 pseudo-prophetis
1395 1405 1461 1447 vi-

78 1473 251 1518 tandam
272 1475 479 1519 Dominus
503 1476 672 1519 monuit
692 1475 1023 1519 ostendentibus
1046 1484 1205 1533 partes,
1224 1484 1273 1518 Pt
1291 1475 1346 1517 ab
1364 1475 1462 1517 uni-

76 1559 197 1589 verso
230 1544 414 1588 alienare
447 1546 708 1588 conantibus
733 1564 740 1588 :
771 1564 789 1586 «
817 1547 929 1588 Ecce
951 1545 1020 1588 hic
1042 1553 1105 1587 est
1123 1545 1336 1597 Christus,
1362 1559 1463 1588 ecce

79 1613 201 1658 »illic
216 1617 249 1658 ².
271 1633 291 1654 »
310 1615 393 1659 Sed
408 1614 665 1673 usqueadeo
688 1624 814 1673 putas
836 1630 955 1658 veras
979 1630 1079 1658 oves
1098 1615 1257 1658 Christi
1276 1629 1351 1657 cor
1372 1629 1460 1657 non

75 1685 258 1737 babere,
277 1684 436 1743 quibus
458 1684 625 1729 dictum
645 1694 729 1728 est:
748 1685 892 1729 Nolite
914 1683 1112 1740 credere,
1132 1693 1182 1727 ut
1203 1684 1358 1742 lupum
1382 1699 1460 1726 au-

76 1755 198 1799 diant
220 1754 436 1799 dicentem
461 1775 469 1800 :
493 1758 605 1799 Ecce
634 1756 704 1799 hic
730 1765 793 1799 est
819 1755 1036 1811 Christus,
1062 1763 1104 1798 et
1132 1763 1346 1812 pastorem
1370 1769 1460 1798 non

75 1824 254 1868 audiant
292 1824 510 1869 dicentem
541 1844 552 1870 ε
580 1844 597 1866 «
625 1829 706 1869 Per
734 1840 883 1869 omnes
913 1834 1062 1883 gentes
1078 1824 1386 1883 incipientibus
1407 1824 1462 1869 ab

81 1914 98 1935 »
134 1894 371 1938 Jerusalem
397 1896 428 1938 ³.
466 1916 483 1934 »
747 1895 750 1898 ’

134 1965 384 2007 XXXVIII.
412 1967 672 2007 Pmfflnus
690 1962 800 2006 dixit
826 1981 833 2006 :
860 1981 879 2003 «
903 1962 993 2015 Sic,
1015 1962 1074 2005 sic
1097 1962 1296 2020 improbe
1313 1975 1460 2018 perse-

75 2043 216 2086 cutor,
241 2049 521 2093 quocumque
544 2043 584 2076 te
606 2033 819 2077 velamine
848 2032 1052 2075 bonitatis
1081 2031 1295 2074 obtexeris
1311 2065 1321 2083 ,
1346 2045 1460 2088 quo-

74 2118 263 2161 cumque
285 2104 460 2146 nominc
480 2102 594 2160 pacis
614 2100 777 2144 bellum
800 2100 956 2144 osculis
980 2115 1122 2158 geras,
1143 2099 1341 2158 quolibet
1362 2101 1461 2142 uni-

76 2173 172 2217 tatis
194 2172 408 2217 vocabulo
427 2172 653 2216 hominum
671 2185 805 2227 genus
822 2170 971 2214 illicias
988 2191 998 2226 3
1023 2170 1100 2229 qui
1111 2170 1329 2213 -hactenus
1348 2168 1461 2212 fallis

75 2259 123 2287 ac
138 2242 321 2301 decipis,
343 2257 441 2286 vere
459 2240 622 2285 diaboli
639 2240 753 2284 filius
771 2255 831 2294 es,
849 2241 955 2284 dum
978 2239 1173 2283 moribus
1195 2239 1358 2282 indicas
1379 2253 1458 2296 pa-

77 2322 200 2357 trem.
226 2331 246 2354 »

133 2384 341 2426 XXXIX.
368 2385 648 2425 Amusm-us
669 2380 892 2438 respondit
916 2398 923 2422 :
950 2381 1054 2422 Haec
1092 2394 1115 2422 a
1156 2378 1282 2421 nobis
1314 2378 1357 2419 in
1387 2391 1462 2420 vos

76 2453 191 2496 dicta
207 2468 295 2495 esse
314 2460 464 2510 reputa
486 2470 495 2495 ς
516 2460 559 2494 et
577 2459 626 2493 ut
644 2450 813 2494 noveris
831 2451 874 2492 in
891 2463 1000 2508 quos
1013 2448 1157 2506 potius
1180 2446 1458 2499 conveniant,

77 2537 175 2581 quae
190 2521 387 2580 superius
405 2520 492 2563 dixi
514 2533 819 2563 commemora.

67 2619 70 2622 ’
129 2613 135 2628 ¹
160 2606 272 2638 Manli.
291 2616 347 2638 vn.
371 2605 419 2636 15⁴
437 2622 474 2626 -—
490 2604 556 2635 ²111
588 2613 676 2638 xxiv,
696 2603 748 2634 23.
777 2619 804 2624 —
819 2601 830 2624 3
847 2603 921 2633 Luc.
943 2611 1033 2634 xxiv,
1051 2599 1104 2640 [⁸7.
