1825 3264
273 256 436 288 com-na
466 260 730 290 enuscourum
763 255 1051 300 northusun,
1087 262 1170 290 Lm.
1207 262 1268 290 ιν.
1396 252 1473 288 511

93 333 356 371 terrerentur
372 361 384 381 ,
424 327 786 386 proturbarentur
806 362 817 382 ,
854 327 1174 387 expellerentur
1196 362 1206 384 ,
1246 327 1482 372 retinentes

91 395 415 441 exhiberentur.

148 469 310 511 LVIII.
341 470 457 526 Lege
486 483 587 527 quae
616 468 671 512 de
698 467 781 512 illis
812 467 882 513 vel
905 467 951 511 in
972 468 1068 513 illos
1091 467 1309 513 advocatis
1332 482 1482 527 prose·

91 538 326 598 quentibus
343 538 459 583 dieta
480 549 605 594 sunt,
641 555 740 599 quae
760 540 929 599 objecta
946 541 1126 585 crimina
1145 540 1368 598 sacrilegii,
1393 555 1483 600 quo

91 608 258 668 impetu
279 610 561 654 accusationis
574 610 802 655 concitatae
818 619 919 655 sunt
938 620 1183 670 potestates.
1205 614 1361 664 Quaere
1382 626 1482 669 quae

92 676 205 723 facta
235 680 320 724 sint
351 680 495 725 Salvio
523 681 884 735 Membresitano‚
909 681 1011 741 quia
1029 682 1067 724 ei
1091 696 1179 726 non
1201 681 1345 740 potuit
1368 679 1484 724 illius

93 750 404 807 persecutionis
442 751 803 808 exagitationibus
843 752 1092 811 extorqueri
1113 786 1124 806 ,
1163 760 1211 795 ut
1249 750 1406 795 rediret
1428 750 1485 794 ad

93 820 360 864 consortium
381 820 570 864 criminis
598 841 608 876 3
633 821 873 880 maluitque
901 837 946 865 se
967 822 1238 866 committere
1266 821 1481 876 examini,

91 900 134 934 et
148 891 497 950 persecutoribus
513 891 600 935 suis
626 892 670 935 in
696 891 992 950 proconsulari
1009 892 1176 951 judicio
1193 891 1452 951 respondere
1471 910 1482 947 3

90 975 139 1004 ea
176 961 308 1006 credo
337 962 498 1006 fiducia
519 996 530 1016 ‚
557 961 678 1021 quod
711 962 839 1006 sciret
874 960 1139 1006 adversarios
1181 977 1280 1006 suos
1314 962 1485 1020 legibus

90 1041 242 1077 contra
263 1033 488 1077 haereticos
502 1032 786 1092 promulgatis
802 1033 867 1077 uti
889 1048 978 1078 non
999 1048 1122 1092 posse
1140 1032 1258 1091 apud
1271 1033 1481 1093 judicem,

91 1102 172 1146 nisi
193 1103 323 1148 etiam
346 1104 518 1163 seipsos
539 1105 577 1153 ei
592 1103 754 1162 pariter
770 1103 1002 1147 irretirent.
1018 1102 1103 1148 Sed
1120 1102 1276 1147 fefellit
1290 1118 1390 1146 eum
1405 1103 1485 1147 ista

93 1173 300 1232 cogitatio
326 1193 334 1219 ε
369 1174 488 1234 apud
525 1176 735 1219 Seranum
774 1173 891 1217 enim
931 1182 1035 1218 tunc
1073 1173 1378 1232 proconsulem
1414 1172 1486 1217 vel

92 1245 228 1302 gratia
253 1245 351 1304 plus
373 1245 540 1299 valuit,
566 1244 633 1288 vel
661 1244 796 1302 magis
820 1243 932 1288 forte
963 1247 1200 1303 Bagai'ense
1222 1243 1453 1288 concilium
1470 1277 1481 1298 ,

92 1315 214 1375 quod
241 1314 329 1360 illic
358 1315 486 1359 etiam
519 1323 668 1358 contra
696 1314 898 1358 eumdem
933 1313 1122 1358 Salvium
1146 1315 1374 1358 recitatum
1403 1322 1480 1357 est.

92 1386 292 1440 Quadam
307 1402 409 1431 sane
423 1386 760 1431 interlocutione
778 1384 887 1446 quid
906 1401 980 1445 per
1002 1401 1046 1429 se
1064 1395 1264 1445 ageretur
1278 1385 1483 1440 ostendit,

93 1455 139 1500 id
160 1466 254 1513 est,
279 1467 328 1502 ut
352 1457 543 1503 Salvium
574 1467 650 1501 aut
680 1458 814 1501 choro
844 1457 1147 1516 episcoporum
1168 1455 1487 1501 communionis

94 1527 301 1572 Primiani
320 1527 546 1581 redderet,
573 1537 648 1571 aut
679 1525 850 1584 fugaret
877 1543 900 1570 a
925 1525 1127 1584 sedibus3
1153 1536 1202 1571 ut
1225 1527 1482 1581 Restitutus‚

94 1612 225 1658 quem
245 1607 397 1642 contra
419 1613 520 1642 eum
545 1597 784 1642 Primianus
797 1595 1088 1652 ordinaverat,
1103 1596 1198 1641 loca
1219 1597 1365 1642 omnia
1386 1611 1487 1656 quae

95 1683 118 1712 a
142 1667 284 1712 Salvio
306 1667 568 1712 tenebantur
583 1702 594 1722 ‚
613 1668 704 1712 sine
727 1666 972 1711 adversario
996 1667 1233 1726 possideret
1254 1686 1261 1711 :
1287 1675 1331 1710 et
1342 1675 1486 1710 tamen

95 1739 140 1783 in
172 1738 325 1783 eadem
364 1737 699 1783 interlocutione
724 1773 735 1792 ,
774 1738 894 1798 quod
933 1738 1277 1796 persecutionem
1322 1736 1489 1782 Salvius

95 1818 318 1869 pateretur
336 1843 348 1864 ,
373 1809 592 1868 expressit.
621 1809 688 1854 Sic
720 1807 834 1852 enim
872 1807 917 1850 in
952 1806 1111 1850 eisdem
1146 1807 1272 1866 gestis
1293 1806 1453 1865 legitur
1477 1824 1487 1850 :

103 1899 124 1924 «
149 1883 336 1926 Seranus
368 1880 602 1939 proconsul
630 1880 737 1923 dixit
763 1897 772 1923 ι
810 1878 880 1921 Lis
914 1878 1217 1936 episcoporum
1246 1877 1488 1921 secundum

97 1950 241 2010 legem
262 1951 318 1995 ab
345 1951 556 2010 episcopis
579 1949 796 1994 audienda
820 1957 885 1992 est
911 1967 920 1992 :
946 1948 1135 2007 episcopi
1160 1948 1483 2009 judicaverunt.

99 2024 244 2076 Quare
279 2037 369 2066 non
404 2030 480 2065 aut
511 2021 593 2065 sub
631 2018 922 2064 satisfactione
960 2018 1016 2062 ad
1045 2019 1229 2063 chorum
1268 2018 1491 2062 reverteris

100 2092 324 2138 vetustatis
345 2113 356 2150 3
382 2101 472 2146 aut,
498 2101 548 2135 ut
567 2091 700 2135 habes
732 2090 939 2148 scriptum
957 2123 967 2143 ‚
1007 2097 1124 2148 terga
1146 2089 1496 2149 persecutoribus

100 2164 249 2224 prodis
271 2166 289 2208 P
312 2182 331 2204 »
353 2162 470 2217 Quid
493 2163 562 2206 hic
583 2161 662 2206 tibi
675 2160 878 2205 videtur?
899 2158 1126 2203 Placet-ne
1148 2160 1277 2203 istum
1304 2159 1497 2205 Salvium

102 2234 318 2294 appellare
346 2236 513 2294 justum
535 2268 546 2287 ‚
572 2233 642 2277 cui
667 2229 900 2293 proconsul
923 2230 1039 2289 apud
1067 2246 1198 2290 quem
1231 2247 1253 2274 a
1277 2230 1496 2274 Restituto

104 2304 306 2364 episcopo
321 2313 462 2349 vestro
478 2313 630 2348 contra
647 2311 786 2361 stante
805 2300 1104 2355 accusabatur,
1123 2301 1252 2344 etiam
1274 2300 1329 2344 de
1350 2308 1498 2344 sancta

106 2375 328 2434 Scriptura
350 2376 425 2419 dat
445 2373 675 2419 consilium
699 2382 748 2416 ut
773 2381 891 2430 terga
926 2371 1273 2429 persecutoribus
1302 2370 1460 2430 prodat
1483 2390 1496 2428 3

106 2445 534 2506 quoniamscriptum
553 2453 615 2488 est
638 2444 681 2487 in
706 2439 944 2500 Evangelio
959 2459 998 2484 2«
1013 2442 1056 2486 Si
1073 2457 1147 2486 vos
1168 2442 1383 2502 persecuti
1406 2441 1498 2485 Iue-

111 2535 130 2558 »
156 2517 259 2571 rint,
284 2516 424 2575 fugite
442 2519 452 2541 ¹
476 2517 494 2560 Ρ
515 2514 672 2559 »Vides
693 2522 809 2558 certe
832 2527 965 2572 quam
986 2513 1171 2572 speciem
1191 2513 1358 2559 Salvius
1380 2511 1499 2573 apud

159 2607 169 2624 ¹
189 2600 310 2634 Matth-
328 2611 362 2642 x,
378 2600 432 2633 ⁴23.
