1825 3264
265 269 428 300 comm
459 271 722 301 cnnscommw
756 270 1043 313 Domus-rur,
1078 275 1161 302 Lm.
1198 277 1245 302 11.
1371 266 1455 305 369

73 344 137 379 ter
157 349 306 380 omnes
324 336 521 381 homines
541 336 690 391 fuerit,
717 337 787 397 jus
809 337 890 381 sibi
920 339 1187 398 baptismatis
1215 339 1305 384 non
1328 355 1456 385 usur-

70 414 158 465 pet.
187 423 208 447 »
234 408 385 466 Neque
407 407 490 451 hoc
511 415 662 451 contra
683 421 762 451 nos
787 416 873 465 est,
898 409 999 468 quia
1019 410 1053 452 si
1070 410 1199 454 etiam
1218 409 1315 454 talis
1334 426 1456 455 usur·

70 477 236 535 paverit
257 486 300 521 et
317 476 504 533 dederit,
529 493 618 522 non
639 493 737 522 eum
761 478 842 522 sibi
866 494 1076 538 usurpare
1107 481 1307 525 debuisse
1331 481 1452 538 dico,

68 562 159 592 non
189 557 332 592 autem
358 548 526 594 dedisse
563 565 652 594 non
684 548 795 594 dico.
832 549 911 594 Ille
937 566 1040 596 vero
1077 553 1153 611 qui
1191 553 1384 612 accepit,
1423 553 1457 597 si

69 618 202 663 homo
224 619 366 664 bonus
389 620 443 664 ab
464 620 640 664 homine
659 620 794 674 malo,
828 620 862 664 si
891 620 1029 665 fidelis
1047 637 1067 665 a
1091 622 1283 680 perfido,
1309 624 1341 667 si
1361 624 1457 682 pius

70 689 124 733 ab
151 690 312 749 impio3
338 692 624 750 perniciosum
660 691 740 734 erit
771 690 916 745 danti,
947 707 1034 735 non
1063 693 1305 750 accipienti.
1339 693 1456 738 Illud

69 761 230 820 quippe
260 772 457 806 sanctum
490 761 603 806 male
652 770 847 806 utentem
876 762 1070 822 judicat,
1116 763 1228 807 bene
1260 774 1457 809 utentem

67 833 321 876 sanctificat.
346 834 388 877 Si
410 842 554 877 autern
584 842 626 877 et
656 832 728 876 ille
756 834 832 892 qui
855 834 1048 892 accepit,
1081 834 1229 893 inique
1265 838 1457 895 accepit,

69 918 149 947 nec
185 903 244 947 sic
274 903 514 958 rescissum,
541 902 616 948 sed
649 903 868 962 agnitum,
905 905 1026 963 quod
1050 920 1249 964 perverso
1280 907 1457 960 oberat,

69 982 264 1017 correcto
285 974 478 1032 proderit
495 982 829 1018 sacramentum.

126 1046 351 1088 XXXVII.
389 1044 457 1089 Sic
479 1046 592 1088 enim
616 1054 658 1088 te
678 1045 847 1103 putabo
863 1044 1032 1099 dixisse,
1060 1060 1147 1089 non
1171 1047 1260 1105 jam
1288 1065 1307 1087 «
1337 1047 1458 1106 quis—

70 1116 167 1174 quis
189 1124 407 1174 peccator,
436 1132 456 1155 »
482 1115 584 1173 quia
607 1115 687 1158 nisi
707 1114 849 1169 fallor,
869 1115 959 1174 jam
982 1115 1119 1159 cernis
1141 1130 1273 1174 quam
1300 1125 1462 1160 temere

68 1184 233 1229 dictum
250 1185 303 1229 sit
323 1204 331 1229 :
352 1204 371 1226 «
399 1184 481 1229 Sed
501 1194 701 1243 peccator
715 1184 888 1244 qualem
907 1186 1041 1229 nostri
1060 1184 1328 1240 describunt,
1342 1188 1462 1246 quis-

69 1256 165 1315 quis
185 1256 298 1300 inter
320 1270 470 1299 omnes
488 1255 686 1299 homines
702 1255 856 1310 fuerit,
884 1256 954 1315 jus
981 1255 1063 1299 sibi
1088 1256 1354 1315 baptismatis
1373 1273 1461 1301 non

52 1332 250 1385 ‘usurpet
274 1345 283 1370 ε
308 1344 328 1366 »
353 1325 726 1386 quemadmodum
746 1326 957 1384 scriptum
970 1335 1034 1369 est
1058 1345 1066 1370 ε
1097 1345 1116 1367 «
1140 1328 1361 1371 Peccatori
1380 1343 1461 1371 au-

72 1413 92 1437 »
127 1405 214 1440 tem
239 1396 345 1440 dicit
363 1399 475 1440 Deus
497 1415 506 1440 ε
530 1397 584 1440 Ut
596 1395 702 1455 quid
720 1405 768 1440 tu
790 1410 961 1440 enarras
977 1396 1307 1456 justificationes
1327 1413 1458 1452 meas,

71 1484 91 1508 »
127 1476 170 1511 et
194 1467 373 1511 assumis
402 1474 712 1510 testamentum
738 1481 884 1510 meum
908 1481 984 1524 per
1012 1481 1058 1510 os
1081 1476 1206 1511 tuum
1224 1470 1235 1493 ¹
1253 1468 1270 1508 ‘2
1291 1487 1310 1508 »
1338 1470 1394 1511 Et
1415 1476 1464 1512 ut

67 1537 313 1582 ostenderet
335 1536 453 1596 quali
476 1537 695 1597 peccatori
717 1537 800 1580 hoc
820 1535 1000 1592 diceret,
1025 1552 1080 1580 ne
1096 1552 1246 1581 omnes
1263 1538 1462 1582 homines

67 1623 90 1652 a
113 1607 390 1667 praedicando
412 1607 547 1652 verbo
564 1608 656 1668 ejus
678 1623 768 1652 sese
785 1608 1075 1662 abstinerent,
1102 1608 1178 1667 qui
1202 1624 1281 1652 nec
1303 1610 1462 1652 sentire

69 1680 249 1733 audent,
275 1694 356 1723 nec
373 1679 518 1723 dicere
543 1694 587 1723 se
603 1687 851 1738 peccatores
874 1694 962 1722 non
985 1693 1096 1733 esse,
1121 1679 1318 1738 sequitur
1339 1694 1464 1723 eum-

69 1766 155 1810 que
175 1750 378 1794 describit
404 1769 413 1794 :
444 1769 462 1791 «
490 1752 555 1794 Tu
575 1765 678 1794 vero
702 1749 829 1794 odisti
863 1748 1133 1807 disciplinam
1151 1785 1162 1803 ,
1200 1758 1241 1793 et
1272 1750 1463 1809 abjecisti

72 1839 93 1862 »
128 1836 347 1866 sermones
369 1836 488 1865 meos
508 1830 606 1879 post
626 1830 681 1864 te¹
710 1822 767 1864 Os
789 1831 915 1864 tuum
939 1820 1177 1863 abundavit
1207 1819 1392 1875 malitia,
1421 1830 1464 1864 et

73 1909 94 1934 »
129 1890 278 1951 lingua
302 1901 376 1935 tua
399 1890 593 1950 amplexa
618 1900 681 1934 est
703 1890 994 1934 dolositatem.
1020 1890 1067 1934 ·Si
1090 1889 1269 1933 videbas
1293 1890 1459 1944 furem,

73 1981 93 2004 »
129 1962 419 2007 concurrebas
445 1963 506 2018 ei,
538 1970 580 2005 et
607 1976 705 2005 cum
731 1960 936 2005 adulteris
960 1961 1205 2020 portionem
1238 1970 1355 2004 tuam
1381 1978 1462 2020 po-

73 2052 93 2074 »
130 2034 278 2077 nebas.
314 2032 477 2077 Sedens
513 2033 717 2076 adversus
745 2032 923 2075 fratrem
948 2041 1072 2074 tuum
1107 2031 1387 2085 detrahebas,
1421 2042 1464 2076 et

75 2121 95 2145 »
131 2105 335 2148 adversus
370 2103 508 2146 filium
532 2102 680 2146 matris
704 2112 790 2146 tuae
816 2102 1010 2160 ponebas
1034 2101 1304 2145 scandalum.
1329 2121 1347 2142 »
1373 2102 1464 2146 Tali

73 2189 174 2233 ergo
191 2174 409 2234 peccatori
424 2173 556 2227 dicit,
588 2192 602 2211 «
634 2175 689 2217 Ut
721 2172 826 2232 quid
860 2182 905 2216 tu
935 2188 1106 2216 enarras
1133 2172 1464 2232 justificationes

76 2264 96 2286 »
131 2261 263 2300 meas,
295 2255 338 2289 et
367 2245 545 2291 assumis
568 2253 874 2288 testamentum
901 2259 1044 2288 meum
1081 2258 1158 2302 per
1189 2259 1234 2288 os
1259 2246 1415 2287 tuum?
1441 2262 1460 2284 η

80 2319 301 2376 Tanquam
332 2316 520 2370 diceret,
542 2318 718 2359 Frustra
743 2316 825 2359 hoc
845 2315 966 2369 sacis,
990 2323 1202 2373 quantum
1228 2314 1280 2357 ad
1308 2323 1346 2356 te
1369 2313 1465 2357 atti-

76 2396 169 2440 net,
190 2403 279 2431 non
298 2387 378 2430 tibi
398 2386 574 2445 prodest
593 2407 604 2442 3
632 2387 713 2429 hoc
737 2385 815 2428 tibi
835 2385 888 2428 ad
906 2384 1120 2443 judicium
1151 2383 1460 2438 damnationis,

75 2472 165 2501 non
188 2456 242 2500 ad
264 2457 464 2499 meritum
489 2455 636 2499 salutis
653 2454 827 2498 valebit.
854 2457 1166 2497 Verumtamen
1189 2453 1223 2496 si
1245 2454 1369 2497 ctiam
1392 2453 1465 2497 tati

79 2537 305 2587 peccatore
323 2535 525 2570 narrante
541 2525 872 2585 justificationes
890 2525 988 2577 Dei,
1025 2533 1067 2568 et
1098 2533 1342 2569 assumente
1377 2534 1462 2569 tes-

129 2620 134 2634 ·
161 2612 239 2644 l‘saiv
261 2622 344 2649 un,
370 2612 416 2643 15.

215 2677 402 2706 cxxxix.
1229 2663 1276 2700 ἑί
