1825 3264
332 269 415 308 436
769 274 802 304 3.
838 275 1068 303 mensum
1101 277 1282 303 Emscorl
1315 276 1320 280 ”

387 343 521 387 LXV.
556 343 669 386 Ecce
684 342 774 401 jam
796 355 885 385 non
902 339 1001 385 dico
1014 376 1025 395 ,
1051 341 1084 384 si
1101 339 1446 400 persecutionem
1463 338 1604 385 facere
1624 355 1714 385 non

328 414 445 468 licet,
484 410 586 456 fecit
608 413 804 471 QOptatus
837 433 848 470 3
875 426 930 455 ne
960 410 1104 455 adhuc
1135 410 1253 455 dicas
1290 425 1380 455 non
1409 411 1625 469 pertinere
1659 409 1714 455 ad

328 494 507 539 vestros,
527 483 745 544 quidquid
767 484 951 543 Optatus
969 483 1027 526 eis
1043 481 1345 542 ignorantibus
1367 480 1469 526 fecit
1487 503 1498 540 3
1516 497 1617 527 cum
1634 482 1716 542 ipsi

327 556 470 600 dicere
492 569 580 598 non
603 554 857 613 permittant
876 563 1008 598 terras
1032 554 1087 597 ab
1111 551 1255 597 Africa
1278 552 1581 597 remotissimas
1597 587 1608 607 ,
1634 552 1716 612 Qui

327 626 558 672 traditores
586 627 631 669 in
655 624 799 670 Africa
821 624 1006 679 fuerint,
1033 623 1139 684 quid
1154 623 1256 667 mali
1272 623 1366 667 Afri
1389 623 1579 683 episcopi
1601 624 1718 668 lece-

326 699 414 742 rint
426 698 694 756 ignoramus:
709 695 782 740 sed
798 695 924 755 plane
935 695 1050 749 dico,
1062 696 1095 739 si
1108 695 1454 755 persecutionem
1473 694 1614 739 facere
1628 710 1717 739 non

323 768 425 813 licet
439 804 450 823 ,
472 768 602 812 vestri
623 768 1032 812 Maximianensibus
1049 803 1058 821 ,
1084 767 1140 810 ita
1169 776 1218 810 ut
1240 782 1328 811 non
1351 766 1518 826 possitis
1541 780 1714 824 negare,

326 839 540 884 fecerunt.
557 840 598 883 Si
617 839 960 898 persecutionem
977 839 1052 897 qui
1076 838 1302 896 patiuntur
1320 837 1574 880 innocentes
1597 845 1713 890 sunt,

326 910 436 969 passi
465 919 567 953 sunt
588 908 959 953 Maximianenses.
989 909 1214 968 Numquid
1235 917 1278 951 et
1297 923 1415 951 nnnc
1438 907 1636 951 dicturus
1655 922 1714 962 es,

327 1000 347 1022 «
373 980 599 1024 Basilicam
616 978 687 1023 vel
709 979 959 1038 speluncam
983 978 1233 1022 Maximiani
1255 977 1447 1036 populus
1469 977 1593 1021 nullo
1618 993 1718 1021 nos-

323 1060 492 1094 trorum
514 1058 691 1093 auctore
709 1048 920 1091 destruxit
942 1050 960 1090 P
987 1066 1005 1087 »
1031 1050 1293 1107 Quanquam
1317 1047 1350 1090 si
1372 1047 1496 1106 cujus
1519 1063 1717 1092 commu-

322 1121 465 1164 nionis
488 1121 617 1164 turba
636 1118 709 1162 illa
727 1117 859 1162 fuerit
877 1119 1139 1179 inquiratur,
1153 1122 1261 1173 (non
1275 1134 1297 1162 a
1310 1118 1461 1162 vestris
1479 1118 1716 1163 credantur

325 1191 519 1245 immissi,
541 1193 557 1248 )
576 1190 655 1249 ipsi
677 1190 947 1249 reperientur
970 1188 1150 1234 forsitan
1168 1190 1314 1243 vestri,
1335 1198 1411 1233 aut
1430 1199 1547 1234 certe
1566 1189 1720 1235 vestris

324 1260 572 1321 adjuvando
597 1260 811 1319 permixti.
841 1260 925 1304 Sed
949 1259 1057 1318 quid
1081 1259 1136 1304 ad
1160 1261 1270 1303 nos?
1292 1259 1545 1318 Respondes
1568 1260 1683 1303 enim
1705 1278 1714 1305 t

324 1335 422 1377 Non
440 1331 638 1386 fecimus,
665 1347 753 1376 non
771 1331 1043 1385 immisimus,
1064 1331 1240 1391 quinam
1261 1330 1323 1375 illi
1342 1331 1523 1376 luerunt
1545 1331 1720 1390 ignora-

325 1417 422 1446 mus
446 1422 455 1447 :
481 1402 825 1462 persecutionem
846 1411 990 1445 tamen
1014 1418 1037 1445 a
1059 1402 1412 1461 quibuscumque
1429 1417 1599 1461 passum
1618 1417 1717 1446 eum

325 1489 457 1534 quem
477 1473 624 1518 fateris
643 1473 871 1532 injustum,
900 1474 1108 1532 quoniam
1132 1473 1245 1518 clara
1262 1489 1327 1518 res
1342 1483 1429 1531 est,
1453 1489 1500 1517 ea
1524 1489 1622 1533 quae
1643 1489 1720 1532 pa-

328 1545 492 1599 timini,
522 1559 598 1589 vos
612 1545 750 1603 justos
775 1542 1073 1588 demonstrare
1088 1559 1173 1588 non
1197 1553 1390 1603 possunt.
1413 1543 1495 1589 Sed
1512 1560 1533 1587 a
1559 1543 1720 1604 quibus

327 1615 457 1658 etiam
466 1614 825 1658 Maximianenses
836 1615 1179 1673 persecutionem
1195 1615 1303 1674 passi
1315 1623 1430 1667 sunt,
1443 1615 1719 1674 proconsula-

330 1685 394 1728 ria
409 1694 526 1743 gesta
544 1693 771 1728 testantur.
794 1686 997 1729 Instructi
1014 1694 1115 1728 sunt
1129 1685 1342 1735 advocati,
1359 1684 1658 1744 aditajudicia,
1676 1694 1721 1729 et

327 1764 536 1814 tanquam
554 1755 597 1797 in
611 1755 836 1798 haereticos
852 1756 1048 1798 excitata.
1068 1754 1135 1797 llli
1154 1756 1233 1798 sibi
1251 1756 1476 1799 tuitionem
1496 1756 1718 1815 possiden-

328 1826 444 1869 tibus
461 1824 755 1884 postulabant.
778 1823 1038 1883 Allcgabant
1059 1827 1186 1869 vestri
1210 1827 1443 1883 Bagaiense
1465 1826 1714 1880 concilium,

327 1904 371 1939 et
397 1895 623 1939 damnatos
654 1895 911 1954 flagitabant
940 1896 1068 1939 sacris
1098 1896 1263 1939 aedibus
1294 1895 1416 1955 pelli,
1441 1897 1683 1940 instabatur
1703 1932 1713 1951 ,

328 1965 443 2010 dicta
457 1982 585 2011 causa
608 1975 696 2019 est,
716 1982 814 2010 cum
831 1982 881 2011 eo
895 1976 1106 2025 praesente
1125 1967 1316 2011 Salvium
1331 1968 1717 2012 Membresitanum

326 2037 579 2080 haereticum
599 2035 844 2081 ostendistis
857 2072 867 2090 ,
887 2037 1047 2081 vicistis
1063 2072 1073 2090 ,
1099 2037 1336 2096 expulistis.
1365 2038 1715 2082 Persecutionem

327 2107 459 2164 igitur
481 2105 576 2151 illos
608 2122 751 2165 passos
779 2122 868 2151 esse
890 2143 899 2159 ‚
924 2122 999 2151 vos
1022 2107 1171 2151 fecisse
1200 2108 1340 2151 video.
1367 2110 1512 2153 Justos
1539 2123 1714 2169 quaero,

327 2192 403 2221 vos
445 2193 534 2221 esse
566 2178 819 2236 perhibetis.
846 2180 937 2235 Ego
973 2177 1189 2223 concludo
1216 2198 1223 2221 ε
1256 2181 1352 2223 Non
1374 2194 1474 2237 ergo
1511 2181 1587 2239 qui
1622 2195 1715 2223 eam

327 2248 491 2308 patitur
523 2258 839 2309 consequenter
862 2249 1018 2308 justus,
1054 2264 1133 2293 nec
1167 2248 1243 2307 qui
1272 2248 1375 2293 facit
1401 2259 1717 2310 consequenter

329 2318 516 2378 injustus
538 2328 618 2363 est.

386 2391 542 2432 LXVI.
566 2391 632 2432 Tu
649 2403 796 2433 rursus
814 2398 923 2432 artes
941 2388 1187 2433 dialecticas
1209 2390 1430 2434 accusabis
1452 2410 1459 2434 :
1483 2405 1551 2434 me
1569 2399 1714 2434 tamen

328 2472 477 2501 verum
503 2459 646 2503 dicere
668 2459 818 2503 saltem
856 2460 1010 2503 tacitus
1040 2459 1301 2518 approbabis
1319 2494 1328 2512 ,
1361 2469 1404 2503 et
1427 2459 1555 2518 eliges
1593 2469 1713 2503 tuam

328 2529 587 2572 sententiam
608 2530 750 2587 potius
777 2531 990 2586 corrigere
1009 2564 1018 2580 ,
1040 2546 1124 2588 qua
1144 2530 1308 2573 nullam
1326 2531 1484 2589 justam
1508 2546 1715 2589 persecu-

329 2597 488 2641 tionem
525 2614 613 2641 esse
635 2599 774 2643 dixisti
798 2635 806 2652 ,
834 2615 965 2658 quam
995 2600 1394 2644 Maximianensium
1421 2610 1713 2659 persecutores
