1825 3264
330 225 411 263 328
760 238 791 262 ⁵.
829 235 1057 263 Aucus’nm
1094 237 1269 264 emseopi

326 301 614 344 intentionem
649 309 768 343 tuam
795 320 804 344 ι
840 319 857 341 (ι
887 302 1029 344 Unum
1071 304 1205 344 Deum
1234 315 1322 344 esse
1341 336 1351 355 ,
1385 316 1515 346 unam
1544 301 1675 346 fidem
1693 336 1704 356 ‚

326 385 465 415 unum
495 370 722 429 baptisma,
743 385 875 413 unam
897 371 1191 429 incorruptam
1217 380 1259 414 et
1276 370 1532 415 catholicam
1557 371 1708 415 Eccle-

322 441 443 484 siam.
475 458 493 480 »
519 442 627 492 Quae
645 455 745 484 cum
768 441 880 485 inter
901 456 978 485 nos
1002 441 1279 496 conveniant,
1295 449 1420 501 putas
1442 455 1492 485 ex
1510 441 1578 485 his
1598 440 1710 485 illud

322 510 443 571 quod
466 526 556 555 non
586 512 790 556 convenit
823 528 946 572 posse
970 512 1227 565 monstrari,
1264 512 1381 572 apud
1413 528 1484 557 eos
1513 513 1588 572 qui
1620 527 1711 557 non

321 591 421 627 sunt
442 583 486 626 in
510 584 591 628 hac
613 599 699 628 una
733 584 923 629 Ecclesia
941 620 951 639 ,
979 585 1062 628 hoc
1087 599 1225 628 unum
1259 584 1470 642 baptisma
1502 598 1591 628 esse
1621 599 1712 628 non

321 668 459 713 posse.
476 656 567 711 Ego
585 663 730 699 autem
754 655 851 699 dico
869 670 1008 713 posse,
1034 655 1067 698 si
1091 670 1180 699 non
1202 663 1412 709 mutatur,
1444 654 1477 698 si
1499 654 1582 698 hoc
1595 652 1711 698 idem

321 724 598 782 observatur,
614 740 694 769 nec
715 725 814 769 ideo
829 725 920 769 fieri
937 734 987 769 ut
1009 740 1096 769 non
1119 726 1173 769 sit
1195 740 1332 769 unum
1356 718 1585 784 baptisma,
1609 725 1712 784 quia
1763 762 1772 767 .
1824 745 1825 749 ¹

321 803 385 838 est
406 803 450 838 et
469 793 586 853 apud
603 794 698 838 illos
719 795 793 855 qui
817 796 862 839 in
885 811 971 839 una
993 810 1081 839 non
1104 804 1206 839 sunt
1227 794 1433 839 Ecclesia.
1452 797 1544 839 Hoc
1567 802 1713 838 autem

321 865 460 925 probo
486 880 536 908 ex
560 866 625 909 his
646 882 745 925 quae
765 867 810 910 in
832 865 981 910 eadem
1004 866 1215 910 sententia
1241 865 1417 925 posuisti
1440 864 1494 908 de
1516 880 1605 909 uno
1624 867 1714 909 Deo

321 945 364 980 et
387 951 473 979 una
496 935 596 979 fide.
626 937 878 981 Invenimus
912 939 1027 980 enim
1059 936 1209 980 eadem
1243 939 1382 980 Deum
1412 945 1528 980 extra
1558 934 1713 980 Eccle-

321 1005 376 1049 ab
398 1005 699 1063 ignorantibus
725 1005 808 1050 coli
826 1041 836 1060 ,
863 1021 942 1049 nec
966 1005 1064 1049 ideo
1086 1006 1178 1049 fieri
1200 1015 1247 1049 ut
1266 1021 1356 1049 non
1378 1006 1468 1064 ipse
1487 1005 1540 1049 sit
1563 1007 1677 1048 Deus
1700 1024 1712 1061 3

321 1083 363 1118 et
377 1074 508 1118 fidem
532 1090 619 1133 qua
640 1075 832 1120 creditur
849 1076 1070 1121 Christum
1087 1090 1177 1119 esse
1195 1075 1356 1118 Filium
1377 1075 1452 1119 Dei
1470 1075 1574 1129 vivi,
1599 1075 1715 1119 inve·

322 1145 465 1189 nimus
489 1145 618 1190 etiam
637 1161 708 1190 eos
734 1147 809 1206 qui
842 1162 930 1191 non
953 1147 1171 1205 pertinent
1193 1145 1247 1190 ad
1267 1146 1461 1190 membra
1483 1144 1713 1200 Ecclesiae,

322 1215 537 1270 confiteri,
553 1232 633 1260 nec
650 1216 748 1261 ideo
770 1217 865 1260 fieri
881 1225 930 1260 ut
954 1233 1042 1260 non
1065 1217 1119 1261 sit
1136 1232 1222 1260 una
1241 1215 1362 1261 fides.
1378 1216 1446 1261 Sic
1468 1217 1598 1260 etiam
1615 1230 1716 1260 cum

322 1286 569 1330 invenimus
597 1287 800 1330 eumdem
825 1287 1089 1346 baptismum
1119 1286 1172 1330 ab
1192 1287 1250 1330 eis
1271 1287 1348 1347 qui
1370 1296 1470 1331 sunt
1490 1295 1608 1330 extra
1629 1288 1717 1330 Ec·-

323 1356 495 1401 clesiam
514 1358 558 1400 in
579 1358 847 1416 baptizandis
868 1359 1120 1402 hominibus
1142 1359 1377 1412 observari,
1399 1373 1488 1402 non
1509 1357 1608 1402 ideo
1626 1372 1717 1402 non

325 1442 413 1470 esse
436 1428 579 1486 ipsum
602 1428 866 1487 baptismum
891 1429 1132 1473 existimare
1154 1428 1379 1473 debemus.

383 1499 590 1541 XXXIV.
610 1501 807 1542 Fortasse
830 1498 882 1543 ad
902 1500 984 1543 hoc
1001 1499 1133 1554 dicas,
1150 1499 1242 1543 fieri
1259 1514 1348 1543 non
1371 1513 1494 1558 posse
1515 1507 1566 1542 ut
1587 1498 1718 1542 etiam

327 1576 444 1611 extra
467 1567 699 1612 Ecclesiam
722 1568 837 1612 idem
864 1570 954 1627 ipse
981 1586 1094 1614 unus
1117 1573 1230 1614 Deus
1254 1570 1437 1624 colatur,
1463 1579 1538 1613 aut
1565 1568 1716 1613 eadem

328 1637 435 1681 fides
462 1654 549 1696 qua
580 1639 840 1682 confitemur
863 1640 1083 1683 Christum
1112 1640 1270 1684 Filium
1296 1641 1399 1695 Dei,
1426 1640 1544 1684 unde
1567 1642 1720 1683 Petrus

330 1709 481 1752 beatus
505 1709 833 1767 estappellatus,
851 1712 980 1754 ctiam
995 1711 1038 1753 in
1055 1712 1114 1754 eis
1134 1712 1210 1770 qui
1227 1727 1316 1757 non
1330 1720 1435 1755 sunt
1450 1711 1494 1754 in
1509 1709 1716 1763 Ecclesia,

328 1779 583 1837 reperiatur.
613 1782 704 1822 Hoc
726 1795 828 1838 ergo
857 1789 986 1824 restat
1005 1790 1046 1824 ut
1077 1781 1273 1839 probem.
1302 1782 1443 1824 Habes
1460 1781 1504 1823 in
1520 1781 1604 1824 hoc
1626 1780 1720 1839 ipso

330 1849 446 1892 beati
466 1849 587 1893 Pauli
610 1864 822 1904 sermone,
840 1866 970 1910 quem
992 1866 1121 1909 supra
1139 1866 1189 1894 ex
1211 1851 1391 1895 Actibus
1411 1849 1721 1910 Apostolorum

332 1921 693 1974 commemoravi,
719 1936 819 1965 cum
845 1922 898 1965 de
925 1924 1010 1966 Deo
1032 1921 1285 1982 loqueretur
1302 1957 1312 1976 ,
1338 1922 1440 1981 quia
1463 1921 1721 1980 inscriptum

332 1990 377 2033 in
393 2005 463 2033 ara
476 1990 698 2034 invenerat
712 2010 749 2034 z«
768 1995 921 2049 Ignoto
944 1995 1032 2036 Deo
1046 2012 1053 2036 :
1067 1997 1203 2045 Quem
1224 2008 1314 2047 vos,
1337 1991 1495 2051 inquit,
1516 1991 1721 2050 ignoran-

337 2078 357 2100 »
376 2069 438 2104 tes
461 2061 619 2116 colitis,
640 2062 758 2106 hunc
783 2078 864 2121 ego
886 2063 1101 2107 annuntio
1125 2063 1249 2107 vobis
1267 2066 1297 2106 ¹.
1323 2061 1572 2122 »Numquid
1590 2060 1718 2114 dixit,

334 2131 435 2189 quia
456 2140 572 2175 extra
596 2132 832 2176 Ecclesiam
855 2132 1011 2188 colitis,
1032 2149 1120 2177 non
1141 2142 1203 2177 cst
1227 2136 1340 2177 Deus
1361 2134 1450 2192 ipse
1467 2147 1597 2192 quem
1621 2130 1724 2175 coli-

337 2202 419 2244 tis?
441 2201 516 2245 sed
539 2203 596 2246 ait
624 2223 631 2246 :
661 2222 680 2244 a
703 2206 842 2256 Quem
865 2219 940 2248 vos
962 2204 1207 2262 ignorantes
1230 2203 1383 2257 colitis,
1403 2204 1519 2246 hunc
1541 2217 1621 2260 ego
1641 2216 1722 2245 an-

339 2291 359 2314 »
378 2273 533 2317 nuntio
551 2272 840 2326 vobis.»Quid
853 2275 911 2317 eis
927 2283 1129 2332 praestare
1147 2274 1341 2333 cupiens,
1359 2273 1439 2316 nisi
1454 2280 1503 2316 ut
1519 2270 1722 2315 eumdem

337 2346 492 2398 Deum,
511 2359 642 2403 quem
659 2353 816 2403 praeter
834 2344 1069 2388 Ecclesiam
1088 2345 1336 2402 ignoranter
1359 2352 1489 2403 atque
1511 2341 1724 2386 inutiliter

338 2413 555 2469 colebant,
578 2414 623 2458 in
647 2415 836 2459 Ecclesia
863 2416 1079 2475 sapienter
1096 2424 1139 2459 ct
1159 2414 1388 2459 salubriter
1406 2412 1599 2457 colerent
1619 2413 1636 2455 P
1658 2414 1723 2456 Ita

339 2484 462 2528 vobis
492 2495 535 2529 et
569 2501 646 2530 nos
674 2487 886 2543 dicimus,
920 2502 1050 2547 quem
1086 2487 1351 2545 baptismum
1377 2499 1452 2530 vos
1479 2485 1723 2542 ignorantes

395 2576 400 2591 ¹
431 2569 504 2601 Act.
525 2581 603 2611 xvn,
623 2571 676 2602 23.
