1825 3264
272 243 435 274 com-na
465 245 731 273 cruzscomuu
763 244 1051 288 notu-nsum,
1085 248 1168 276 mn.
1203 249 1252 275 11.
1377 237 1462 277 375

81 312 187 356 siam
215 310 502 355 redeuntibus
534 309 792 369 gratulatur.
832 330 853 354 «
877 301 985 358 Nam
1016 322 1060 358 et
1086 313 1120 358 si
1148 312 1369 370 videntur,
1390 314 1460 359 in-

80 382 193 441 quit,
226 381 272 426 in
304 380 495 426 Ecclesia
525 396 616 426 esse
650 380 825 437 zizania,
869 398 959 427 non
989 392 1136 428 tamen
1166 383 1364 443 impediri
1385 383 1463 428 de-

80 451 156 497 bet
187 461 264 497 aut
297 452 403 497 fides
431 461 507 497 aut
541 451 729 497 charitas
760 462 906 498 nostra
927 488 938 508 ,
979 463 1030 498 ut
1058 455 1264 514 quoniam
1306 455 1465 500 zizania

80 537 170 566 esse
205 523 251 566 in
287 522 479 567 Ecclesia
512 523 744 578 cernimus,
783 523 863 582 ipsi
897 523 950 567 de
979 524 1170 569 Ecclesia
1194 526 1461 571 recedamus.

79 593 212 639 Nobis
235 594 543 639 tantummodo
567 593 859 638 laborandum
887 604 967 651 est,
999 604 1048 638 ut
1076 595 1345 653 frumentum
1378 612 1467 641 esse

79 663 319 723 possimus3
358 673 407 708 ut
435 679 537 708 cum
573 664 756 724 coeperit
788 662 1056 709 frumentum
1101 666 1336 711 Dominicis
1368 666 1468 711 hor-

80 733 160 778 reis
181 733 328 788 condi‚
356 732 554 779 fructum
578 750 656 794 pro
679 749 808 794 opere
826 744 974 780 nostro
996 744 1039 779 et
1060 734 1210 780 labore
1231 736 1466 796 capiamus.

78 804 313 864 Apostolus
341 804 387 848 in
406 805 598 865 Epistola
620 821 697 850 sua
719 804 825 850 dicit
850 825 858 850 z
884 825 904 847 «
926 809 976 850 ln
994 805 1126 851 domo
1148 817 1294 851 autem
1314 823 1471 866 magna

81 891 102 916 n
127 889 218 919 non
244 873 386 919 solum
415 890 515 920 vasa
541 884 644 920 sunt
671 891 799 919 aurea
833 886 877 920 et
897 885 1100 934 argentea
1119 911 1131 932 ‚
1157 877 1231 920 sed
1254 886 1298 920 et
1329 877 1473 935 lignea

79 962 100 987 »
125 954 168 989 et
185 945 356 1003 fictilia3
374 955 417 991 et
433 945 636 1006 quaedam
653 948 834 1006 quidem
853 948 1082 1002 honorata,
1103 947 1307 1008 quaedam
1322 958 1469 993 autem

79 1032 101 1057 »
126 1016 386 1061 inhonorata
404 1019 434 1061 ¹.
459 1035 479 1059 »
501 1020 587 1063 Nos
611 1033 784 1076 operam
814 1017 983 1072 demus,
1009 1027 1052 1062 et
1073 1028 1288 1078 quantum
1315 1034 1469 1077 possu-

75 1100 172 1130 mus
199 1086 447 1131 laboremus
466 1122 476 1142 ,
511 1097 561 1132 ut
582 1103 656 1132 vas
675 1103 853 1132 aureum
874 1097 918 1132 et
934 1098 1187 1146 argenteum
1208 1089 1357 1132 simus.
1379 1091 1469 1134 Cae-

75 1164 215 1200 terum
239 1157 386 1201 fictilia
404 1174 502 1202 vasa
520 1159 793 1216 confringere
815 1159 999 1202 Domino
1017 1156 1093 1202 soli
1112 1174 1363 1202 concessum
1383 1169 1465 1214 est,

75 1226 147 1270 cui
168 1227 287 1286 virga
307 1226 445 1272 ferrea
463 1227 564 1272 data
591 1232 696 1271 est‘2.
719 1231 821 1272 Esse
843 1244 930 1272 non
957 1238 1097 1287 potest
1120 1230 1257 1289 major
1280 1229 1468 1274 Domino

75 1311 154 1341 suo
186 1312 331 1342 servus
352 1300 398 1355 33
432 1313 575 1357 neque
604 1299 836 1357 quisquam
867 1300 945 1342 sibi
968 1300 1085 1359 quod
1111 1298 1190 1343 soli
1214 1297 1319 1343 Filio
1345 1302 1471 1343 Pater

75 1368 230 1412 tribuit
256 1369 478 1414 vindicare
504 1389 514 1414 ι
542 1379 591 1414 ut
615 1385 659 1414 se
682 1379 805 1428 putet
829 1380 904 1414 aut
926 1370 980 1414 ad
1004 1386 1144 1414 aream
1173 1369 1468 1414 ventilandam

75 1447 119 1483 et
154 1440 445 1498 purgandam,
482 1440 621 1500 palam
656 1440 767 1484 ferre
802 1441 891 1500 jam
919 1456 1059 1500 posse,
1097 1450 1173 1485 aut
1195 1457 1218 1483 a
1248 1440 1470 1485 frumento

74 1510 275 1554 universa
305 1511 464 1554 zizania
497 1511 692 1554 humano
731 1510 896 1570 judicio
929 1526 1141 1569 separare.
1182 1511 1377 1569 Superba
1407 1521 1471 1556 est

72 1581 151 1624 ista
167 1581 401 1625 obstinatio
418 1590 461 1625 et
477 1579 681 1639 sacrilega
700 1581 981 1640 praesumptio
999 1596 1130 1641 quam
1142 1581 1222 1625 sibi
1237 1581 1360 1626 furor
1374 1597 1467 1640 pra-

70 1666 150 1696 vus
181 1652 360 1696 assumit
385 1671 394 1696 :
422 1661 465 1696 et
488 1652 594 1695 dum
620 1652 701 1696 sibi
732 1667 900 1711 semper
918 1652 1098 1712 quidam
1118 1651 1214 1711 plus
1232 1667 1364 1711 quam
1389 1653 1468 1696 mi-

70 1722 122 1766 tis
151 1722 319 1781 justitia
349 1721 542 1781 deposcit
576 1732 828 1777 assumunt,
866 1723 920 1766 de
947 1721 1137 1767 Ecclesia
1167 1732 1385 1781 pereunt;
1425 1733 1468 1768 et

69 1793 176 1836 dum
199 1807 243 1836 se
259 1791 496 1837 insolenter
512 1792 728 1837 extollunt
747 1827 758 1847 ‚
783 1793 876 1852 ipso
898 1809 976 1838 suo
1000 1803 1170 1837 tumore
1189 1793 1340 1837 caecati
1358 1795 1467 1837 veri·

68 1864 168 1908 tatis
192 1863 343 1907 lumen
374 1864 596 1907 amittunt.
626 1883 645 1905 »
680 1863 824 1919 Vides,
858 1863 1007 1917 frater,
1043 1863 1284 1907 secundum
1316 1864 1464 1922 Scrip-

67 1943 186 1979 turas
219 1934 387 1979 divinas
416 1936 499 1979 hoc
525 1935 780 1993 praecepisse
807 1935 1094 1994 Cyprianum‚
1126 1935 1254 1977 etiam
1285 1943 1462 1992 propter

67 2004 204 2048 malos
228 2024 237 2049 ι
262 2005 337 2063 qui
365 2019 464 2048 cum
493 2005 579 2048 sint
601 2020 624 2048 a
654 2005 780 2048 bonis
801 2005 888 2049 vita
910 2004 1195 2064 moribusque
1215 2002 1462 2062 spiritaliter

67 2077 279 2135 separati,
309 2075 591 2135 corporaliter
613 2085 758 2120 tamen
782 2077 840 2120 eis
863 2077 905 2119 in
931 2075 1121 2120 Ecclesia
1142 2075 1350 2119 videntur
1370 2090 1463 2119 esse

66 2147 270 2206 permixti
302 2162 440 2206 usque
472 2147 516 2190 in
547 2145 662 2190 diem
690 2145 860 2206 judicii,
894 2162 982 2205 quo
1015 2146 1145 2190 etiam
1178 2144 1462 2204 corporaliter

67 2216 236 2262 debitas
269 2218 589 2277 separabuntur
613 2216 666 2261 ad
698 2232 865 2276 poenas.
891 2219 986 2261 Non
1019 2227 1082 2261 est
1118 2216 1309 2261 Ecclesia
1343 2217 1461 2259 dese-

66 2287 202 2332 renda
243 2296 454 2347 tanquam
495 2286 714 2332 frumenta
758 2296 936 2346 propter
972 2287 1143 2346 paleam
1178 2286 1245 2330 vel
1279 2286 1457 2338 zizania,

67 2366 275 2417 tanquam
286 2357 467 2402 domum
481 2373 682 2415 magnam
702 2367 878 2416 propter
898 2373 995 2400 vasa
1011 2357 1285 2400 inhonorata.
1307 2355 1454 2408 Vides,

67 2428 216 2483 audis,
247 2429 377 2472 sentis
396 2462 408 2482 ‚
436 2429 550 2486 capis
570 2463 581 2482 ‚
613 2426 815 2484 intelligis
836 2461 847 2479 ‚
884 2436 1051 2485 quanto
1087 2425 1246 2470 scelere
1282 2433 1458 2484 propter

66 2514 139 2544 eos
160 2498 238 2558 qui
259 2498 382 2542 vobis
404 2498 492 2542 sive
513 2507 629 2542 recte
649 2498 737 2542 sive
758 2511 859 2541 cum
881 2496 1082 2541 fallimini
1103 2495 1333 2556 displicent
1352 2529 1363 2550 ,
1387 2509 1457 2539 se-

118 2589 126 2605 ·
148 2590 168 2615 2
185 2581 266 2616 Tim.
285 2592 323 2624 n,
343 2590 451 2616 20.——
466 2588 478 2606 ²
497 2581 577 2616 Psal.
597 2592 636 2623 u,
651 2593 725 2623 9-
740 2580 754 2606 3
768 2583 860 2615 Joan.
881 2591 954 2619 xm,
975 2580 1024 2614 16.
