1825 3264
337 249 420 290 314
755 262 787 287 s.
825 258 1055 288 Λῖρις-[ιω
1089 261 1267 288 nrrscom

334 334 507 369 tantum
540 332 658 367 extra
683 322 917 368 Ecclesiam
933 359 944 378 ‚
969 323 1044 368 sed
1068 333 1184 368 extra
1202 338 1466 382 synagogam
1489 323 1713 383 disputans

335 409 435 438 cum
456 393 542 444 eis3
576 407 656 436 nec
678 408 828 438 eorum
853 395 1056 438 conviciis
1088 394 1312 437 exterritus
1344 393 1464 437 velut
1490 392 1585 438 lites
1608 409 1716 438 con-

336 464 637 522 tentionesque
672 463 895 508 declinans
926 480 948 508 a
976 462 1250 523 praedicanda
1276 463 1507 508 christiana
1537 464 1718 509 veritate

334 534 527 578 cessavit.
563 535 670 580 Nam
701 533 799 579 vide
828 533 935 593 quid
972 543 1287 593 consequenter
1321 543 1467 578 sancta
1498 534 1717 593 Scriptum

335 612 515 648 testatur
542 622 551 650 :
577 604 995 664 Apprehensumque
1028 620 1145 658 eum,
1165 605 1332 664 inquit,
1367 605 1413 648 in
1442 607 1718 663 Areopagum

334 673 570 728 duxerunt,
596 674 811 728 dicentes,
849 678 1080 719 Possumus
1103 675 1210 718 scire
1237 690 1335 734 quae
1358 675 1443 718 sint
1464 675 1557 718 haec
1578 689 1678 733 quae
1695 690 1719 719 a

334 753 376 787 te
389 744 597 788 dicuntur
618 762 626 788 ε
649 744 816 788 insueta
829 744 944 787 enim
963 744 1162 803 quaedam
1179 744 1306 788 affers
1324 744 1369 787 in
1384 759 1507 788 aures
1521 753 1687 788 nostras
1706 763 1715 790 ε

333 814 536 860 volumus
556 829 659 873 ergo
677 815 783 858 scire
805 814 1015 873 quidnam
1036 814 1172 859 velint
1194 816 1287 858 haec
1309 829 1413 858 esse.
1436 815 1718 859 Athenienses

334 893 477 928 autem
500 893 543 928 et
564 884 742 929 advenae
764 886 953 944 hospites
976 885 1030 929 ad
1054 885 1163 929 nihil
1185 885 1304 929 aliud
1327 885 1564 940 vacabant,
1586 899 1719 944 quam

334 954 477 999 dicere
493 955 594 999 novi
614 955 778 1014 aliquid
799 965 873 999 aut
890 956 1054 999 audire.
1079 958 1202 1000 Stans
1220 971 1322 999 vero
1340 955 1500 999 Paulus
1512 955 1556 998 in
1575 954 1720 998 medio

334 1026 561 1082 Areopago
578 1025 700 1078 dixit,
722 1025 812 1068 Viri
830 1026 1128 1080 Athenienses,
1149 1041 1226 1084 per
1244 1026 1390 1069 omnia
1408 1025 1722 1083 superstitiosos

333 1109 408 1137 vos
435 1094 562 1137 video
587 1114 594 1137 :
623 1093 931 1152 perambulans
965 1095 1081 1138 enim
1115 1104 1158 1139 et
1190 1093 1465 1139 considerans
1496 1094 1723 1138 simulacra

332 1173 489 1218 vestra,
515 1164 662 1207 inveni
687 1164 815 1208 etiam
839 1179 982 1220 aram,
1013 1165 1059 1209 in
1080 1181 1167 1225 qua
1193 1174 1286 1209 erat
1311 1166 1540 1224 scriptum,
1566 1168 1721 1223 Ignoto

334 1238 439 1279 Deo.
479 1237 621 1288 Quem
649 1250 750 1294 ergo
783 1236 1030 1294 ignorantes
1061 1235 1222 1291 colitis,
1253 1238 1372 1281 hunc
1400 1251 1479 1294 ego
1511 1236 1723 1281 annuntio

332 1306 480 1350 vobis¹
500 1325 509 1351 2
537 1315 579 1350 et
596 1315 750 1351 caetera
772 1322 872 1366 quae
900 1322 1239 1352 commemorare
1262 1307 1407 1351 omnia
1435 1306 1616 1366 longum
1639 1315 1720 1352 est.

337 1377 465 1430 Quod
486 1385 631 1421 tamen
654 1377 709 1420 ad
731 1379 1014 1436 quaestionem
1037 1393 1169 1437 quam
1193 1393 1311 1422 nunc
1333 1377 1604 1431 discutimus,
1627 1377 1722 1421 suf-

339 1446 452 1501 ficit,
480 1446 656 1490 attende
681 1447 860 1491 obsecro
880 1456 939 1501 te,
970 1447 1204 1491 Hebraeum
1230 1463 1281 1490 ex
1310 1447 1504 1491 Hebraeis
1535 1450 1724 1506 Aposto-

340 1516 431 1559 lum
457 1516 620 1561 Christi
639 1525 823 1561 stantem
846 1533 894 1561 ac
917 1519 1275 1562 sermocinantem
1291 1552 1301 1571 ,
1327 1532 1415 1561 non
1442 1517 1488 1560 in
1508 1531 1725 1575 synagoga

335 1587 359 1629 J
365 1586 609 1640 udaeorum,
635 1602 778 1646 neque
796 1588 841 1630 in
861 1587 1038 1631 ecclesia
1057 1588 1419 1642 Christianorum,
1437 1586 1508 1631 sed
1527 1587 1572 1630 in
1589 1590 1725 1631 Areo-

333 1672 446 1716 pago
468 1657 814 1711 Atheniensium,
839 1658 922 1701 hoc
945 1667 1024 1712 est,
1047 1659 1419 1702 contentiosorum
1442 1658 1626 1701 maxime
1642 1657 1724 1701 im-

334 1727 594 1786 piorumque
631 1727 896 1771 Graecorum.
933 1728 999 1770 Ibi
1035 1729 1150 1771 enim
1187 1727 1501 1786 loquacissimae
1531 1727 1723 1786 philoso-

333 1796 521 1854 phorum
545 1796 727 1840 haereses
749 1797 1000 1851 extiterunt,
1026 1812 1211 1857 quarum
1238 1797 1487 1851 nonnullae,
1513 1797 1622 1841 sicut
1642 1798 1723 1856 ipsi

334 1866 410 1924 qui
442 1866 512 1910 hic
551 1867 876 1910 commemorati
910 1876 1011 1911 sunt
1048 1867 1209 1922 Sto'l'ci,
1245 1867 1379 1925 magis
1406 1865 1460 1910 de
1488 1866 1722 1911 verborum
1754 1914 1757 1915 ⁷

335 1950 466 1994 quam
494 1935 548 1979 de
577 1951 722 1980 rerum
751 1935 1009 1981 adversitate
1032 1937 1277 1995 confligunt
1306 1955 1314 1981 :
1346 1936 1468 1996 quod
1489 1935 1723 1995 Apostolus

334 2006 556 2064 prohibuit
580 2006 879 2061 Timotheum,
907 2006 1055 2050 dicens
1083 2007 1139 2050 ad
1166 2005 1275 2050 nihil
1296 2021 1385 2049 esse
1407 2005 1538 2061 utile,
1563 2007 1645 2050 nisi
1668 2006 1723 2050 ad

335 2076 657 2120 subversionem
676 2075 986 2120 audientium2.
1010 2079 1117 2122 Nam
1139 2076 1193 2120 de
1213 2076 1300 2131 his,
1326 2085 1375 2120 ut
1397 2075 1526 2130 nosti,
1554 2074 1722 2119 Tullius

336 2146 395 2189 ait
422 2165 430 2190 z
455 2146 588 2189 Verbi
616 2147 731 2190 enim
764 2147 1056 2191 controversia
1079 2148 1169 2206 jam
1206 2145 1281 2190 diu
1314 2155 1492 2205 torquet
1527 2146 1723 2190 homines

336 2215 572 2270 Graeculos,
586 2217 877 2260 contentionis
889 2218 1134 2276 cupidiores
1153 2231 1286 2275 quam
1303 2215 1494 2260 veritatis
1506 2216 1538 2259 ³.
1555 2218 1643 2260 Hos
1659 2225 1724 2260 ta-

335 2300 436 2328 men
460 2285 618 2329 Paulus
648 2295 792 2329 noster
817 2285 1102 2345 alloquendos
1128 2286 1495 2344 corrigendosque
1516 2286 1719 2344 suscepit,

336 2370 415 2399 nec
432 2356 562 2415 ipsius
585 2355 667 2400 loci
690 2357 865 2400 nomine
882 2357 1110 2400 exterritus
1126 2391 1136 2411 ,
1163 2355 1280 2416 quod
1306 2371 1356 2399 ex
1374 2358 1511 2400 Marte
1532 2355 1721 2399 inditum

336 2435 532 2479 resonat,
565 2441 695 2484 quem
726 2428 863 2469 Deum
893 2426 1047 2470 dicunt
1070 2441 1158 2470 esse
1192 2425 1428 2479 bellorum,
1454 2425 1514 2468 ibi
1543 2425 1722 2484 pacifica

338 2494 564 2539 credituris
581 2496 822 2555 intrepidus
842 2495 1119 2557 loquebatur,
1141 2496 1201 2540 ibi
1220 2495 1487 2555 spiritalibus
1504 2495 1723 2540 accinctus

386 2584 392 2599 ¹
416 2579 490 2610 Act.
509 2589 586 2615 xvii,
610 2591 661 2622 19.
679 2596 720 2603 -—
733 2586 745 2602 ²
766 2588 785 2612 2
804 2581 885 2612 Tim.
901 2588 936 2621 n,
959 2580 1009 2621 14.
1026 2598 1067 2605 —-
1085 2579 1097 2604 3
1116 2580 1220 2613 Cicer.
1241 2579 1294 2612 lib.
1315 2590 1324 2611 1
1342 2580 1382 2612 de
1397 2580 1533 2612 Oratore
1554 2602 1561 2612 .
