1825 3264
341 263 424 302 330
772 274 804 299 s.
842 270 1070 300 marsum
1103 272 1284 300 triscori

338 339 440 383 inde
461 337 643 381 veniunt
671 337 924 396 corrigimus
957 357 965 382 ε
991 353 1089 398 quae
1110 353 1213 382 vero
1237 338 1345 382 sicut
1374 347 1634 398 acceperunt
1653 348 1722 384 te·

339 417 552 461 nuerunt,
573 408 846 466 agnoscimus
866 397 908 452 et
931 409 1167 466 probamus
1181 443 1191 461 ,
1214 423 1268 451 ne
1289 409 1495 452 commoti
1520 410 1721 455 humanis

336 477 449 521 vitiis
471 476 584 521 ultra
608 478 839 538 justitiam,
870 476 1077 522 faciamus
1112 476 1245 522 ullam
1267 477 1424 522 divinis
1450 479 1580 523 rebus
1598 480 1720 540 inju-

336 548 442 592 riam
460 567 469 594 :
488 563 588 592 cum
604 557 648 593 et
663 549 919 608 Apostolum
942 550 1165 593 videamus
1179 549 1306 592 etiam
1322 548 1368 593 in
1384 563 1455 594 ara
1471 548 1715 608 gentilium,

335 633 358 662 a
380 618 538 678 quibus
560 618 676 663 idola
697 619 966 674 colebantur,
1003 620 1079 663 Dei
1108 634 1267 663 nomen
1296 619 1522 664 inventum
1555 621 1718 665 confir-

335 704 472 734 masse
493 690 637 749 potius
666 706 797 750 quam
830 706 1019 748 negasse.
1046 693 1197 750 Neque
1224 690 1338 735 enim
1370 700 1598 753 propterea
1620 707 1720 737 mu-

336 761 495 804 tandus
514 760 583 804 vel
605 761 918 820 improbandus
940 770 1004 805 est
1027 761 1169 819 regius
1191 761 1414 805 character
1449 761 1494 805 in
1524 762 1716 819 homine,

334 830 368 873 si
386 831 540 874 erroris
554 832 620 874 sui
646 831 815 875 veniam
839 840 882 874 et
904 830 1119 875 militandi
1137 831 1332 875 ordinem
1356 847 1380 875 a
1402 845 1504 890 rege
1521 831 1723 890 impetra-

333 901 457 955 verit,
482 902 585 960 quia
607 902 811 945 eumdem
832 903 1123 946 characterem
1156 916 1246 960 quo
1280 901 1362 944 sibi
1391 901 1595 946 satellites
1615 917 1723 947 con-

334 981 556 1029 gregaret,
592 971 785 1016 desertor
819 973 980 1028 infixit,
1011 980 1087 1015 aut
1115 980 1344 1029 propterea
1371 971 1487 1028 signa
1512 971 1722 1017 mutanda

333 1051 434 1084 sunt
455 1042 631 1094 ovibus,
658 1057 759 1085 cum
793 1042 1020 1085 Dominico
1048 1043 1165 1099 gregi
1189 1041 1424 1096 sociantur,
1444 1041 1546 1101 quia
1564 1043 1624 1086 eis
1641 1045 1722 1087 Do·

330 1111 535 1154 minicum
554 1112 723 1169 signum
746 1112 954 1170 fugitivus
976 1127 1122 1156 servus
1140 1112 1368 1172 impressit.

390 1183 594 1226 XXXVI.
621 1181 749 1236 Quod
768 1198 802 1226 si
825 1183 918 1226 haec
941 1191 1151 1242 tanquam
1173 1182 1431 1242 decipientia
1458 1179 1716 1237 formidatis,

332 1253 433 1311 quia
477 1268 568 1297 non
592 1264 694 1298 sunt
719 1253 1003 1299 ecclesiastica
1032 1253 1244 1313 exempla,
1276 1257 1563 1314 (quanquam
1595 1254 1722 1299 etde

332 1322 491 1366 ovibus
506 1332 549 1367 ct
566 1323 621 1367 de
636 1323 847 1368 militibus
865 1323 985 1369 datas
1000 1339 1090 1368 esse
1106 1324 1151 1367 in
1172 1324 1402 1382 Scripturis
1417 1323 1722 1369 similitudines

332 1393 538 1436 noveritis
564 1412 572 1437 :
600 1395 617 1451 )
638 1394 990 1453 propheticarum
1016 1394 1361 1453 scripturarum,
1390 1409 1490 1454 quae
1514 1393 1723 1439 dicuntur

333 1463 498 1506 Veteris
519 1464 795 1517 Testamenti,
821 1463 921 1508 volo
943 1464 1105 1524 aliquid
1127 1465 1295 1520 dicere,
1313 1466 1522 1524 quoniam
1543 1465 1588 1508 in
1609 1464 1720 1509 Novi

334 1534 596 1577 Testamenti
620 1533 741 1578 libris
759 1550 839 1578 nec
859 1550 882 1578 a
898 1535 1026 1579 nobis
1044 1549 1124 1578 nec
1146 1550 1168 1578 a
1186 1536 1308 1579 vobis
1329 1535 1388 1578 rei
1402 1535 1533 1594 hujus
1553 1535 1720 1579 inveni-

334 1612 408 1646 tur
438 1604 700 1662 exemplum.
732 1605 1115 1650 Circumcisionem
1138 1614 1254 1649 certe
1285 1605 1488 1664 praeputii
1515 1606 1559 1648 in
1580 1605 1722 1664 figura

335 1672 473 1717 futuri
488 1675 690 1733 baptismi
714 1677 873 1720 Christi
891 1677 946 1719 ab
959 1676 1426 1735 antiquisobservatam
1441 1691 1531 1720 esse
1547 1691 1720 1734 negare,

334 1753 384 1788 ut
401 1745 602 1800 arbitror,
628 1761 718 1790 non
735 1747 918 1790 audetis.
945 1746 1169 1806 Numquid
1192 1745 1307 1805 apud
1331 1747 1620 1791 Samaritanus
1634 1747 1721 1791 cir-

331 1816 569 1869 cumcisus,
597 1816 630 1860 si
656 1817 747 1860 fieri
776 1826 882 1861 tunc
905 1816 1036 1861 vellet
1060 1820 1083 1861 J
1089 1817 1262 1870 udaeus,
1288 1826 1432 1875 posset
1453 1817 1610 1860 iterum
1634 1818 1720 1862 cir-

330 1886 547 1930 cumcidi?
564 1889 718 1931 Nonne
740 1886 854 1932 illius
883 1888 1070 1932 hominis
1100 1903 1219 1932 error
1239 1887 1548 1945 corrigeretur,
1579 1888 1723 1945 signa-

330 1956 478 2000 culum
515 1966 659 2001 autem
698 1957 798 2001 fidei
830 1958 1025 2017 agnitum
1063 1958 1355 2017 probaretur?
1377 1960 1433 2001 Et
1463 1972 1582 2001 nunc
1619 1966 1722 2003 sunt

331 2027 507 2086 quidam
523 2028 715 2072 haeretici
737 2029 813 2088 qui
831 2044 875 2073 se
895 2031 1136 2073 Nazarenos
1147 2036 1303 2072 vocant
1318 2062 1328 2081 ‚
1350 2043 1372 2071 a
1395 2026 1617 2072 nonnullis
1638 2043 1720 2071 au-

330 2106 419 2140 tem
446 2099 766 2154 Symmachiani
792 2099 1088 2158 appellantur,
1105 2109 1146 2143 et
1164 2098 1536 2143 circumcisionem
1556 2099 1720 2143 habent

333 2167 587 2212 Judaeorum
632 2179 674 2214 et
706 2171 969 2229 baptismum
1010 2171 1356 2214 Christianorum
1396 2189 1404 2213 ε
1444 2185 1493 2214 ac
1529 2185 1604 2228 per
1634 2170 1719 2215 hoc

337 2239 711 2297 quemadmodum
734 2241 767 2283 si
790 2242 886 2300 quis
906 2256 1057 2284 eorum
1077 2240 1130 2284 ad
1144 2242 1318 2284 Judaeos
1339 2240 1519 2293 venerit,
1540 2255 1628 2283 non
1645 2255 1719 2298 po-

333 2318 415 2353 test
433 2311 591 2354 iterum
612 2311 885 2367 circumcidi,
902 2313 959 2355 sic
981 2327 1079 2356 cum
1100 2311 1154 2355 ad
1172 2327 1248 2355 nos
1272 2311 1463 2364 venerit,
1482 2326 1571 2355 non
1588 2310 1721 2356 debet

332 2380 490 2424 iterum
514 2381 737 2440 baptizari.
774 2383 931 2426 Adhuc
951 2381 1110 2426 dicturi
1146 2383 1265 2435 estis,
1292 2380 1424 2425 Aliud
1445 2389 1509 2425 est
1530 2382 1718 2425 circum-

332 2451 434 2494 cisio
474 2452 727 2497 Judaeorum
744 2488 754 2507 ,
796 2453 914 2496 aliud
947 2453 1187 2512 baptismus
1222 2452 1582 2497 Christianorum.
1630 2449 1715 2496 Sed

333 2534 432 2563 cum
456 2521 529 2564 illa
551 2523 707 2566 umbra
730 2522 860 2567 fuerit
882 2524 1010 2583 hujus
1044 2523 1257 2577 veritatis,
1283 2537 1361 2567 cur
1381 2521 1454 2566 illa
1487 2521 1718 2566 circumci-

334 2590 395 2634 sio
429 2599 471 2634 ct
494 2591 611 2650 apud
633 2593 856 2638 haereticos
884 2593 1139 2639 Judaeorum
1169 2608 1258 2638 esse
1282 2592 1447 2651 potuit,
1471 2592 1551 2636 iste
1572 2599 1716 2636 autem
