1825 3264
361 187 444 228 194
785 197 819 223 s.
855 192 1086 224 Atets'nm
1119 194 1301 222 Emscom

351 263 605 309 manifestus
626 260 767 305 bonus
788 269 853 305 est
873 295 885 316 ,
913 275 1016 306 cum
1037 270 1183 305 autem
1207 257 1406 304 occultus
1432 258 1570 303 homo
1602 258 1746 304 malus

353 342 433 387 est,
458 330 666 391 quoniam
687 345 778 376 non
798 329 933 376 habet
963 329 1273 376 conscientiam
1297 337 1444 374 sancte
1465 327 1632 383 dantis,
1657 343 1749 373 non

349 404 439 463 jam
463 402 568 461 ipse,
590 401 667 446 sed
683 405 794 446 Deus
816 410 892 447 aut
905 401 1099 460 Angelus
1116 399 1275 454 abluit,
1297 399 1488 444 sanctius
1504 398 1750 458 justifican-

358 481 430 516 tur
451 472 527 532 qui
543 473 819 532 baptizantur
841 471 896 517 ab
909 471 1090 517 occultis
1111 469 1252 524 malis,
1274 484 1405 530 quam
1429 469 1504 530 qui
1524 469 1750 528 baptizari-
1775 487 1796 506 ν

358 552 429 587 tur
451 560 474 588 a
496 541 734 588 manifestis
764 543 904 588 bonis.
931 545 1039 596 Quae
1069 541 1284 586 sententia
1306 541 1339 584 si
1374 541 1499 585 vobis
1524 539 1746 599 displicet,

356 614 562 674 quoniam
602 629 748 658 revera
780 612 1009 672 displicere
1045 612 1250 657 omnibus
1284 609 1417 654 debet
1449 631 1460 668 ·,
1495 609 1571 655 illa
1608 609 1750 655 tollite

354 683 471 727 unde
489 685 696 738 nascitur,
715 683 788 728 illa
807 683 1006 741 corrigite
1022 682 1140 726 unde
1163 681 1372 740 religatur
1399 698 1408 725 z
1431 679 1506 725 illa
1524 680 1640 724 enim
1658 695 1749 726 non

353 754 625 812 praecedant,
644 763 687 798 et
704 753 785 798 ista
806 769 896 798 non
919 752 1134 813 sequitur.

411 827 526 868 LIX.
547 825 690 870 Nolite
710 825 858 885 itaque
879 823 1023 868 dicere
1052 842 1061 868 :
1095 842 1115 865 «
1136 822 1414 868 Conscientia
1435 830 1580 866 sancte
1603 820 1746 866 dantis

353 896 616 950 attenditur,
642 912 741 956 quae
765 895 915 940 abluat
937 894 1188 954 accipientis
1217 909 1225 934 z
1264 912 1282 934 »
1318 908 1372 936 ne
1394 892 1566 938 dicatur
1585 892 1709 937 vobis
1736 911 1746 938 :

350 967 538 1020 Quando
561 966 667 1011 latet
688 967 831 1011 dantis
852 966 1021 1026 polluta
1046 964 1328 1018 conscientia,
1354 963 1451 1023 quis
1469 963 1610 1008 abluit
1632 963 1750 1008 acci-

350 1037 506 1094 pientis
521 1037 864 1081 conscientiam?
882 1039 1054 1080 Etcum
1071 1033 1382 1094 responderitis
1400 1033 1503 1079 :Vel
1523 1037 1652 1089 Deus,
1678 1033 1749 1079 vel

353 1106 562 1164 Angelus,
587 1106 815 1167 (quoniam
837 1105 945 1166 quid
964 1104 1263 1164 respondeatis
1287 1104 1408 1149 aliud
1425 1119 1515 1149 non
1530 1104 1700 1150 habetis
1718 1107 1752 1163 3)

352 1187 559 1236 sequatur
586 1193 660 1221 vos
691 1177 808 1220 unde
839 1175 1174 1220 confundamini
1204 1195 1213 1220 :
1240 1176 1440 1221 Sanctius
1456 1176 1751 1235 justificantur

355 1248 431 1306 qui
455 1248 732 1308 baptizantur
751 1248 806 1291 ab
824 1247 1006 1292 occultis
1029 1246 1170 1301 malis,
1191 1256 1241 1292 ut
1261 1247 1332 1291 vel
1348 1263 1372 1291 a
1390 1250 1478 1291 Deo
1495 1246 1563 1290 vel
1583 1247 1638 1292 ab
1658 1250 1751 1292 An-

357 1318 454 1376 gelo
473 1317 726 1372 abluantur,
752 1332 883 1377 quam
909 1317 985 1377 qui
1003 1316 1281 1375 baptizantur
1301 1331 1324 1360 a
1345 1315 1583 1361 manifestis
1607 1317 1750 1372 bonis,
1770 1346 1776 1351 ·

354 1390 430 1448 qui
452 1392 541 1433 Deo
569 1388 640 1433 vel
662 1387 839 1448 Angelis
871 1403 960 1432 non
988 1396 1316 1447 comparantur.
1357 1387 1440 1433 Sed
1475 1388 1608 1432 dicite
1629 1388 1752 1448 quod

355 1459 463 1504 dicit
478 1460 641 1504 Veritas
669 1469 712 1504 et
734 1458 947 1504 catholica
981 1458 1200 1514 Ecclesia,
1222 1459 1326 1518 quia
1358 1473 1447 1503 non
1477 1458 1619 1503 solum
1647 1473 1751 1503 cum

353 1530 494 1574 malus
517 1539 580 1575 est
602 1531 797 1574 minister
817 1529 1040 1590 baptismi,
1066 1544 1220 1573 verum
1241 1529 1372 1573 etiam
1390 1544 1491 1574 cum
1513 1539 1687 1575 sanctus
1707 1541 1752 1575 et

355 1600 498 1645 bonus
516 1610 595 1656 est,
621 1616 710 1645 non
730 1609 794 1645 est
815 1601 862 1644 in
883 1601 1063 1644 homine
1078 1616 1174 1660 spes
1192 1600 1411 1660 ponenda,
1430 1601 1504 1645 sed
1519 1601 1565 1645 in
1585 1600 1661 1645 illo
1674 1601 1770 1661 qui,

356 1672 564 1730 justificat
580 1672 780 1730 impium,
805 1671 849 1715 in
881 1686 1014 1731 quem
1035 1670 1313 1716 credentibus
1334 1670 1442 1717 fides
1470 1671 1523 1717 ad
1535 1672 1750 1733 justitiam

357 1742 595 1802 deputatur
614 1746 643 1786 ¹.
671 1746 784 1788 Cum
808 1743 924 1787 enim
952 1741 1134 1787 dicimus
1157 1762 1165 1787 :
1192 1743 1390 1787 Christus
1420 1742 1634 1803 baptizat,
1660 1734 1750 1790 non

357 1813 515 1858 visibili
538 1813 774 1858 ministerio
791 1813 975 1858 dicimus
997 1814 1108 1858 sieut
1130 1823 1253 1873 putat
1272 1813 1341 1857 vel
1366 1815 1510 1873 putari
1531 1816 1654 1875 cupit
1671 1831 1749 1860 nos

358 1883 502 1930 dicere
529 1885 780 1939 Petilianus‚
803 1885 879 1929 sed
909 1885 1080 1929 occulta
1103 1885 1256 1944 gratia,
1291 1884 1462 1930 occulta
1488 1887 1684 1945 potentia
1705 1887 1751 1930 in

359 1956 523 2015 Spiritu
542 1965 707 2010 sancto,
726 1956 836 2000 sicut
857 1956 912 1999 de
932 1954 1008 1999 illo
1023 1955 1189 2000 dictum
1218 1965 1280 2000 est
1301 1971 1325 1999 a
1347 1958 1370 2000 J
1375 1971 1515 2000 oanne
1532 1956 1745 2016 Baptista:

360 2044 379 2067 «
422 2027 501 2070 Hic
522 2035 585 2071 est
606 2028 682 2086 qui
704 2026 952 2085 baptizatin
978 2025 1142 2085 Spiritu
1163 2035 1312 2070 sancto
1331 2027 1364 2069 ².
1393 2044 1412 2067 »
1434 2028 1523 2071 Nec
1537 2026 1649 2071 sicut
1665 2030 1748 2071 Pe·

358 2097 534 2141 tilianus
557 2098 690 2151 dicit,
711 2099 801 2156 jam
825 2097 1043 2155 baptizare
1070 2098 1249 2141 cessavit
1278 2117 1286 2142 ;
1311 2095 1387 2141 sed
1409 2097 1553 2141 adhuc
1575 2097 1622 2141 id
1639 2098 1744 2156 agit,
1765 2145 1766 2149 ,

357 2181 446 2210 non
479 2167 716 2211 ministerio
748 2167 964 2225 corporis,
1004 2166 1079 2211 sed
1099 2165 1305 2211 invisibili
1326 2181 1457 2226 opere
1493 2166 1749 2226 majestatis.

358 2235 488 2289 Quod
524 2237 641 2281 enim
663 2237 847 2281 dicimus
885 2255 893 2280 :
931 2239 1027 2295 Ipse
1059 2236 1266 2294 baptizat,
1291 2251 1381 2280 non
1413 2235 1621 2291 dicimus,
1657 2237 1766 2297 ipse,-

358 2315 493 2362 tenet,
518 2308 622 2351 etin
644 2321 755 2366 aqua
776 2321 934 2365 corpus
954 2305 1226 2350 credentium
1249 2306 1408 2364 tinguit
1432 2326 1440 2351 :
1475 2307 1552 2351 sed
1568 2307 1659 2367 ipse
1675 2308 1745 2352 in·
1763 2298 1776 2363 ,-

353 2377 578 2422 visibiliter
608 2377 817 2432 mundat‚
848 2386 891 2422 et
916 2377 1000 2421 hoc
1022 2376 1267 2422 univeisam
1291 2392 1462 2434 prorsus
1481 2376 1740 2424 Ecclesiam.
1763 2429 1767 2436 ,

357 2450 507 2508 Neque
535 2449 652 2493 enim
679 2448 875 2508 apostolo
899 2447 1034 2494 Paulo
1058 2463 1149 2494 non
1170 2457 1236 2494 est
1254 2447 1526 2495 credendum
1541 2483 1553 2505 ,
1587 2450 1664 2509 qui
1691 2449 1762 2504 de¹

411 2536 529 2568 ¹Rom
549 2546 596 2576 iv,
616 2535 647 2568 5.
663 2541 732 2559 -2
752 2536 845 2568 Joan
863 2545 887 2576 1,
916 2533 971 2568 33
