1825 3264
496 285 550 312 DE
583 284 770 313 UNITATE
801 284 1015 315 Eccmzsm.
1370 273 1451 312 291

74 371 95 396 «
118 357 229 399 Fons
251 367 378 413 aquae
394 360 482 397 tuae
505 352 559 397 sit
580 352 662 397 tibi
680 353 880 413 proprius
895 388 907 410 ,
934 363 978 398 et
1006 366 1137 397 nomo
1165 351 1462 397 communicet

70 443 92 468 »
117 424 212 470 tibi.
234 424 411 470 »Multa
433 424 547 469 enim
569 440 750 470 munera
768 425 845 470 Dei
863 434 1044 485 possunt
1065 425 1227 470 habere
1244 433 1287 468 et
1312 423 1458 480 alieni,

67 511 158 542 non
182 495 325 542 solum
356 496 437 541 ista
469 497 717 542 communia
746 511 848 542 cum
880 495 1100 557 lapidibus
1133 505 1176 541 et
1204 495 1458 551 arboribus,

65 567 191 613 sicuti
206 577 270 613 est
289 583 379 613 esse
400 578 444 614 et
465 568 608 628 vigere
631 589 642 627 3
668 583 749 614 nec
769 567 912 614 solum
934 567 1184 613 communia
1206 581 1306 612 cum
1329 581 1461 627 peco-

66 639 202 696 ribus,
219 640 344 686 sicuti
363 641 539 701 spirare,
569 641 726 686 sentire
747 659 757 686 ε
782 637 857 685 sed
878 639 1008 684 etiam
1030 641 1193 699 majora
1209 639 1298 699 jam
1315 638 1463 683 homi-

0 710 1 714 ’
66 727 172 756 num
208 713 395 772 propria,
433 713 558 758 sicuti
583 722 647 758 est
663 712 773 757 ratio
788 748 799 768 ,
820 711 984 757 locutio
1002 747 1013 767 ,
1039 720 1150 756 artes
1173 710 1301 755 utiles
1321 711 1456 754 innu-

66 783 294 828 merabiles
311 819 322 838 ,
343 793 385 827 et
407 783 487 827 alia
516 784 667 828 multa.
691 786 788 843 Ipsa
809 783 940 827 etiam
962 797 1062 843 quae
1089 780 1241 826 domui
1262 781 1337 824 Dei
1359 780 1461 825 data

65 863 182 908 sunt,
203 853 415 898 nonnulla
437 869 490 898 ex
527 854 585 899 eis
607 854 772 898 habent
794 852 994 912 alieni,id
1016 863 1096 908 est,
1114 868 1204 898 non
1229 851 1463 912 possessuri

18 952 21 957 ·
66 940 249 985 regnum
269 926 360 981 Dei,
377 926 538 986 quibus
558 926 603 970 in
621 927 709 970 fine
731 925 901 972 dicetur
919 927 1061 972 :«Non
1072 925 1176 971 novi
1189 940 1266 970 vos
1281 941 1320 983 3»
1333 923 1464 968 etiam

66 1012 166 1042 cum
182 997 368 1041 dixerint
389 1016 398 1042 ε
424 1016 443 1038 «
476 1001 527 1042 In
544 998 720 1042 nomine
741 1007 819 1043 tuo
841 998 1197 1058 prophetavimus
1221 1005 1264 1041 et
1279 996 1462 1040 virtutes

71 1067 266 1112 »multas
289 1066 516 1112 fecimus1.
532 1087 550 1109 »
578 1068 841 1123 Quia,«Etsi
861 1069 1063 1125 habeam,
1087 1069 1246 1129 inquit,
1273 1068 1465 1127 prophe-

73 1158 90 1179 »
111 1139 286 1195 tiam,fet
298 1139 425 1183 sciam
444 1139 588 1184 omnia
601 1148 868 1185 sacramenta
877 1149 920 1185 et
934 1155 1108 1186 omnem
1123 1139 1366 1195 scientiam,
1378 1148 1421 1183 et
1432 1139 1467 1183 si

71 1227 92 1252 »
114 1208 312 1253 habuero
334 1224 510 1253 omnem
531 1210 679 1266 fidem,
705 1211 766 1255 ita
787 1220 838 1255 ut
859 1220 1028 1256 montes
1051 1209 1327 1266 transferam,
1355 1211 1464 1255 cha-

71 1298 92 1322 »
115 1280 287 1324 ritatem
307 1289 451 1324 autem
471 1296 560 1325 non
575 1281 779 1337 habeam,
805 1282 915 1326 nihil
937 1298 1032 1327 sum
1049 1285 1084 1326 2.
1113 1300 1133 1324 »
1160 1283 1254 1326 Hoc
1276 1290 1341 1326 est
1362 1296 1467 1340 ergo

68 1349 235 1395 donum
261 1351 445 1410 Spiritus
467 1351 603 1395 sancti
625 1352 855 1411 proprium
888 1361 1141 1397 sanctorum
1158 1386 1170 1406 ,
1191 1351 1310 1395 unde
1333 1367 1464 1396 nemo

68 1422 364 1467 communicat
407 1422 587 1467 alienus.
635 1425 728 1468 Hoc
770 1423 891 1468 deest
933 1423 1136 1468 omnibus
1178 1423 1395 1482 malignis·
1423 1431 1468 1466 et

70 1494 279 1552 gehennae
303 1494 417 1549 filiis,
433 1495 597 1537 etiamsi
614 1493 777 1539 Christi
795 1493 1010 1553 baptismo
1027 1493 1330 1553 baptizentur,
1352 1493 1466 1537 sicut

73 1565 221 1610 Simon
248 1564 389 1609 fuerat
414 1566 671 1625 baptizatus.
696 1567 790 1609 Hoc
811 1563 933 1609 deest
956 1566 1085 1609 etiam
1108 1564 1322 1608 haereticis
1349 1583 1357 1609 :
1382 1564 1467 1608 hoc

70 1635 307 1695 accipiunt,
328 1651 428 1680 cum
450 1636 633 1680 correcti
654 1636 839 1680 veniunt
866 1645 909 1680 et
930 1635 1107 1679 unitatis
1126 1634 1351 1679 vinculum
1374 1634 1465 1679 sin-

69 1707 222 1750 ceriter
243 1705 581 1766 amplectuntur.
609 1705 738 1760 Quod
761 1705 795 1750 si
817 1721 906 1751 non
935 1706 1197 1765 acciperent,
1223 1705 1354 1750 etiam
1379 1705 1462 1750 ha-

68 1778 220 1821 bentes
245 1777 504 1836 baptismum
528 1777 719 1832 Christi,
744 1791 834 1821 non
869 1785 992 1821 erant
1023 1776 1257 1836 possessuri
1280 1792 1465 1836 regnum

70 1848 230 1893 Christi
256 1869 268 1906 3
292 1848 394 1909 quia
416 1863 505 1892 non
533 1848 791 1892 introierant
821 1846 877 1892 ad
897 1847 1065 1892 fontem
1093 1847 1217 1891 illum
1237 1847 1464 1907 proprium

71 1933 282 1979 aquarum
298 1918 635 1963 discurrentium
657 1918 703 1961 in
722 1917 874 1977 plateis
891 1926 1158 1973 sanctorum,
1187 1927 1230 1962 et
1247 1916 1360 1962 foras
1377 1933 1468 1962 non

71 1990 409 2045 excurrentium,
434 2005 523 2050 quo
546 1989 666 2034 sonte
687 1989 872 2034 charitas
896 1990 973 2033 Dei
995 1989 1155 2033 diffusa
1177 1998 1240 2032 est
1257 1989 1302 2032 in
1324 1989 1465 2033 cordi-

71 2061 153 2105 bus
185 2060 340 2105 nostris
363 2075 440 2120 per
471 2060 679 2119 Spiritum
709 2069 908 2104 sanctum
926 2094 937 2114 ,
962 2060 1039 2119 qui
1061 2059 1189 2104 datus
1222 2069 1285 2103 est
1316 2058 1459 2103 nobis.

71 2131 261 2176 Desinite
287 2131 435 2191 itaque
467 2129 539 2175 illa
574 2130 820 2175 testimonia
853 2145 1215 2185 commemorare,
1251 2145 1351 2188 quae
1388 2136 1463 2172 aut

70 2217 160 2247 non
187 2201 446 2261 intelligitis,
469 2211 543 2246 aut
565 2217 644 2261 pro
667 2202 792 2247 nobis
815 2211 967 2246 contra
989 2217 1065 2246 vos
1089 2215 1180 2245 esse
1202 2198 1458 2258 intelligitis.

71 2273 200 2327 Quod
217 2274 250 2317 si
269 2274 472 2332 ambigue
492 2274 644 2333 posita,
664 2283 707 2319 et
724 2289 803 2334 pro
821 2273 963 2329 nobiS‚
989 2281 1032 2317 et
1055 2287 1134 2332 pro
1148 2271 1268 2316 vobis
1291 2279 1467 2330 possent

3 2355 8 2363 ·
71 2344 372 2404 interpretari,
410 2343 519 2387 nihil
560 2345 714 2405 utique
741 2344 998 2405 adjuvarent
1029 2358 1203 2388 causam
1237 2351 1461 2386 vestram:

69 2415 170 2477 quia
184 2425 226 2460 et
238 2431 316 2460 nos
329 2415 361 2460 si
381 2415 538 2459 talibus
559 2416 624 2459 uti
646 2416 872 2472 vellemus,
897 2413 1291 2460 innumerabilibus
1313 2422 1462 2457 utere-

0 2477 11 2503 '²
72 2501 187 2540 mur,
213 2502 312 2547 quae
334 2501 504 2530 causam
531 2485 718 2530 nostram
742 2486 852 2530 nihil
874 2486 1069 2530 similiter
1087 2484 1359 2545 adjuvarent.
1380 2480 1465 2528 Sed

73 2555 204 2617 plane
231 2556 333 2601 talia
355 2556 511 2601 malam
534 2571 706 2602 causam
726 2557 797 2601 vel
816 2571 957 2602 moras
977 2553 1180 2600 faciendo
1200 2561 1459 2599 sustentant.

101 2649 105 2653 “
126 2648 135 2666 ¹
158 2640 272 2675 nauh.
292 2651 347 2683 vn,
372 2641 478 2675 23.—-
496 2648 506 2665 ²
532 2644 632 2675 1C01··
653 2652 724 2682 xm,
740 2649 774 2675 2.

1234 2692 1297 2732 19.
