1825 3264
317 218 479 249 CONTRA
512 217 714 248 L1'1’TERAS
747 221 980 260 PETILIAM,
1018 224 1099 250 Lm.
1137 225 1184 250 11.
1398 214 1452 250 29

69 299 200 344 quam
217 285 306 343 ipsc
329 285 560 329 damnatus
579 294 642 329 est
658 285 842 329 traditor
866 287 1041 341 Christi,
1069 287 1296 346 Apostolos
1313 287 1453 331 unde-

68 356 152 400 cim
169 356 228 399 sic
250 355 420 414 plenius
433 357 706 400 confirmavit
729 375 737 401 :
762 375 780 398 «
801 359 896 400 Jam
915 372 990 401 vos
1011 359 1164 402 mundi
1182 360 1294 414 estis,
1316 373 1451 418 prop-

69 442 90 466 »
123 433 189 469 ter
210 440 452 470 sermonem
475 441 606 486 quem
629 425 802 470 locutus
824 441 919 470 sum
943 425 1081 481 vobis,
1107 438 1277 473 manete
1298 429 1342 472 in
1361 443 1447 482 me,

67 513 88 537 »
121 504 165 539 et
186 511 267 554 ego
290 497 333 539 in
362 497 500 540 vobis.
526 515 545 537 »
573 499 629 540 Et
661 497 818 540 iterum
839 496 905 540 his
929 497 1133 541 undecim
1159 498 1290 543 dixit:
1321 517 1341 540 «
1366 501 1450 543 Pa-

67 582 87 608 »
121 581 214 610 cem
234 581 373 610 meam
407 568 464 611 do
504 567 640 621 vobis,
672 582 823 626 pacem
856 582 994 611 meam
1025 567 1199 612 dimitto
1231 568 1392 612 vobis1.
1427 587 1446 610 »

62 637 172 681 Cum
195 637 288 680 haee
306 652 424 696 ergo,
451 637 680 692 damnato,
714 646 763 681 ut
792 636 996 691 diximus,
1019 636 1240 692 traditore,
1260 641 1449 696 Aposto-

60 704 112 750 lis
128 706 329 750 undecim
351 707 466 751 dicta
490 708 591 761 sint,
618 723 692 752 vos
710 722 887 768 quoque
915 706 1140 752 traditores
1164 706 1359 752 similiter
1374 723 1450 766 pa·-

48 790 154 836 ¹cem
172 786 216 820 et
241 776 504 835 baptismum
522 793 610 821 non
633 778 816 821 habetis.

120 848 168 889 L.
193 849 467 891 Auccsrmvs
487 847 710 906 respondit
739 866 747 891 :
782 847 824 891 Si
849 862 952 906 ergo
969 846 1159 906 perdidit
1183 847 1448 905 baptismum

59 916 256 971 traditor,
283 918 478 977 quisquis
497 933 519 961 a
542 917 664 961 vobis
684 917 925 976 baptizatus
940 927 1087 978 postea
1103 916 1285 961 traditor
1307 917 1448 962 factus

57 984 202 1040 suerit,
228 987 260 1029 si
292 986 345 1030 ad
371 1002 445 1031 vos
474 987 613 1031 redire
641 987 842 1041 voluerit,
860 985 1007 1031 denuo
1033 987 1291 1046 baptizetur,
1318 987 1448 1039 Quod

57 1055 194 1100 sinon
218 1054 375 1111 facitis,
401 1058 500 1101 satis
521 1073 596 1101 vos
612 1058 691 1116 ipsi
710 1057 914 1116 judicatis
932 1055 1088 1100 falsum
1111 1072 1201 1100 esse
1218 1056 1338 1116 quod
1360 1056 1447 1120 dic-

56 1133 212 1170 tumest
233 1146 241 1171 ;
257 1127 334 1172 «Si
353 1128 447 1187 quis
463 1132 566 1186 ergo
586 1128 765 1172 traditor
785 1127 924 1172 factus
942 1144 1000 1181 es,
1018 1128 1280 1186 baptismum
1297 1129 1445 1186 perdi-

55 1193 170 1239 disti.
193 1216 211 1237 »
232 1198 273 1242 Si
297 1199 409 1241 enim
426 1197 630 1257 perdidit,
654 1198 802 1241 redeat
824 1207 867 1241 et
884 1198 1063 1256 recipiat
1089 1217 1097 1241 ε
1122 1199 1156 1241 si
1171 1207 1317 1241 autem
1334 1198 1446 1241 redit

53 1274 206 1317 etnon
225 1268 393 1326 recipit,
421 1283 508 1311 non
528 1267 788 1326 perdiderat.
817 1267 982 1310 Deinde
1005 1269 1038 1310 si
1061 1277 1261 1326 proptera
1276 1267 1442 1311 dictum

53 1344 116 1379 est
129 1336 363 1395 Apostolis:
385 1355 401 1377 «
424 1340 520 1381 Jam
536 1353 609 1381 vos
631 1336 785 1381 mundi
807 1337 922 1393 estis,
949 1354 968 1377 »
996 1346 1054 1390 et,
1083 1356 1102 1377 «
1122 1340 1271 1380 Pacem
1302 1351 1443 1380 meam

56 1422 77 1445 n
89 1405 146 1450 do
155 1406 296 1464 vobis3
311 1426 330 1448 »
342 1408 540 1467 quiajam
554 1407 656 1451 inde
667 1406 1123 1459 discesserattraditor,
1137 1421 1226 1450 non
1242 1415 1443 1464 eratergo

51 1476 214 1521 munda
239 1486 281 1521 et
299 1478 475 1537 pacifica
499 1493 625 1522 coena
644 1477 714 1521 illa
737 1478 846 1521 tanti
868 1476 1144 1530 sacramenti,
1168 1492 1300 1535 quam
1325 1477 1443 1535 prius

52 1561 183 1606 quam
200 1546 275 1591 ille
292 1549 442 1602 exiret,
460 1549 661 1592 omnibus
683 1547 820 1592 dedit.
843 1548 973 1600 Quod
994 1547 1025 1591 si
1043 1547 1195 1590 clausis
1217 1546 1351 1590 oculis
1371 1547 1440 1590 di-

51 1631 147 1661 cere
169 1617 358 1673 audetis',
384 1619 488 1678 quid
514 1620 722 1664 faciamus
745 1620 825 1663 nisi
844 1620 988 1677 potius
1016 1634 1094 1663 nos
1114 1613 1405 1662 exclamemus
1428 1638 1436 1662 ε

51 1687 89 1732 0
110 1687 239 1733 ultrix
263 1689 420 1734 furoris
440 1691 609 1735 caecitas
624 1706 773 1735 eorum
789 1692 865 1750 qui
888 1689 1041 1734 volunt
1059 1704 1146 1733 esse
1167 1689 1274 1748 legis
1287 1688 1440 1733 docto-

51 1773 132 1813 res,
152 1760 262 1804 sicut
275 1761 381 1806 dicit
396 1761 643 1821 Apostolus,
670 1778 758 1806 non
782 1761 1073 1820 intelligentes
1090 1775 1234 1819 neque
1251 1776 1350 1819 quae
1373 1760 1440 1804 lo-

49 1839 262 1888 quuntur,
286 1847 427 1892 neque
443 1832 497 1876 de
513 1833 674 1892 quibus
694 1833 912 1876 affirmant
926 1833 956 1874 3.
978 1831 1067 1876 Nisi
1088 1840 1232 1874 tamen
1248 1832 1440 1890 pertina-

50 1899 127 1944 ciae
144 1903 312 1947 caecitas
337 1903 582 1962 impediret,
607 1919 695 1948 non
715 1913 806 1946 erat
823 1901 1010 1946 difficilis
1029 1901 1291 1956 intellectus,
1313 1911 1363 1945 ut
1375 1902 1439 1945 vi-

50 1971 172 2016 deres
207 1989 294 2018 non
332 1974 486 2018 dixisse
521 1975 752 2018 Dominum
791 1982 1002 2032 praesente
1035 1976 1058 2016 J
1066 1973 1149 2016 uda
1188 1992 1195 2016 :
1229 1973 1433 2016 Nondum

49 2042 204 2086 mundi
226 2044 454 2100 estis3sed,
482 2063 499 2084 α
517 2047 612 2087 Jam
635 2059 710 2087 vos
725 2044 876 2086 mundi
900 2042 1012 2085 estis.
1038 2061 1055 2080 υ
1075 2041 1258 2084 Addidit
1271 2050 1433 2094 autem,

52 2130 73 2153 «
95 2127 182 2156 non
205 2128 377 2170 omnes3
396 2132 415 2153 »
431 2113 531 2172 quia
548 2114 608 2156 ibi
624 2123 714 2156 erat
732 2113 806 2172 qui
826 2113 1016 2157 mundus
1034 2127 1122 2155 non
1138 2120 1229 2154 erat
1251 2129 1258 2154 :
1279 2111 1354 2170 qui
1378 2119 1436 2154 ta-

49 2196 150 2226 men
169 2183 202 2227 si
215 2185 440 2242 praesentia
456 2200 531 2228 sua
549 2193 726 2228 caeteros
741 2182 969 2242 pollueret,
993 2197 1081 2226 non
1101 2182 1159 2225 cis
1182 2181 1397 2225 diceretur
1423 2201 1432 2225 ι

54 2271 74 2295 «
91 2256 186 2297 Jam
204 2270 279 2300 vos
292 2255 444 2299 mundi
467 2256 581 2300 estis:
614 2275 632 2297 n
654 2256 727 2299 sed
748 2254 980 2306 diceretur,
1008 2263 1055 2296 ut
1080 2253 1167 2295 dixi
1200 2272 1207 2296 z
1229 2252 1433 2297 Nondum

49 2324 200 2369 mundi
225 2327 338 2371 estis.
357 2330 589 2386 Postquam
607 2326 794 2371 veroille
811 2324 1017 2375 discessit,
1045 2323 1150 2367 dixit
1167 2324 1225 2367 eis
1251 2343 1259 2367 ;
1291 2343 1309 2364 «
1335 2326 1431 2366 Jam

51 2413 72 2437 n
95 2411 171 2440 vos
189 2397 342 2440 mundi
364 2398 490 2442 estis:
520 2416 538 2438 »
566 2413 645 2442 nec
678 2396 866 2450 addidit,
902 2397 977 2440 scd
1006 2411 1093 2439 non
1127 2410 1275 2438 omnes
1303 2394 1433 2453 :quia

43 2466 132 2526 jam
147 2466 418 2522 discesserat,
441 2484 530 2528 quo
548 2469 675 2512 etiam
696 2475 927 2527 praesente,
946 2467 1056 2510 sicut
1081 2465 1138 2508 eis
1161 2464 1326 2508 dictum
1345 2473 1430 2518 est,

101 2558 106 2572 ¹
125 2553 215 2583 Joan.
238 2563 294 2592 xv,
314 2552 345 2585 3.
362 2570 403 2575 —
421 2560 433 2576 ²
452 2553 498 2585 ld.
516 2564 583 2592 xiv,
605 2562 658 2595 27.
675 2569 714 2575 —-
732 2551 744 2575 3
769 2564 777 2584 ι
798 2552 876 2584 Tim.
897 2562 918 2591 ι,
943 2562 971 2591 7.
