<?xml version="1.0" encoding="UTF-8"?>
<!DOCTYPE html PUBLIC "-//W3C//DTD XHTML 1.0 Transitional//EN"
    "http://www.w3.org/TR/xhtml1/DTD/xhtml1-transitional.dtd">
<html xmlns="http://www.w3.org/1999/xhtml" xml:lang="en" lang="en">
 <head>
  <title>
</title>
<meta http-equiv="Content-Type" content="text/html;charset=utf-8" />
  <meta name='ocr-system' content='tesseract 3.04.00' />
  <meta name='ocr-capabilities' content='ocr_page ocr_carea ocr_par ocr_line ocrx_word'/>
</head>
<body>
  <div class='ocr_page' id='page_1' title='image "./operaomniaaccura32auguuoft_0537.png"; bbox 0 0 1825 3264; ppageno 0'>
   <div class='ocr_carea' id='block_1_1' title="bbox 306 256 1508 305">
    <p class='ocr_par' dir='ltr' id='par_1_1' title="bbox 306 256 1508 305">
     <span class='ocr_line' id='line_1_1' title="bbox 306 256 1508 305; baseline 0.003 -14"><span class='ocrx_word' id='word_1_1' title='bbox 306 259 469 291; x_wconf 74' lang='lat' dir='ltr'>CONTRA</span> <span class='ocrx_word' id='word_1_2' title='bbox 500 263 763 293; x_wconf 68' lang='lat' dir='ltr'><strong>ennacomum</strong></span> <span class='ocrx_word' id='word_1_3' title='bbox 797 262 1084 305; x_wconf 61' lang='lat' dir='ltr'><strong>nonnisi-AM,</strong></span> <span class='ocrx_word' id='word_1_4' title='bbox 1120 267 1202 294; x_wconf 77' lang='lat' dir='ltr'><strong>Lm.</strong></span> <span class='ocrx_word' id='word_1_5' title='bbox 1240 267 1299 294; x_wconf 78' lang='lat' dir='ltr'><strong>iv.</strong></span> <span class='ocrx_word' id='word_1_6' title='bbox 1426 256 1508 296; x_wconf 75' lang='lat'><strong>527</strong></span> 
     </span>
    </p>
   </div>
   <div class='ocr_carea' id='block_1_2' title="bbox 90 328 1515 2575">
    <p class='ocr_par' dir='ltr' id='par_1_2' title="bbox 122 328 1515 1999">
     <span class='ocr_line' id='line_1_2' title="bbox 128 328 1508 390; baseline 0.004 -18"><span class='ocrx_word' id='word_1_7' title='bbox 128 328 323 387; x_wconf 86' lang='lat' dir='ltr'><strong>gentium</strong></span> <span class='ocrx_word' id='word_1_8' title='bbox 354 328 638 374; x_wconf 87' lang='lat' dir='ltr'><strong>barbararum</strong></span> <span class='ocrx_word' id='word_1_9' title='bbox 660 330 854 390; x_wconf 86' lang='lat' dir='ltr'><strong>proprias</strong></span> <span class='ocrx_word' id='word_1_10' title='bbox 878 331 1088 390; x_wconf 85' lang='lat' dir='ltr'>regiones,</span> <span class='ocrx_word' id='word_1_11' title='bbox 1115 335 1340 377; x_wconf 82' lang='lat' dir='ltr'><strong>Persarum</strong></span> <span class='ocrx_word' id='word_1_12' title='bbox 1376 333 1508 388; x_wconf 88' lang='lat' dir='ltr'><strong>ritus,</strong></span> 
     </span>
     <span class='ocr_line' id='line_1_3' title="bbox 126 397 1512 462; baseline 0.004 -20"><span class='ocrx_word' id='word_1_13' title='bbox 126 397 264 444; x_wconf 88' lang='lat' dir='ltr'><strong>sidera</strong></span> <span class='ocrx_word' id='word_1_14' title='bbox 302 398 611 446; x_wconf 77' lang='lat' dir='ltr'><strong>Chaldaeorum</strong></span> <span class='ocrx_word' id='word_1_15' title='bbox 633 435 645 456; x_wconf 90' lang='lat'><strong>,</strong></span> <span class='ocrx_word' id='word_1_16' title='bbox 684 402 989 460; x_wconf 85' lang='lat' dir='ltr'><strong>AEgyptiorum</strong></span> <span class='ocrx_word' id='word_1_17' title='bbox 1022 403 1372 462; x_wconf 72' lang='lat' dir='ltr'><strong>superstitiones,</strong></span> <span class='ocrx_word' id='word_1_18' title='bbox 1408 402 1512 448; x_wconf 89' lang='lat' dir='ltr'><strong>deos</strong></span> 
     </span>
     <span class='ocr_line' id='line_1_4' title="bbox 125 471 1512 532; baseline 0.004 -19"><span class='ocrx_word' id='word_1_19' title='bbox 125 471 387 528; x_wconf 69' lang='lat' dir='ltr'><strong>Magorum,</strong></span> <span class='ocrx_word' id='word_1_20' title='bbox 412 479 461 515; x_wconf 91' lang='lat' dir='ltr'><strong>ut</strong></span> <span class='ocrx_word' id='word_1_21' title='bbox 482 471 627 516; x_wconf 85' lang='lat' dir='ltr'><strong>omnia</strong></span> <span class='ocrx_word' id='word_1_22' title='bbox 656 471 735 516; x_wconf 90' lang='lat' dir='ltr'><strong>ista</strong></span> <span class='ocrx_word' id='word_1_23' title='bbox 764 486 850 515; x_wconf 91' lang='lat' dir='ltr'><strong>non</strong></span> <span class='ocrx_word' id='word_1_24' title='bbox 878 472 980 529; x_wconf 84' lang='lat' dir='ltr'><strong>sint,</strong></span> <span class='ocrx_word' id='word_1_25' title='bbox 1004 473 1106 532; x_wconf 83' lang='lat' dir='ltr'><strong>quia</strong></span> <span class='ocrx_word' id='word_1_26' title='bbox 1129 473 1400 532; x_wconf 89' lang='lat' dir='ltr'><strong>providentia</strong></span> <span class='ocrx_word' id='word_1_27' title='bbox 1435 472 1512 518; x_wconf 91' lang='lat' dir='ltr'><strong>Dei</strong></span> 
     </span>
     <span class='ocr_line' id='line_1_5' title="bbox 126 539 1509 601; baseline 0.001 -18"><span class='ocrx_word' id='word_1_28' title='bbox 126 539 170 584; x_wconf 91' lang='lat' dir='ltr'><strong>in</strong></span> <span class='ocrx_word' id='word_1_29' title='bbox 198 540 484 585; x_wconf 86' lang='lat' dir='ltr'><strong>christianum</strong></span> <span class='ocrx_word' id='word_1_30' title='bbox 507 557 666 586; x_wconf 89' lang='lat' dir='ltr'><strong>nomen</strong></span> <span class='ocrx_word' id='word_1_31' title='bbox 696 550 812 586; x_wconf 86' lang='lat' dir='ltr'><strong>totus</strong></span> <span class='ocrx_word' id='word_1_32' title='bbox 838 543 1036 601; x_wconf 79' lang='lat' dir='ltr'><strong>quotidie</strong></span> <span class='ocrx_word' id='word_1_33' title='bbox 1056 543 1237 587; x_wconf 89' lang='lat' dir='ltr'><strong>vertitur</strong></span> <span class='ocrx_word' id='word_1_34' title='bbox 1255 542 1459 588; x_wconf 87' lang='lat' dir='ltr'><strong>mundus.</strong></span> <span class='ocrx_word' id='word_1_35' title='bbox 1487 561 1509 585; x_wconf 82' lang='lat'>»</span> 
     </span>
     <span class='ocr_line' id='line_1_6' title="bbox 125 611 1513 672; baseline 0.002 -18"><span class='ocrx_word' id='word_1_36' title='bbox 125 611 231 655; x_wconf 83' lang='lat' dir='ltr'><strong>Haec</strong></span> <span class='ocrx_word' id='word_1_37' title='bbox 254 619 303 654; x_wconf 86' lang='lat' dir='ltr'><strong>tu</strong></span> <span class='ocrx_word' id='word_1_38' title='bbox 323 625 424 655; x_wconf 86' lang='lat' dir='ltr'><strong>vera</strong></span> <span class='ocrx_word' id='word_1_39' title='bbox 443 611 586 656; x_wconf 81' lang='lat' dir='ltr'>dixisti</span> <span class='ocrx_word' id='word_1_40' title='bbox 609 631 619 657; x_wconf 85' lang='grc'>;</span> <span class='ocrx_word' id='word_1_41' title='bbox 645 620 687 655; x_wconf 89' lang='lat' dir='ltr'><strong>et</strong></span> <span class='ocrx_word' id='word_1_42' title='bbox 711 612 770 656; x_wconf 88' lang='lat' dir='ltr'><strong>sic</strong></span> <span class='ocrx_word' id='word_1_43' title='bbox 793 611 998 671; x_wconf 87' lang='lat' dir='ltr'><strong>impletur</strong></span> <span class='ocrx_word' id='word_1_44' title='bbox 1028 613 1252 671; x_wconf 84' lang='lat' dir='ltr'>promissio</span> <span class='ocrx_word' id='word_1_45' title='bbox 1277 629 1376 672; x_wconf 86' lang='lat' dir='ltr'><strong>quae</strong></span> <span class='ocrx_word' id='word_1_46' title='bbox 1398 612 1513 658; x_wconf 88' lang='lat' dir='ltr'><strong>dicta</strong></span> 
     </span>
     <span class='ocr_line' id='line_1_7' title="bbox 125 682 1509 743; baseline 0.001 -17"><span class='ocrx_word' id='word_1_47' title='bbox 125 690 189 726; x_wconf 89' lang='lat' dir='ltr'><strong>est</strong></span> <span class='ocrx_word' id='word_1_48' title='bbox 216 682 553 728; x_wconf 81' lang='lat' dir='ltr'><strong>Abraham:«1n</strong></span> <span class='ocrx_word' id='word_1_49' title='bbox 572 684 735 727; x_wconf 87' lang='lat' dir='ltr'><strong>semine</strong></span> <span class='ocrx_word' id='word_1_50' title='bbox 751 692 827 728; x_wconf 88' lang='lat' dir='ltr'><strong>tuo</strong></span> <span class='ocrx_word' id='word_1_51' title='bbox 846 684 1158 728; x_wconf 78' lang='lat' dir='ltr'>benedicentur</span> <span class='ocrx_word' id='word_1_52' title='bbox 1176 699 1326 728; x_wconf 90' lang='lat' dir='ltr'><strong>omnes</strong></span> <span class='ocrx_word' id='word_1_53' title='bbox 1347 684 1509 743; x_wconf 77' lang='lat' dir='ltr'><strong>gentes.</strong></span> 
     </span>
     <span class='ocr_line' id='line_1_8' title="bbox 128 753 1512 813; baseline 0.004 -21"><span class='ocrx_word' id='word_1_54' title='bbox 128 769 148 792; x_wconf 91' lang='lat'>»</span> <span class='ocrx_word' id='word_1_55' title='bbox 167 753 351 807; x_wconf 84' lang='lat' dir='ltr'><strong>Omnes,</strong></span> <span class='ocrx_word' id='word_1_56' title='bbox 373 753 542 813; x_wconf 87' lang='lat' dir='ltr'><strong>inquit,</strong></span> <span class='ocrx_word' id='word_1_57' title='bbox 566 763 716 811; x_wconf 83' lang='lat' dir='ltr'><strong>gentes</strong></span> <span class='ocrx_word' id='word_1_58' title='bbox 740 756 771 797; x_wconf 89' lang='lat'><strong>¹.</strong></span> <span class='ocrx_word' id='word_1_59' title='bbox 794 772 813 794; x_wconf 76' lang='lat' dir='ltr'><strong>n</strong></span> <span class='ocrx_word' id='word_1_60' title='bbox 841 769 932 798; x_wconf 88' lang='lat' dir='ltr'><strong>non</strong></span> <span class='ocrx_word' id='word_1_61' title='bbox 954 753 1078 808; x_wconf 82' lang='lat' dir='ltr'>dixit,</span> <span class='ocrx_word' id='word_1_62' title='bbox 1094 754 1289 798; x_wconf 87' lang='lat' dir='ltr'><strong>omnium</strong></span> <span class='ocrx_word' id='word_1_63' title='bbox 1316 754 1512 812; x_wconf 83' lang='lat' dir='ltr'><strong>gentium</strong></span> 
     </span>
     <span class='ocr_line' id='line_1_9' title="bbox 124 822 1513 868; baseline 0.001 -3"><span class='ocrx_word' id='word_1_64' title='bbox 124 836 274 865; x_wconf 88' lang='lat' dir='ltr'><strong>omnes</strong></span> <span class='ocrx_word' id='word_1_65' title='bbox 301 822 514 867; x_wconf 82' lang='lat' dir='ltr'><strong>homines.</strong></span> <span class='ocrx_word' id='word_1_66' title='bbox 538 824 662 866; x_wconf 83' lang='lat' dir='ltr'><strong>Unde</strong></span> <span class='ocrx_word' id='word_1_67' title='bbox 685 838 856 866; x_wconf 82' lang='lat' dir='ltr'><strong>necesse</strong></span> <span class='ocrx_word' id='word_1_68' title='bbox 874 832 938 866; x_wconf 87' lang='lat' dir='ltr'><strong>est</strong></span> <span class='ocrx_word' id='word_1_69' title='bbox 959 839 1047 868; x_wconf 90' lang='lat' dir='ltr'><strong>non</strong></span> <span class='ocrx_word' id='word_1_70' title='bbox 1063 822 1202 868; x_wconf 89' lang='lat' dir='ltr'><strong>solum</strong></span> <span class='ocrx_word' id='word_1_71' title='bbox 1226 824 1513 867; x_wconf 81' lang='lat' dir='ltr'><strong>foecunditate</strong></span> 
     </span>
     <span class='ocr_line' id='line_1_10' title="bbox 123 890 1514 952; baseline 0.001 -16"><span class='ocrx_word' id='word_1_72' title='bbox 123 891 352 936; x_wconf 81' lang='lat' dir='ltr'><strong>crescentis</strong></span> <span class='ocrx_word' id='word_1_73' title='bbox 389 890 593 936; x_wconf 79' lang='lat' dir='ltr'><strong>Ecclesiae</strong></span> <span class='ocrx_word' id='word_1_74' title='bbox 611 926 622 946; x_wconf 94' lang='lat'><strong>,</strong></span> <span class='ocrx_word' id='word_1_75' title='bbox 663 892 949 936; x_wconf 76' lang='lat' dir='ltr'><strong>verumetiam</strong></span> <span class='ocrx_word' id='word_1_76' title='bbox 987 894 1198 952; x_wconf 82' lang='lat' dir='ltr'><strong>permixta</strong></span> <span class='ocrx_word' id='word_1_77' title='bbox 1232 893 1514 937; x_wconf 87' lang='lat' dir='ltr'><strong>multitudine</strong></span> 
     </span>
     <span class='ocr_line' id='line_1_11' title="bbox 122 961 1514 1023; baseline 0.001 -17"><span class='ocrx_word' id='word_1_78' title='bbox 122 961 401 1007; x_wconf 89' lang='lat' dir='ltr'><strong>inimicorum</strong></span> <span class='ocrx_word' id='word_1_79' title='bbox 423 964 538 1023; x_wconf 85' lang='lat' dir='ltr'><strong>ejus,</strong></span> <span class='ocrx_word' id='word_1_80' title='bbox 564 979 641 1022; x_wconf 84' lang='lat' dir='ltr'><strong>per</strong></span> <span class='ocrx_word' id='word_1_81' title='bbox 663 979 771 1022; x_wconf 86' lang='lat' dir='ltr'><strong>quos</strong></span> <span class='ocrx_word' id='word_1_82' title='bbox 798 963 934 1022; x_wconf 87' lang='lat' dir='ltr'><strong>pietas</strong></span> <span class='ocrx_word' id='word_1_83' title='bbox 954 964 1046 1023; x_wconf 84' lang='lat' dir='ltr'><strong>ejus</strong></span> <span class='ocrx_word' id='word_1_84' title='bbox 1073 964 1257 1008; x_wconf 83' lang='lat' dir='ltr'><strong>exerceri</strong></span> <span class='ocrx_word' id='word_1_85' title='bbox 1278 973 1320 1006; x_wconf 84' lang='lat' dir='ltr'><strong>ct</strong></span> <span class='ocrx_word' id='word_1_86' title='bbox 1342 963 1514 1022; x_wconf 88' lang='lat' dir='ltr'><strong>probari</strong></span> 
     </span>
     <span class='ocr_line' id='line_1_12' title="bbox 123 1034 1514 1094; baseline -0.001 -17"><span class='ocrx_word' id='word_1_87' title='bbox 123 1034 284 1093; x_wconf 90' lang='lat' dir='ltr'><strong>possit,</strong></span> <span class='ocrx_word' id='word_1_88' title='bbox 321 1049 458 1094; x_wconf 89' lang='lat' dir='ltr'><strong>usque</strong></span> <span class='ocrx_word' id='word_1_89' title='bbox 480 1034 523 1077; x_wconf 94' lang='lat' dir='ltr'><strong>in</strong></span> <span class='ocrx_word' id='word_1_90' title='bbox 547 1034 678 1078; x_wconf 81' lang='lat' dir='ltr'><strong>finem</strong></span> <span class='ocrx_word' id='word_1_91' title='bbox 697 1034 937 1093; x_wconf 75' lang='lat' dir='ltr'><strong>judiciariae</strong></span> <span class='ocrx_word' id='word_1_92' title='bbox 959 1034 1238 1094; x_wconf 74' lang='lat' dir='ltr'><strong>separationis</strong></span> <span class='ocrx_word' id='word_1_93' title='bbox 1262 1042 1380 1078; x_wconf 89' lang='lat' dir='ltr'><strong>totus</strong></span> <span class='ocrx_word' id='word_1_94' title='bbox 1398 1034 1514 1078; x_wconf 91' lang='lat' dir='ltr'><strong>orbis</strong></span> 
     </span>
     <span class='ocr_line' id='line_1_13' title="bbox 122 1103 1515 1163; baseline -0.001 -15"><span class='ocrx_word' id='word_1_95' title='bbox 122 1103 369 1163; x_wconf 85' lang='lat' dir='ltr'><strong>impleatur.</strong></span> <span class='ocrx_word' id='word_1_96' title='bbox 395 1105 463 1149; x_wconf 92' lang='lat' dir='ltr'><strong>Sic</strong></span> <span class='ocrx_word' id='word_1_97' title='bbox 500 1114 889 1153; x_wconf 86' lang='lat' dir='ltr'><strong>commemoratum</strong></span> <span class='ocrx_word' id='word_1_98' title='bbox 918 1114 981 1149; x_wconf 91' lang='lat' dir='ltr'><strong>est</strong></span> <span class='ocrx_word' id='word_1_99' title='bbox 1017 1106 1099 1148; x_wconf 91' lang='lat' dir='ltr'><strong>hoc</strong></span> <span class='ocrx_word' id='word_1_100' title='bbox 1130 1113 1437 1148; x_wconf 86' lang='lat' dir='ltr'><strong>testamentum</strong></span> <span class='ocrx_word' id='word_1_101' title='bbox 1470 1112 1515 1147; x_wconf 90' lang='lat' dir='ltr'><strong>et</strong></span> 
     </span>
     <span class='ocr_line' id='line_1_14' title="bbox 123 1167 1514 1235; baseline -0.001 -15"><span class='ocrx_word' id='word_1_102' title='bbox 123 1175 178 1220; x_wconf 90' lang='lat' dir='ltr'><strong>ad</strong></span> <span class='ocrx_word' id='word_1_103' title='bbox 202 1175 338 1219; x_wconf 84' lang='lat' dir='ltr'><strong>silium</strong></span> <span class='ocrx_word' id='word_1_104' title='bbox 363 1167 606 1235; x_wconf 33' lang='lat' dir='ltr'><strong>ejus‘Isaac,</strong></span> <span class='ocrx_word' id='word_1_105' title='bbox 630 1175 816 1219; x_wconf 88' lang='lat' dir='ltr'><strong>Domino</strong></span> <span class='ocrx_word' id='word_1_106' title='bbox 837 1175 1009 1219; x_wconf 80' lang='lat' dir='ltr'><strong>dicente</strong></span> <span class='ocrx_word' id='word_1_107' title='bbox 1035 1194 1043 1219; x_wconf 82' lang='lat' dir='ltr'>z</span> <span class='ocrx_word' id='word_1_108' title='bbox 1073 1195 1092 1216; x_wconf 94' lang='lat'>«</span> <span class='ocrx_word' id='word_1_109' title='bbox 1118 1177 1174 1218; x_wconf 89' lang='lat' dir='ltr'><strong>Et</strong></span> <span class='ocrx_word' id='word_1_110' title='bbox 1196 1184 1381 1218; x_wconf 87' lang='lat' dir='ltr'><strong>statuam</strong></span> <span class='ocrx_word' id='word_1_111' title='bbox 1397 1176 1514 1234; x_wconf 84' lang='lat' dir='ltr'><strong>jura-</strong></span> 
     </span>
     <span class='ocr_line' id='line_1_15' title="bbox 125 1245 1513 1305; baseline 0 -18"><span class='ocrx_word' id='word_1_112' title='bbox 125 1263 147 1287; x_wconf 89' lang='lat'>»</span> <span class='ocrx_word' id='word_1_113' title='bbox 173 1255 370 1290; x_wconf 89' lang='lat' dir='ltr'><strong>mentum</strong></span> <span class='ocrx_word' id='word_1_114' title='bbox 390 1261 536 1289; x_wconf 88' lang='lat' dir='ltr'><strong>meum</strong></span> <span class='ocrx_word' id='word_1_115' title='bbox 555 1246 674 1305; x_wconf 88' lang='lat' dir='ltr'><strong>quod</strong></span> <span class='ocrx_word' id='word_1_116' title='bbox 691 1246 834 1304; x_wconf 84' lang='lat' dir='ltr'><strong>juravi</strong></span> <span class='ocrx_word' id='word_1_117' title='bbox 859 1246 1075 1289; x_wconf 84' lang='lat' dir='ltr'><strong>Abraham</strong></span> <span class='ocrx_word' id='word_1_118' title='bbox 1098 1245 1207 1303; x_wconf 86' lang='lat' dir='ltr'><strong>patri</strong></span> <span class='ocrx_word' id='word_1_119' title='bbox 1233 1255 1328 1298; x_wconf 87' lang='lat' dir='ltr'><strong>tuo,</strong></span> <span class='ocrx_word' id='word_1_120' title='bbox 1354 1254 1397 1288; x_wconf 91' lang='lat' dir='ltr'><strong>et</strong></span> <span class='ocrx_word' id='word_1_121' title='bbox 1419 1259 1513 1288; x_wconf 88' lang='lat' dir='ltr'><strong>am-</strong></span> 
     </span>
     <span class='ocr_line' id='line_1_16' title="bbox 125 1314 1514 1376; baseline 0 -18"><span class='ocrx_word' id='word_1_122' title='bbox 125 1334 146 1358; x_wconf 84' lang='lat'>»</span> <span class='ocrx_word' id='word_1_123' title='bbox 178 1315 322 1376; x_wconf 88' lang='lat' dir='ltr'><strong>pliabo</strong></span> <span class='ocrx_word' id='word_1_124' title='bbox 344 1331 490 1360; x_wconf 90' lang='lat' dir='ltr'><strong>semen</strong></span> <span class='ocrx_word' id='word_1_125' title='bbox 514 1325 639 1360; x_wconf 87' lang='lat' dir='ltr'><strong>tuum</strong></span> <span class='ocrx_word' id='word_1_126' title='bbox 667 1325 871 1376; x_wconf 81' lang='lat' dir='ltr'><strong>tanquam</strong></span> <span class='ocrx_word' id='word_1_127' title='bbox 903 1315 1047 1359; x_wconf 77' lang='lat' dir='ltr'><strong>stellas</strong></span> <span class='ocrx_word' id='word_1_128' title='bbox 1075 1315 1175 1359; x_wconf 84' lang='lat' dir='ltr'><strong>coeli</strong></span> <span class='ocrx_word' id='word_1_129' title='bbox 1194 1350 1204 1365; x_wconf 85' lang='lat'><strong>,</strong></span> <span class='ocrx_word' id='word_1_130' title='bbox 1231 1325 1274 1358; x_wconf 90' lang='lat' dir='ltr'><strong>et</strong></span> <span class='ocrx_word' id='word_1_131' title='bbox 1293 1316 1411 1358; x_wconf 86' lang='lat' dir='ltr'><strong>dabo</strong></span> <span class='ocrx_word' id='word_1_132' title='bbox 1435 1314 1514 1358; x_wconf 89' lang='lat' dir='ltr'><strong>tibi</strong></span> 
     </span>
     <span class='ocr_line' id='line_1_17' title="bbox 125 1386 1515 1441; baseline 0 -12"><span class='ocrx_word' id='word_1_133' title='bbox 125 1405 147 1429; x_wconf 86' lang='grc'>»</span> <span class='ocrx_word' id='word_1_134' title='bbox 173 1397 216 1432; x_wconf 91' lang='lat' dir='ltr'><strong>et</strong></span> <span class='ocrx_word' id='word_1_135' title='bbox 233 1388 385 1432; x_wconf 89' lang='lat' dir='ltr'><strong>semini</strong></span> <span class='ocrx_word' id='word_1_136' title='bbox 410 1397 485 1431; x_wconf 89' lang='lat' dir='ltr'><strong>tuo</strong></span> <span class='ocrx_word' id='word_1_137' title='bbox 507 1403 682 1432; x_wconf 85' lang='lat' dir='ltr'><strong>omnem</strong></span> <span class='ocrx_word' id='word_1_138' title='bbox 707 1395 883 1441; x_wconf 87' lang='lat' dir='ltr'><strong>terram,</strong></span> <span class='ocrx_word' id='word_1_139' title='bbox 899 1396 941 1430; x_wconf 88' lang='lat' dir='ltr'><strong>et</strong></span> <span class='ocrx_word' id='word_1_140' title='bbox 961 1386 1275 1430; x_wconf 86' lang='lat' dir='ltr'><strong>benedicentur</strong></span> <span class='ocrx_word' id='word_1_141' title='bbox 1290 1386 1333 1430; x_wconf 91' lang='lat' dir='ltr'><strong>in</strong></span> <span class='ocrx_word' id='word_1_142' title='bbox 1351 1386 1515 1429; x_wconf 87' lang='lat' dir='ltr'><strong>semine</strong></span> 
     </span>
     <span class='ocr_line' id='line_1_18' title="bbox 125 1456 1510 1517; baseline 0 -17"><span class='ocrx_word' id='word_1_143' title='bbox 125 1476 146 1500; x_wconf 86' lang='lat'>»</span> <span class='ocrx_word' id='word_1_144' title='bbox 173 1467 250 1503; x_wconf 92' lang='lat' dir='ltr'><strong>tuo</strong></span> <span class='ocrx_word' id='word_1_145' title='bbox 271 1473 420 1503; x_wconf 89' lang='lat' dir='ltr'><strong>omnes</strong></span> <span class='ocrx_word' id='word_1_146' title='bbox 443 1467 591 1517; x_wconf 79' lang='lat' dir='ltr'><strong>gentes</strong></span> <span class='ocrx_word' id='word_1_147' title='bbox 612 1467 753 1501; x_wconf 86' lang='lat' dir='ltr'><strong>terrae.</strong></span> <span class='ocrx_word' id='word_1_148' title='bbox 784 1457 852 1502; x_wconf 87' lang='lat' dir='ltr'><strong>Sic</strong></span> <span class='ocrx_word' id='word_1_149' title='bbox 875 1467 918 1501; x_wconf 93' lang='lat' dir='ltr'><strong>et</strong></span> <span class='ocrx_word' id='word_1_150' title='bbox 939 1456 993 1501; x_wconf 90' lang='lat' dir='ltr'><strong>ad</strong></span> <span class='ocrx_word' id='word_1_151' title='bbox 1018 1466 1219 1516; x_wconf 80' lang='lat' dir='ltr'><strong>nepotem</strong></span> <span class='ocrx_word' id='word_1_152' title='bbox 1236 1458 1327 1517; x_wconf 88' lang='lat' dir='ltr'><strong>ejus</strong></span> <span class='ocrx_word' id='word_1_153' title='bbox 1350 1456 1510 1500; x_wconf 89' lang='lat' dir='ltr'><strong>Jacob:</strong></span> 
     </span>
     <span class='ocr_line' id='line_1_19' title="bbox 125 1526 1514 1581; baseline 0.001 -12"><span class='ocrx_word' id='word_1_154' title='bbox 125 1546 146 1570; x_wconf 87' lang='lat'>»</span> <span class='ocrx_word' id='word_1_155' title='bbox 172 1530 229 1573; x_wconf 88' lang='lat' dir='ltr'><strong>Et</strong></span> <span class='ocrx_word' id='word_1_156' title='bbox 257 1528 338 1572; x_wconf 90' lang='lat' dir='ltr'><strong>erit</strong></span> <span class='ocrx_word' id='word_1_157' title='bbox 367 1543 513 1572; x_wconf 84' lang='lat' dir='ltr'><strong>semen</strong></span> <span class='ocrx_word' id='word_1_158' title='bbox 550 1537 673 1571; x_wconf 89' lang='lat' dir='ltr'><strong>tuum</strong></span> <span class='ocrx_word' id='word_1_159' title='bbox 700 1528 810 1572; x_wconf 83' lang='lat' dir='ltr'><strong>sicut</strong></span> <span class='ocrx_word' id='word_1_160' title='bbox 843 1543 970 1572; x_wconf 82' lang='lat' dir='ltr'><strong>arena</strong></span> <span class='ocrx_word' id='word_1_161' title='bbox 1004 1536 1154 1581; x_wconf 71' lang='lat' dir='ltr'><strong>terrae,</strong></span> <span class='ocrx_word' id='word_1_162' title='bbox 1190 1537 1232 1571; x_wconf 91' lang='lat' dir='ltr'><strong>et</strong></span> <span class='ocrx_word' id='word_1_163' title='bbox 1261 1526 1514 1571; x_wconf 84' lang='lat' dir='ltr'><strong>dilatabitur</strong></span> 
     </span>
     <span class='ocr_line' id='line_1_20' title="bbox 125 1596 1514 1658; baseline 0 -18"><span class='ocrx_word' id='word_1_164' title='bbox 125 1617 146 1640; x_wconf 86' lang='lat'>»</span> <span class='ocrx_word' id='word_1_165' title='bbox 170 1614 300 1658; x_wconf 85' lang='lat' dir='ltr'><strong>supra</strong></span> <span class='ocrx_word' id='word_1_166' title='bbox 335 1613 452 1642; x_wconf 87' lang='lat' dir='ltr'><strong>mare</strong></span> <span class='ocrx_word' id='word_1_167' title='bbox 470 1633 480 1651; x_wconf 97' lang='lat'>‚</span> <span class='ocrx_word' id='word_1_168' title='bbox 506 1607 548 1642; x_wconf 90' lang='lat' dir='ltr'><strong>et</strong></span> <span class='ocrx_word' id='word_1_169' title='bbox 584 1598 630 1641; x_wconf 86' lang='lat' dir='ltr'><strong>in</strong></span> <span class='ocrx_word' id='word_1_170' title='bbox 663 1596 858 1642; x_wconf 76' lang='lat' dir='ltr'><strong>Africum</strong></span> <span class='ocrx_word' id='word_1_171' title='bbox 878 1633 889 1652; x_wconf 93' lang='lat'><strong>,</strong></span> <span class='ocrx_word' id='word_1_172' title='bbox 927 1607 968 1641; x_wconf 90' lang='lat' dir='ltr'><strong>et</strong></span> <span class='ocrx_word' id='word_1_173' title='bbox 1002 1598 1047 1641; x_wconf 93' lang='lat' dir='ltr'><strong>in</strong></span> <span class='ocrx_word' id='word_1_174' title='bbox 1079 1597 1338 1657; x_wconf 79' lang='lat' dir='ltr'><strong>Aquilonem</strong></span> <span class='ocrx_word' id='word_1_175' title='bbox 1357 1632 1368 1652; x_wconf 93' lang='lat'><strong>,</strong></span> <span class='ocrx_word' id='word_1_176' title='bbox 1393 1606 1436 1640; x_wconf 89' lang='lat' dir='ltr'><strong>et</strong></span> <span class='ocrx_word' id='word_1_177' title='bbox 1459 1596 1514 1641; x_wconf 93' lang='lat' dir='ltr'><strong>ad</strong></span> 
     </span>
     <span class='ocr_line' id='line_1_21' title="bbox 125 1667 1510 1723; baseline -0.004 -11"><span class='ocrx_word' id='word_1_178' title='bbox 125 1687 146 1712; x_wconf 95' lang='lat'>»</span> <span class='ocrx_word' id='word_1_179' title='bbox 170 1669 392 1714; x_wconf 82' lang='lat' dir='ltr'><strong>Orientem</strong></span> <span class='ocrx_word' id='word_1_180' title='bbox 411 1703 422 1723; x_wconf 89' lang='lat'><strong>,</strong></span> <span class='ocrx_word' id='word_1_181' title='bbox 448 1678 491 1713; x_wconf 86' lang='lat' dir='ltr'><strong>et</strong></span> <span class='ocrx_word' id='word_1_182' title='bbox 515 1667 829 1712; x_wconf 89' lang='lat' dir='ltr'><strong>benedicentur</strong></span> <span class='ocrx_word' id='word_1_183' title='bbox 843 1668 886 1711; x_wconf 89' lang='lat' dir='ltr'><strong>in</strong></span> <span class='ocrx_word' id='word_1_184' title='bbox 911 1677 953 1711; x_wconf 91' lang='lat' dir='ltr'><strong>te</strong></span> <span class='ocrx_word' id='word_1_185' title='bbox 975 1683 1125 1712; x_wconf 88' lang='lat' dir='ltr'><strong>omnes</strong></span> <span class='ocrx_word' id='word_1_186' title='bbox 1143 1668 1281 1712; x_wconf 82' lang='lat' dir='ltr'><strong>tribus</strong></span> <span class='ocrx_word' id='word_1_187' title='bbox 1300 1677 1425 1712; x_wconf 85' lang='lat' dir='ltr'><strong>terrae</strong></span> <span class='ocrx_word' id='word_1_188' title='bbox 1438 1670 1469 1709; x_wconf 77' lang='lat'><strong>².</strong></span> <span class='ocrx_word' id='word_1_189' title='bbox 1490 1684 1510 1707; x_wconf 86' lang='lat'>»</span> 
     </span>
     <span class='ocr_line' id='line_1_22' title="bbox 125 1737 1514 1801; baseline -0.003 -16"><span class='ocrx_word' id='word_1_190' title='bbox 125 1743 265 1801; x_wconf 87' lang='lat' dir='ltr'><strong>Supra</strong></span> <span class='ocrx_word' id='word_1_191' title='bbox 287 1755 405 1784; x_wconf 89' lang='lat' dir='ltr'><strong>mare</strong></span> <span class='ocrx_word' id='word_1_192' title='bbox 422 1749 569 1784; x_wconf 90' lang='lat' dir='ltr'><strong>autem</strong></span> <span class='ocrx_word' id='word_1_193' title='bbox 587 1739 848 1799; x_wconf 86' lang='lat' dir='ltr'><strong>plerumque</strong></span> <span class='ocrx_word' id='word_1_194' title='bbox 869 1739 1089 1797; x_wconf 86' lang='lat' dir='ltr'><strong>Scriptura</strong></span> <span class='ocrx_word' id='word_1_195' title='bbox 1112 1754 1212 1783; x_wconf 86' lang='lat' dir='ltr'><strong>cum</strong></span> <span class='ocrx_word' id='word_1_196' title='bbox 1235 1738 1361 1782; x_wconf 87' lang='lat' dir='ltr'><strong>dicit:</strong></span> <span class='ocrx_word' id='word_1_197' title='bbox 1387 1737 1514 1781; x_wconf 88' lang='lat' dir='ltr'><strong>Occi-</strong></span> 
     </span>
     <span class='ocr_line' id='line_1_23' title="bbox 123 1807 1514 1871; baseline -0.004 -15"><span class='ocrx_word' id='word_1_198' title='bbox 123 1810 342 1856; x_wconf 81' lang='lat' dir='ltr'><strong>dentalem</strong></span> <span class='ocrx_word' id='word_1_199' title='bbox 364 1819 531 1871; x_wconf 88' lang='lat' dir='ltr'><strong>partem</strong></span> <span class='ocrx_word' id='word_1_200' title='bbox 554 1810 691 1854; x_wconf 90' lang='lat' dir='ltr'><strong>solere</strong></span> <span class='ocrx_word' id='word_1_201' title='bbox 719 1809 950 1868; x_wconf 73' lang='lat' dir='ltr'><strong>significari</strong></span> <span class='ocrx_word' id='word_1_202' title='bbox 971 1844 982 1863; x_wconf 83' lang='lat'><strong>,</strong></span> <span class='ocrx_word' id='word_1_203' title='bbox 1009 1810 1130 1853; x_wconf 91' lang='lat' dir='ltr'><strong>novit</strong></span> <span class='ocrx_word' id='word_1_204' title='bbox 1152 1808 1224 1867; x_wconf 83' lang='lat' dir='ltr'><strong>qui</strong></span> <span class='ocrx_word' id='word_1_205' title='bbox 1256 1808 1374 1866; x_wconf 85' lang='lat' dir='ltr'><strong>legit.</strong></span> <span class='ocrx_word' id='word_1_206' title='bbox 1403 1807 1514 1851; x_wconf 92' lang='lat' dir='ltr'><strong>Huic</strong></span> 
     </span>
     <span class='ocr_line' id='line_1_24' title="bbox 122 1877 1512 1940; baseline -0.004 -12"><span class='ocrx_word' id='word_1_207' title='bbox 122 1891 172 1928; x_wconf 88' lang='lat' dir='ltr'><strong>tu</strong></span> <span class='ocrx_word' id='word_1_208' title='bbox 203 1891 462 1928; x_wconf 84' lang='lat' dir='ltr'><strong>testamento</strong></span> <span class='ocrx_word' id='word_1_209' title='bbox 485 1881 519 1924; x_wconf 90' lang='lat' dir='ltr'><strong>si</strong></span> <span class='ocrx_word' id='word_1_210' title='bbox 542 1881 710 1940; x_wconf 85' lang='lat' dir='ltr'><strong>prolato</strong></span> <span class='ocrx_word' id='word_1_211' title='bbox 732 1879 975 1924; x_wconf 86' lang='lat' dir='ltr'><strong>consentire</strong></span> <span class='ocrx_word' id='word_1_212' title='bbox 992 1878 1222 1934; x_wconf 87' lang='lat' dir='ltr'><strong>voluisses,</strong></span> <span class='ocrx_word' id='word_1_213' title='bbox 1243 1893 1332 1922; x_wconf 91' lang='lat' dir='ltr'><strong>non</strong></span> <span class='ocrx_word' id='word_1_214' title='bbox 1352 1878 1398 1922; x_wconf 91' lang='lat' dir='ltr'><strong>in</strong></span> <span class='ocrx_word' id='word_1_215' title='bbox 1419 1877 1512 1923; x_wconf 91' lang='lat' dir='ltr'><strong>solo</strong></span> 
     </span>
     <span class='ocr_line' id='line_1_25' title="bbox 122 1952 583 1999; baseline -0.009 -1"><span class='ocrx_word' id='word_1_216' title='bbox 122 1952 271 1999; x_wconf 82' lang='lat' dir='ltr'><strong>Africo</strong></span> <span class='ocrx_word' id='word_1_217' title='bbox 298 1952 583 1997; x_wconf 85' lang='lat' dir='ltr'><strong>remansisses.</strong></span> 
     </span>
    </p>

    <p class='ocr_par' dir='ltr' id='par_1_3' title="bbox 90 2019 1514 2575">
     <span class='ocr_line' id='line_1_26' title="bbox 182 2019 1511 2080; baseline -0.005 -12"><span class='ocrx_word' id='word_1_218' title='bbox 182 2025 357 2069; x_wconf 89' lang='lat' dir='ltr'>LXXV.</span> <span class='ocrx_word' id='word_1_219' title='bbox 369 2025 490 2068; x_wconf 88' lang='lat' dir='ltr'><strong>«Non</strong></span> <span class='ocrx_word' id='word_1_220' title='bbox 505 2037 606 2080; x_wconf 85' lang='lat' dir='ltr'><strong>ergo</strong></span> <span class='ocrx_word' id='word_1_221' title='bbox 619 2020 743 2065; x_wconf 89' lang='lat' dir='ltr'><strong>nobis</strong></span> <span class='ocrx_word' id='word_1_222' title='bbox 758 2020 1099 2073; x_wconf 83' lang='lat' dir='ltr'><strong>communicant,</strong></span> <span class='ocrx_word' id='word_1_223' title='bbox 1110 2019 1222 2064; x_wconf 90' lang='lat' dir='ltr'><strong>sicut</strong></span> <span class='ocrx_word' id='word_1_224' title='bbox 1235 2019 1357 2073; x_wconf 87' lang='lat' dir='ltr'><strong>dicis,</strong></span> <span class='ocrx_word' id='word_1_225' title='bbox 1374 2021 1511 2065; x_wconf 90' lang='lat' dir='ltr'><strong>Nova-</strong></span> 
     </span>
     <span class='ocr_line' id='line_1_27' title="bbox 122 2088 1508 2154; baseline -0.005 -14"><span class='ocrx_word' id='word_1_226' title='bbox 122 2095 248 2150; x_wconf 84' lang='lat' dir='ltr'><strong>tiani,</strong></span> <span class='ocrx_word' id='word_1_227' title='bbox 269 2094 435 2149; x_wconf 87' lang='lat' dir='ltr'><strong>Ariani,</strong></span> <span class='ocrx_word' id='word_1_228' title='bbox 458 2090 1090 2154; x_wconf 69' lang='lat' dir='ltr'><strong>PatripassianiNalentiniani,</strong></span> <span class='ocrx_word' id='word_1_229' title='bbox 1110 2090 1353 2143; x_wconf 68' lang='lat' dir='ltr'><strong>Pafflciani,</strong></span> <span class='ocrx_word' id='word_1_230' title='bbox 1373 2088 1508 2149; x_wconf 82' lang='lat' dir='ltr'><strong>Apel-</strong></span> 
     </span>
     <span class='ocr_line' id='line_1_28' title="bbox 120 2160 1508 2223; baseline -0.005 -13"><span class='ocrx_word' id='word_1_231' title='bbox 120 2165 228 2220; x_wconf 78' lang='lat' dir='ltr'><strong>litae,</strong></span> <span class='ocrx_word' id='word_1_232' title='bbox 258 2165 543 2219; x_wconf 83' lang='lat' dir='ltr'><strong>Marcionitae,</strong></span> <span class='ocrx_word' id='word_1_233' title='bbox 559 2163 750 2223; x_wconf 83' lang='lat' dir='ltr'><strong>Ophitae,</strong></span> <span class='ocrx_word' id='word_1_234' title='bbox 780 2171 1042 2221; x_wconf 76' lang='lat' dir='ltr'><strong>caeteraque,</strong></span> <span class='ocrx_word' id='word_1_235' title='bbox 1061 2170 1110 2204; x_wconf 86' lang='lat' dir='ltr'><strong>ut</strong></span> <span class='ocrx_word' id='word_1_236' title='bbox 1127 2160 1268 2204; x_wconf 86' lang='lat' dir='ltr'><strong>verbis</strong></span> <span class='ocrx_word' id='word_1_237' title='bbox 1291 2160 1373 2204; x_wconf 89' lang='lat' dir='ltr'><strong>tuis</strong></span> <span class='ocrx_word' id='word_1_238' title='bbox 1395 2169 1508 2215; x_wconf 91' lang='lat' dir='ltr'><strong>utar,</strong></span> 
     </span>
     <span class='ocr_line' id='line_1_29' title="bbox 121 2229 1508 2297; baseline -0.008 -16"><span class='ocrx_word' id='word_1_239' title='bbox 121 2236 386 2281; x_wconf 82' lang='lat' dir='ltr'><strong>nefariarum</strong></span> <span class='ocrx_word' id='word_1_240' title='bbox 401 2235 605 2296; x_wconf 88' lang='lat' dir='ltr'><strong>pestium,</strong></span> <span class='ocrx_word' id='word_1_241' title='bbox 635 2249 723 2278; x_wconf 89' lang='lat' dir='ltr'><strong>non</strong></span> <span class='ocrx_word' id='word_1_242' title='bbox 759 2242 970 2277; x_wconf 88' lang='lat' dir='ltr'><strong>sectarum</strong></span> <span class='ocrx_word' id='word_1_243' title='bbox 993 2267 1003 2285; x_wconf 92' lang='lat'><strong>,</strong></span> <span class='ocrx_word' id='word_1_244' title='bbox 1029 2229 1234 2288; x_wconf 80' lang='lat' dir='ltr'><strong>sacrilega</strong></span> <span class='ocrx_word' id='word_1_245' title='bbox 1261 2230 1452 2297; x_wconf 87' lang='lat' dir='ltr'><strong>nomina.</strong></span> <span class='ocrx_word' id='word_1_246' title='bbox 1487 2247 1508 2271; x_wconf 74' lang='lat' dir='ltr'><strong>n</strong></span> 
     </span>
     <span class='ocr_line' id='line_1_30' title="bbox 122 2300 1512 2365; baseline -0.006 -13"><span class='ocrx_word' id='word_1_247' title='bbox 122 2309 436 2352; x_wconf 86' lang='lat' dir='ltr'><strong>Verumtamen</strong></span> <span class='ocrx_word' id='word_1_248' title='bbox 461 2305 732 2365; x_wconf 84' lang='lat' dir='ltr'><strong>ubicumque</strong></span> <span class='ocrx_word' id='word_1_249' title='bbox 755 2313 858 2348; x_wconf 85' lang='lat' dir='ltr'><strong>sunt</strong></span> <span class='ocrx_word' id='word_1_250' title='bbox 880 2303 963 2357; x_wconf 77' lang='lat' dir='ltr'><strong>isti,</strong></span> <span class='ocrx_word' id='word_1_251' title='bbox 991 2300 1077 2345; x_wconf 88' lang='lat' dir='ltr'><strong>illic</strong></span> <span class='ocrx_word' id='word_1_252' title='bbox 1092 2300 1319 2355; x_wconf 81' lang='lat' dir='ltr'><strong>catholica,</strong></span> <span class='ocrx_word' id='word_1_253' title='bbox 1335 2300 1445 2345; x_wconf 89' lang='lat' dir='ltr'><strong>sicut</strong></span> <span class='ocrx_word' id='word_1_254' title='bbox 1467 2300 1512 2344; x_wconf 90' lang='lat' dir='ltr'><strong>in</strong></span> 
     </span>
     <span class='ocr_line' id='line_1_31' title="bbox 123 2370 1514 2432; baseline -0.007 -8"><span class='ocrx_word' id='word_1_255' title='bbox 123 2378 268 2424; x_wconf 69' lang='lat' dir='ltr'><strong>Africa</strong></span> <span class='ocrx_word' id='word_1_256' title='bbox 287 2378 363 2421; x_wconf 91' lang='lat' dir='ltr'><strong>ubi</strong></span> <span class='ocrx_word' id='word_1_257' title='bbox 386 2387 429 2422; x_wconf 88' lang='lat' dir='ltr'><strong>et</strong></span> <span class='ocrx_word' id='word_1_258' title='bbox 442 2393 538 2421; x_wconf 85' lang='lat' dir='ltr'><strong>vos:</strong></span> <span class='ocrx_word' id='word_1_259' title='bbox 564 2385 652 2419; x_wconf 83' lang='lat' dir='ltr'><strong>no&#39;n</strong></span> <span class='ocrx_word' id='word_1_260' title='bbox 666 2383 810 2419; x_wconf 85' lang='lat' dir='ltr'><strong>autern</strong></span> <span class='ocrx_word' id='word_1_261' title='bbox 826 2373 1092 2432; x_wconf 86' lang='lat' dir='ltr'><strong>ubicumque</strong></span> <span class='ocrx_word' id='word_1_262' title='bbox 1105 2370 1329 2416; x_wconf 87' lang='lat' dir='ltr'><strong>Catholica</strong></span> <span class='ocrx_word' id='word_1_263' title='bbox 1342 2380 1421 2425; x_wconf 88' lang='lat' dir='ltr'><strong>est,</strong></span> <span class='ocrx_word' id='word_1_264' title='bbox 1437 2379 1514 2415; x_wconf 91' lang='lat' dir='ltr'><strong>aut</strong></span> 
     </span>
     <span class='ocr_line' id='line_1_32' title="bbox 90 2441 1510 2506; baseline -0.006 -12"><span class='ocrx_word' id='word_1_265' title='bbox 90 2484 91 2506; x_wconf 59' lang='lat'>3</span> <span class='ocrx_word' id='word_1_266' title='bbox 124 2463 200 2493; x_wconf 91' lang='lat' dir='ltr'><strong>vos</strong></span> <span class='ocrx_word' id='word_1_267' title='bbox 217 2448 425 2502; x_wconf 88' lang='lat' dir='ltr'><strong>estis‚aut</strong></span> <span class='ocrx_word' id='word_1_268' title='bbox 437 2446 610 2491; x_wconf 86' lang='lat' dir='ltr'><strong>haeresis</strong></span> <span class='ocrx_word' id='word_1_269' title='bbox 628 2443 836 2505; x_wconf 85' lang='lat' dir='ltr'><strong>quaelibet</strong></span> <span class='ocrx_word' id='word_1_270' title='bbox 865 2441 1185 2487; x_wconf 86' lang='lat' dir='ltr'><strong>illarum.Unde</strong></span> <span class='ocrx_word' id='word_1_271' title='bbox 1208 2451 1386 2501; x_wconf 85' lang='lat' dir='ltr'><strong>apparet</strong></span> <span class='ocrx_word' id='word_1_272' title='bbox 1410 2457 1510 2502; x_wconf 81' lang='lat' dir='ltr'><strong>quae</strong></span> 
     </span>
     <span class='ocr_line' id='line_1_33' title="bbox 90 2511 1511 2575; baseline -0.005 -12"><span class='ocrx_word' id='word_1_273' title='bbox 90 2531 107 2574; x_wconf 61' lang='grc' dir='ltr'><strong>ῑ»</strong></span> <span class='ocrx_word' id='word_1_274' title='bbox 124 2517 180 2563; x_wconf 89' lang='lat' dir='ltr'><strong>sit</strong></span> <span class='ocrx_word' id='word_1_275' title='bbox 194 2518 323 2563; x_wconf 87' lang='lat' dir='ltr'><strong>arbor</strong></span> <span class='ocrx_word' id='word_1_276' title='bbox 339 2532 479 2562; x_wconf 90' lang='lat' dir='ltr'><strong>ramos</strong></span> <span class='ocrx_word' id='word_1_277' title='bbox 496 2531 595 2561; x_wconf 92' lang='lat' dir='ltr'><strong>suos</strong></span> <span class='ocrx_word' id='word_1_278' title='bbox 614 2530 689 2575; x_wconf 89' lang='lat' dir='ltr'><strong>per</strong></span> <span class='ocrx_word' id='word_1_279' title='bbox 712 2515 956 2559; x_wconf 87' lang='lat' dir='ltr'><strong>universam</strong></span> <span class='ocrx_word' id='word_1_280' title='bbox 979 2521 1140 2557; x_wconf 87' lang='lat' dir='ltr'><strong>terram</strong></span> <span class='ocrx_word' id='word_1_281' title='bbox 1160 2513 1283 2572; x_wconf 88' lang='lat' dir='ltr'><strong>copia</strong></span> <span class='ocrx_word' id='word_1_282' title='bbox 1302 2511 1511 2559; x_wconf 80' lang='lat' dir='ltr'><strong>ubertatis</strong></span> 
     </span>
    </p>
   </div>
   <div class='ocr_carea' id='block_1_3' title="bbox 174 2596 1014 2642">
    <p class='ocr_par' dir='ltr' id='par_1_4' title="bbox 174 2596 1014 2642">
     <span class='ocr_line' id='line_1_34' title="bbox 174 2596 1014 2642; baseline -0.01 -5"><span class='ocrx_word' id='word_1_283' title='bbox 174 2609 183 2626; x_wconf 87' lang='lat'><em>¹</em></span> <span class='ocrx_word' id='word_1_284' title='bbox 202 2603 283 2636; x_wconf 82' lang='lat' dir='ltr'><strong>Gen.</strong></span> <span class='ocrx_word' id='word_1_285' title='bbox 302 2612 384 2642; x_wconf 76' lang='grc' dir='ltr'><strong>ιω,</strong></span> <span class='ocrx_word' id='word_1_286' title='bbox 406 2603 460 2636; x_wconf 83' lang='grc' dir='ltr'><strong>ι8.</strong></span> <span class='ocrx_word' id='word_1_287' title='bbox 475 2617 517 2626; x_wconf 88' lang='grc'><strong>-</strong></span> <span class='ocrx_word' id='word_1_288' title='bbox 530 2605 543 2624; x_wconf 85' lang='lat'>²</span> <span class='ocrx_word' id='word_1_289' title='bbox 562 2599 609 2634; x_wconf 88' lang='lat' dir='ltr'><strong>Id.</strong></span> <span class='ocrx_word' id='word_1_290' title='bbox 625 2609 714 2640; x_wconf 80' lang='lat' dir='ltr'><strong>xxvi,</strong></span> <span class='ocrx_word' id='word_1_291' title='bbox 733 2598 766 2640; x_wconf 88' lang='grc'><strong>3,</strong></span> <span class='ocrx_word' id='word_1_292' title='bbox 782 2601 816 2631; x_wconf 85' lang='lat' dir='ltr'><strong>et</strong></span> <span class='ocrx_word' id='word_1_293' title='bbox 833 2607 944 2640; x_wconf 81' lang='lat' dir='ltr'><strong>xxvm,</strong></span> <span class='ocrx_word' id='word_1_294' title='bbox 965 2596 1014 2638; x_wconf 74' lang='lat'><strong>¹4·</strong></span> 
     </span>
    </p>
   </div>
  </div>
 </body>
</html>
