1825 3264
319 273 402 311 396
761 283 793 307 S.
831 281 1062 308 Arcus'rtm
1094 280 1276 307 EPISCOPI

318 350 469 393 veritas
500 349 732 406 ignorares.
779 346 976 406 Denique
1019 346 1163 389 statim
1183 380 1194 398 ,
1241 345 1353 389 sicut
1382 359 1526 388 narras
1561 349 1569 369 ¹
1600 379 1610 399 ,
1648 360 1700 388 ex

315 420 464 463 vestris
487 419 699 478 episcopis
733 416 978 475 diligentius
999 416 1212 475 inquisisti
1233 436 1244 473 3
1269 425 1399 475 atque
1417 416 1518 474 ipsis
1541 416 1702 460 docen-

315 490 449 544 tibus,
476 499 518 533 et
532 489 758 534 decretum
778 487 965 543 concilii,
984 498 1027 532 et
1049 488 1304 532 sententiam
1321 487 1367 531 in
1389 502 1460 531 eos
1483 488 1558 546 qui
1578 487 1698 531 dam*

313 563 403 605 nati
427 571 528 605 sunt
552 561 711 604 dictam
732 595 742 615 ,
766 569 811 604 et
832 560 892 603 rei
921 560 1052 604 totius
1082 558 1280 603 ordinem
1304 558 1562 617 cognovisti.
1595 576 1615 599 »
1647 561 1702 602 Et

315 632 415 692 quia
436 641 479 675 et
496 646 564 674 me
582 630 687 690 quid
707 640 873 689 gestum
890 630 943 673 sit
960 630 1160 688 ignorare
1181 628 1404 683 credebas,
1422 627 1529 688 quid
1548 628 1704 673 veritas

316 702 499 745 haberet
517 702 711 745 hortatus
727 710 776 744 ut
794 700 1020 754 discerem,
1033 700 1090 744 ita
1110 699 1312 758 deinceps
1330 708 1486 743 cuncta
1506 699 1701 742 narrasti.

316 777 428 821 Vide
461 777 562 836 quia
584 777 626 820 in
657 777 738 820 hac
768 791 895 821 causa
921 776 1052 820 verba
1079 776 1167 834 ipsa
1191 784 1265 819 tua
1291 790 1408 834 pono
1438 790 1488 819 ex
1513 773 1704 833 Epistola

317 857 407 901 tua,
435 857 537 891 sunt
555 848 675 890 enim
696 847 799 890 mihi
823 847 1151 906 pernecessaria.

375 919 539 960 XVIII.
564 936 581 958 «
604 919 716 961 Cum
733 932 863 976 quam
888 917 1118 976 plurimos,
1143 916 1288 975 inquis
1303 950 1314 968 ,
1341 917 1565 975 episcopos
1588 930 1707 959 error

316 988 396 1030 sibi
435 987 681 1031 Maximiani
708 987 869 1030 sociare
900 987 1184 1030 contenderet
1208 1020 1218 1039 ,
1245 994 1470 1030 contracto
1500 1001 1523 1029 a
1552 985 1707 1029 nostris

317 1057 500 1102 concilio
517 1091 527 1110 ,
562 1058 605 1099 in
627 1072 698 1100 eos
715 1071 864 1100 omnes
881 1057 956 1116 qui
975 1057 1019 1099 in
1037 1057 1127 1115 ejus
1150 1056 1379 1101 schismate
1399 1056 1703 1115 perstitissent,

316 1125 483 1187 prolata
506 1128 719 1171 sententia
743 1136 830 1171 est:
857 1142 987 1186 quam
1014 1135 1062 1170 tu
1085 1142 1262 1186 quoque
1284 1136 1327 1171 te
1348 1127 1499 1186 legisse
1522 1127 1703 1171 testaris.

316 1204 420 1250 Quae
439 1213 538 1241 cum
561 1197 773 1242 sententia
796 1213 1010 1242 consensu
1032 1198 1229 1241 omnium
1254 1200 1500 1242 firmaretur
1517 1233 1527 1253 ,
1544 1198 1709 1256 placuit

315 1277 483 1323 tamen,
510 1269 669 1328 inquis,
690 1268 865 1313 decreto
889 1269 1059 1313 concilii
1091 1269 1346 1313 dilationem
1371 1270 1577 1328 temporis
1595 1267 1703 1323 dari,

317 1340 427 1383 intra
449 1339 567 1398 quod
592 1341 624 1383 si
649 1341 744 1400 quis
766 1341 922 1399 corrigi
944 1341 1150 1385 voluisset
1171 1376 1180 1394 ,
1216 1341 1425 1384 innocens
1455 1341 1703 1384 haberetur.

321 1430 340 1451 «
365 1412 430 1455 Sic
456 1410 618 1454 factum
638 1421 715 1464 est,
735 1411 906 1470 inquis‘2
928 1447 938 1465 ‚
960 1421 1009 1455 ut
1023 1427 1112 1455 non
1134 1410 1272 1455 solum
1298 1412 1387 1455 duo
1407 1411 1469 1454 illi
1487 1426 1596 1470 quos
1614 1425 1706 1454 me-

316 1496 456 1524 moras
475 1517 484 1534 ,
511 1481 585 1524 sed
608 1482 737 1525 etiam
761 1481 888 1525 multi
911 1482 983 1525 alii
1007 1482 1179 1540 purgati
1212 1491 1343 1539 atque
1379 1481 1635 1525 innocentes
1665 1495 1709 1524 se

318 1551 521 1595 Ecclesiae
546 1551 1046 1605 reddidissent.Quorum
1069 1553 1168 1597 ideo
1189 1552 1402 1611 baptisma
1417 1551 1600 1596 rescindi
1619 1567 1707 1596 non

317 1620 490 1675 debuit,
510 1623 610 1680 quia
633 1623 745 1665 intra
761 1621 877 1665 diem
896 1623 1187 1681 praestitutum
1210 1623 1396 1667 restituti
1419 1623 1708 1681 peremptoria

318 1691 530 1735 sententia
561 1708 649 1735 non
673 1702 925 1736 tenerentur
951 1714 960 1749 3
993 1709 1072 1737 nec
1100 1709 1200 1737 cum
1230 1694 1498 1752 baptizarent
1531 1693 1709 1736 fuerunt

318 1763 372 1805 ab
399 1762 587 1806 Ecclesia
608 1764 818 1820 separati,
845 1764 1007 1823 quippe
1037 1779 1117 1807 nec
1146 1763 1250 1807 dum
1275 1764 1478 1806 transacti
1501 1763 1708 1822 temporis

316 1830 494 1875 definita
516 1841 626 1875 meta
650 1831 870 1891 disjuncti.
908 1834 961 1876 Hi
983 1842 1128 1877 autem
1151 1834 1227 1892 qui
1251 1834 1378 1876 ctiam
1404 1841 1501 1891 post
1524 1832 1709 1890 praedic-

318 1910 409 1944 tum
431 1902 548 1945 diem
571 1917 669 1945 cum
693 1903 956 1947 Maximiano
978 1903 1257 1961 pertinaciter
1277 1903 1572 1962 perstiterunt,
1611 1918 1709 1946 sen-

319 1972 451 2015 tentia
475 1971 766 2016 damnationis
787 1974 958 2027 retenti,
973 1973 1100 2016 simul
1116 1973 1386 2031 etbaptisma
1408 1982 1450 2016 et
1473 1971 1707 2016 Ecclesiam

320 2041 614 2100 perdiderunt.
637 2062 654 2083 »
674 2045 776 2086 Haec
798 2044 928 2087 verba
952 2053 1025 2087 tua
1048 2052 1180 2094 certe,
1207 2043 1266 2086 mi
1287 2044 1506 2098 Cresconi,
1527 2057 1708 2101 cognos-

317 2112 374 2155 cis
397 2128 446 2155 ex
465 2112 671 2172 Epistolae
694 2122 779 2157 tuae
799 2115 1073 2158 contextione
1094 2128 1304 2172 expressa.

373 2186 494 2226 XIX.
524 2185 708 2228 Proinde
731 2200 882 2244 quaero
905 2186 981 2229 abs
1010 2195 1052 2229 te
1079 2204 1087 2230 :
1117 2204 1136 2226 «
1160 2185 1205 2229 Si
1235 2184 1431 2228 nondum
1459 2183 1632 2227 fuerant
1652 2183 1706 2226 ab

315 2254 508 2298 Ecclesia
530 2256 744 2313 separati,
780 2255 1003 2314 quomodo
1040 2257 1084 2298 in
1113 2269 1184 2298 eos
1212 2269 1361 2298 omnes
1391 2254 1465 2313 qui
1494 2253 1539 2295 in
1566 2253 1704 2297 Maxi-

316 2324 448 2366 miani
471 2325 699 2368 schismate
721 2325 1034 2383 perstitissent,
1058 2323 1225 2383 prolata
1254 2324 1465 2366 sententia
1493 2331 1581 2376 est,
1607 2337 1706 2382 quae

317 2408 416 2436 cum
440 2410 651 2438 consensu
675 2396 871 2439 omnium
889 2396 1157 2450 firmaretur,
1184 2394 1345 2453 placuit
1367 2403 1512 2437 tamen
1532 2393 1706 2437 decreto

317 2464 489 2507 concilii
519 2464 773 2510 dilationem
803 2466 1008 2525 temporis
1025 2466 1133 2516 dari,
1158 2466 1270 2509 intra
1299 2466 1417 2524 quod
1437 2465 1470 2507 si
1492 2464 1587 2523 quis
1608 2478 1703 2507 cor-

318 2533 396 2590 rigi
416 2534 635 2589 voluisset,
661 2537 867 2579 innocens
886 2536 1148 2580 haberetur?
1173 2553 1193 2576 »
1215 2535 1383 2588 Quibus
1404 2534 1543 2578 verbis
1561 2542 1705 2577 osten-

369 2613 374 2626 ¹
402 2606 478 2638 Vide
496 2608 589 2639 intra,
609 2608 664 2639 lib.
686 2620 731 2644 iv,
751 2619 821 2649 cap.
840 2619 891 2650 ¹27.
906 2627 945 2633 —
961 2616 971 2632 ²
995 2611 1202 2641 Praetextatus
1222 2612 1252 2641 ct
1274 2608 1457 2640 Felicianus.
