1825 3264
267 228 428 258 cothA
460 229 725 257 cnssscomum
759 230 1048 268 nouinismm,
1085 230 1166 256 Lm.
1204 230 1251 256 11.
1377 219 1460 257 365

75 296 151 342 illo
173 296 346 356 prodito
360 312 404 340 se
419 296 595 355 agnovit
617 311 640 339 a
662 304 836 340 mortuo
857 297 1137 356 baptizatum.
1159 297 1201 342 Si
1219 295 1335 340 enim
1354 312 1463 342 con-

74 367 251 412 scientia
288 375 516 427 propterea
544 366 645 410 laedi
670 382 757 411 non
781 367 951 426 potuit,
977 368 1078 427 quia
1108 367 1312 425 nescivit3
1346 383 1464 412 nunc

74 438 227 497 incipit
247 437 366 491 laedi,
392 439 493 498 quia
516 437 639 482 scivit
666 456 675 482 ε
702 436 822 481 velut
843 437 878 481 si
896 439 1042 482 tunica
1065 438 1119 481 de
1143 438 1370 483 latrocinio
1392 454 1465 482 ne-

73 508 210 553 sciens
229 509 460 552 vestiretur
475 543 486 563 ,
511 524 562 552 ex
583 507 658 552 illo
682 507 731 552 fit
757 507 999 568 iniquitatis
1018 508 1145 553 vestis
1167 508 1262 563 illa,
1294 525 1344 553 ex
1376 525 1465 570 quo

74 579 345 638 cognoverit,
370 588 413 622 et
432 579 520 637 ipse
537 578 714 637 iniquus
735 577 816 622 nisi
834 578 1039 638 abjecerit
1069 598 1077 623 :
1103 588 1146 623 ct
1174 579 1250 638 qui
1272 579 1467 624 nesciens

74 665 251 694 uxorem
274 650 449 694 duxerit
471 648 677 704 alienam,
705 665 756 693 ex
775 647 850 693 illo
873 649 922 692 fit
945 648 1138 703 adulter,
1165 665 1217 693 ex
1240 665 1329 710 quo
1351 649 1466 694 didi-

72 721 194 775 cerit,
208 721 288 764 nisi
302 720 556 765 discesserit.
570 720 758 779 Abjiciat
768 735 869 778 ergo
882 729 925 764 et
942 721 1021 764 iste
1034 721 1297 780 baptismum
1307 757 1317 776 ‚
1334 736 1467 780 quem

71 806 116 834 se
139 806 161 834 a
187 801 360 836 mortuo
383 791 622 850 percepisse
645 791 864 850 cognovit.
894 791 1037 835 Habet
1061 791 1177 834 enim
1196 792 1317 851 quod
1338 792 1469 836 faciat

71 861 230 916 adbuc,
251 862 460 921 baptizari
476 863 634 906 iterum
657 871 812 921 potest.
836 865 1059 906 Postremo
1082 863 1224 906 scierit
1247 862 1463 916 nescierit,

76 951 96 974 «
112 936 333 978 Amortuo
347 934 604 993 baptizatus,
617 933 725 993 quid
738 934 775 976 ei
788 933 1128 992 prodestlavatio
1142 934 1258 993 ejus?
1273 953 1292 975 «
1312 934 1468 1012 Stricta

71 1005 285 1049 sententia
309 1014 388 1059 est,
419 1006 530 1049 sicut
554 1014 597 1049 et
627 1015 674 1048 tu
704 1005 794 1064 ipse
815 1005 1241 1057 clamas‚'neminem
1267 1013 1434 1064 excepit
1457 1023 1465 1047 :

71 1078 107 1118 Α
127 1085 317 1131 mortuo,
344 1076 540 1136 inquam,
578 1075 821 1134 baptizatus
843 1085 927 1130 est,
953 1074 1063 1118 nihil
1085 1076 1121 1119 ei
1147 1075 1324 1134 prodest
1349 1076 1468 1119 lava-

72 1144 133 1188 tio
154 1146 261 1205 ejus.
295 1166 314 1186 »
339 1146 552 1191 Mundate
582 1146 804 1190 hominem
826 1145 1088 1204 baptizando
1108 1146 1183 1205 qui
1207 1145 1366 1199 vivitis,
1394 1155 1469 1190 aut

72 1216 274 1275 vosipsos
292 1217 437 1275 potius
453 1217 507 1261 ab
531 1217 613 1261 hoc
632 1232 775 1260 errore
798 1217 1024 1271 mundate,
1048 1232 1102 1260 ne
1126 1215 1223 1260 talia
1239 1215 1468 1260 sentiendo

71 1287 270 1345 pereatis.
298 1286 538 1333 Contendis
573 1287 689 1331 enim
712 1288 832 1332 velut
855 1288 1059 1332 adversus
1090 1303 1184 1338 me,
1220 1297 1268 1331 ut
1294 1286 1466 1331 nullum

71 1367 299 1418 exceptum
322 1358 438 1402 dicas
460 1358 506 1402 in
529 1373 579 1402 eo
599 1358 719 1418 quod
737 1358 946 1417 scriptum
970 1368 1055 1412 est,
1086 1378 1104 1399 «
1129 1358 1288 1402 Oleum
1310 1373 1464 1416 pecea-

74 1429 197 1473 toris¹
229 1449 237 1474 ς
262 1438 332 1484 et,
359 1430 444 1482 Qui
468 1430 711 1488 baptizatur
734 1446 756 1473 a
778 1439 952 1474 mortuo
980 1448 988 1473 :
1018 1448 1037 1470 »
1065 1445 1145 1473 nee
1168 1439 1210 1473 te
1230 1429 1360 1473 sentis
1384 1444 1467 1473 no-

70 1500 177 1544 dum
210 1516 299 1560 quo
330 1500 488 1560 ligatus
525 1515 595 1556 es,
628 1500 857 1544 renitendo
891 1500 1204 1558 constringere.
1232 1503 1326 1544 lloc
1349 1500 1466 1543 enim

70 1587 168 1630 ago,
194 1572 277 1616 hoe.
299 1572 429 1626 insto,
451 1572 554 1616 hinc
575 1587 651 1616 vos
674 1571 727 1615 ad
751 1570 1008 1616 mutandam
1028 1587 1181 1616 vanam
1204 1586 1466 1631 perversam-

71 1658 157 1702 que
178 1644 435 1687 sententiam
458 1653 663 1701 urgenter
685 1644 880 1702 impingo
896 1678 906 1698 ‚
936 1652 984 1687 ut
1020 1645 1065 1686 in
1103 1643 1200 1687 oleo
1232 1642 1468 1703 peccatoris

71 1723 115 1758 et
152 1715 313 1759 mortui
350 1715 590 1774 baptismo,
631 1714 778 1759 nullus
812 1724 1012 1759 mortuus
1027 1750 1037 1768 ‚
1078 1714 1227 1758 nullus
1265 1723 1468 1774 peccator

72 1795 277 1845 exceptus
297 1785 351 1830 sit
379 1804 386 1830 :
413 1785 524 1829 sicut
556 1795 603 1829 tu
627 1801 704 1844 pro
737 1801 806 1829 me
834 1786 956 1830 velut
983 1795 1135 1830 contra
1165 1800 1233 1828 me
1254 1785 1462 1844 loqueris.

71 1857 135 1899 Ita
151 1857 266 1900 enim
285 1872 366 1901 nec
382 1855 581 1900 occultus
596 1856 808 1915 excipitur
831 1875 839 1900 ;
860 1871 950 1915 quo
968 1856 1177 1899 evertitur
1195 1852 1467 1914 omnent-iod

70 1927 289 1986 loqueris3
317 1943 365 1972 ae
389 1928 448 1971 sic
471 1927 739 1986 rebaptizare
762 1935 981 1985 eoguntur
1003 1927 1078 1986 qui
1101 1935 1143 1970 te
1170 1926 1271 1970 talia
1301 1926 1465 1970 docue-

73 2007 192 2053 runt,
218 2014 367 2042 omnes
389 2014 499 2058 quos
527 1997 583 2042 ab
606 1997 786 2042 occultis
809 1997 930 2041 malis
951 1998 1191 2057 baptizatos
1211 1997 1256 2041 in
1279 1998 1358 2043 hac
1380 1999 1465 2042 vita

72 2069 259 2129 reperire
281 2070 518 2128 potuerint.

131 2142 343 2184 XXXIII.
380 2139 495 2193 Quid
529 2139 640 2197 agis,
682 2154 771 2199 quo
800 2150 842 2183 te
865 2140 1080 2184 convertis
1097 2174 1107 2193 ‚
1133 2139 1264 2183 verba
1286 2148 1359 2183 tua
1384 2140 1464 2183 tibi

73 2210 324 2254 recitantur.
345 2212 442 2255 Non
465 2209 605 2254 solum
625 2209 742 2253 enim
760 2225 809 2254 ca
825 2225 922 2254 eum
942 2210 1130 2254 dicerem
1147 2225 1234 2254 non
1252 2209 1460 2264 refellisti,

72 2279 148 2324 sed
171 2280 365 2324 nesciens
399 2280 507 2339 quid
536 2295 681 2323 mcum
716 2279 921 2338 elegeris,
957 2279 1048 2324 aliis
1078 2281 1218 2324 verbis
1256 2289 1462 2340 tanquam

73 2359 195 2394 tuum
220 2351 303 2395 hoe
318 2348 434 2394 idem
452 2351 541 2408 ipse
559 2349 729 2406 dixisti3
753 2360 795 2393 et
813 2350 1124 2409 indiligentius
1143 2349 1282 2393 audiri
1301 2360 1342 2393 et
1357 2366 1463 2394 con—

71 2421 247 2465 siderari
271 2431 436 2480 posset,
459 2421 684 2480 scripsisti,
715 2431 762 2464 ut
789 2422 862 2464 tibi
891 2421 1061 2480 quotics
1094 2422 1270 2465 libuerit
1306 2422 1461 2466 recite-

75 2500 159 2535 tur.
178 2492 293 2535 Audi
316 2507 418 2550 crgo
434 2492 564 2535 verba
586 2500 673 2546 tua,
697 2506 854 2550 nempe
877 2491 954 2535 ista
971 2500 1072 2535 sunt
1095 2510 1102 2535 :
1128 2510 1147 2533 «
1167 2491 1294 2544 Quod
1309 2492 1342 2536 si
1358 2491 1461 2537 idoli

126 2579 133 2598 ¹
163 2576 241 2608 Psal.
263 2586 333 2615 cm,
356 2574 388 2606 5.
