1825 3264
260 254 418 283 con'rnA
453 255 714 284 cnssscomtu
746 255 1032 295 DONATISTAM,
1067 259 1149 285 us.
1187 256 1252 284 111.
1366 245 1445 285 401

67 320 306 365 schismatis
328 321 593 380 sacrilegium
618 330 986 382 perpetraverant,
1006 322 1081 367 sed
1100 332 1199 367 ante
1217 322 1330 368 diem
1349 338 1450 368 con-

65 406 191 436 cessae
213 391 431 438 dilationis
455 394 606 439 eodem
635 392 858 452 sacrilegio
881 394 1077 439 nondum
1107 395 1280 439 fuerant
1302 395 1451 455 inqui-

64 462 154 506 nati
173 497 184 517 ,
209 472 252 507 et
273 463 372 508 ideo
390 479 478 508 non
501 464 643 524 putati
666 472 767 508 sunt
788 464 1006 523 expiandi.

121 534 291 577 XXIII.
321 536 412 579 Hoc
431 535 464 578 si
486 535 544 579 ita
569 543 647 589 est,
672 535 835 594 quivos
849 550 937 579 non
954 536 1124 591 audiat,
1150 536 1228 596 qui
1251 544 1339 580 tam
1365 536 1450 579 mi-

63 602 244 647 rabilem
260 614 514 664 potestatem
529 606 571 648 in
591 605 787 649 homines
804 607 1053 665 accepistis?
1076 610 1261 650 Peccant
1274 607 1452 666 quando

64 673 245 730 volunt,
291 685 334 720 et
369 677 656 736 inquinantur
690 676 868 736 quando
904 677 1047 721 vultis.
1082 679 1177 721 Non
1216 678 1451 722 obscurum

61 744 225 804 aliquid
249 747 478 791 recitamus
497 782 507 801 ,
534 747 733 790 minusve
760 756 915 791 notum
941 756 1072 807 atque
1099 748 1344 806 vulgatum.
1372 745 1451 790 Illa

59 816 271 860 sententia
293 825 372 871 est,
395 833 494 876 quae
520 825 651 860 tantae
669 816 886 861 facundiae
902 818 1058 861 merito
1081 818 1125 861 in
1141 818 1342 861 manibus
1363 832 1452 861 om-

58 885 197 941 nium,
212 887 258 930 in
273 888 468 931 omnium
488 902 561 932 ore
573 895 781 942 versatur,
804 889 879 948 qui
893 888 1179 947 legendorum
1193 888 1346 931 talium
1360 897 1452 931 stu-

57 955 165 1002 diosi
184 967 285 1002 sunt
305 977 314 1002 :
338 958 393 1003 de
415 975 501 1018 qua
525 974 640 1003 nunc
655 957 808 1003 saltem
832 959 970 1003 cernis
983 974 1115 1019 quam
1139 973 1237 1002 vere
1250 957 1450 1013 dixerim,

61 1045 81 1069 α
115 1029 234 1088 quod
270 1045 359 1075 non
386 1045 480 1073 eam
513 1029 726 1073 deberent
758 1029 899 1087 primo
921 1030 1109 1089 gaudere
1136 1029 1358 1084 disertam,
1399 1043 1454 1072 ne

56 1109 202 1158 postea
238 1100 496 1159 plangerent
523 1099 836 1144 diffamatam.
874 1122 890 1141 »
919 1100 1107 1145 Attende
1136 1100 1244 1160 quid
1274 1099 1448 1153 habeat,

57 1171 160 1214 audi
183 1172 290 1230 quid
313 1181 568 1231 perstrepat.

112 1243 273 1286 XXIV.
299 1241 669 1295 «Maximianum,
696 1242 854 1301 inquit,
880 1240 981 1284 fidei
1004 1240 1231 1294 aemulum,
1259 1239 1450 1283 veritatis

54 1309 326 1367 adulterum,
355 1312 562 1356 Ecclesiae
592 1312 738 1355 matris
760 1311 983 1355 inimicum
1003 1347 1013 1366 ,
1042 1312 1215 1365 Dathae,
1241 1311 1384 1355 Chore
1406 1317 1450 1352 et

53 1382 219 1427 Abiron
238 1383 507 1437 ministrum,
533 1383 589 1426 de
612 1382 726 1441 pacis
749 1383 913 1440 gremio
935 1382 1162 1426 sententiae
1187 1380 1357 1425 fulmen
1379 1396 1449 1424 ex-

52 1454 198 1498 cussit.
223 1470 244 1496 »
264 1456 378 1500 Cum
406 1455 490 1499 hoc
513 1454 646 1512 igitur
672 1453 705 1497 si
726 1454 822 1513 quis
842 1462 1161 1498 sacramentum
1186 1451 1330 1496 altaris
1358 1466 1447 1495 uno

52 1522 122 1568 die
170 1524 306 1569 sciens
337 1524 700 1569 communicasset
734 1523 975 1567 secundum
1005 1522 1359 1582 jactantissimam
1393 1520 1446 1564 il-

50 1592 136 1637 lam
149 1596 420 1640 severitatem
430 1604 633 1649 vestram,
650 1609 738 1638 non
751 1595 806 1637 de
819 1602 941 1638 tanto
957 1592 1070 1637 malo
1083 1594 1142 1636 sic
1154 1591 1442 1651 pollueretur,

50 1672 100 1707 ut
141 1680 217 1723 par
259 1667 349 1725 ejus
377 1667 530 1709 fieret?
565 1664 680 1718 Quid
709 1680 812 1723 ergo
842 1663 1035 1717 fuerunt,
1066 1664 1133 1707 vel
1164 1662 1271 1721 quid
1295 1676 1344 1705 ex
1367 1660 1443 1705 illo

49 1733 152 1778 facti
173 1745 274 1780 sunt
295 1770 305 1790 ,
331 1736 406 1796 qui
426 1751 515 1780 non
535 1734 675 1779 solum
701 1735 755 1777 ad
784 1733 933 1778 altaria
956 1748 1055 1777 cum
1077 1748 1128 1777 eo
1151 1741 1438 1786 accesserunt,

49 1820 200 1850 verum
234 1807 361 1850 etiam
390 1807 469 1866 ipsi
491 1821 591 1849 eum
619 1805 869 1849 ordinatum
893 1806 1142 1863 episcopum
1166 1811 1315 1847 contra
1346 1803 1441 1846 Pri-

48 1876 242 1920 mianum
267 1886 458 1922 vestrum
483 1875 633 1919 erectis
656 1875 865 1918 altaribus
888 1873 1208 1918 admoverunt?
1232 1872 1314 1917 Sed
1331 1871 1437 1931 quid

48 1961 129 2006 ego
152 1956 193 1991 te
215 1949 269 1990 de
288 1947 377 1990 istis
399 1947 691 2002 interrogem?
714 1947 805 2001 Ipsa
823 1944 1037 1987 sententia
1057 1943 1263 2001 loquatur
1282 1977 1291 1994 ‚
1317 1943 1439 2001 cujus

46 2017 177 2060 verba
206 2016 266 2061 sic
296 2015 487 2074 fulgent,
517 2024 565 2058 ut
598 2015 631 2058 si
661 2029 752 2057 eam
782 2013 1004 2058 volueritis
1027 2012 1307 2065 abscondere,
1334 2027 1439 2070 qua·

18 2086 254 2130 -rumlibet
286 2087 551 2131 latebrarum
584 2085 782 2129 tenebras
810 2099 887 2127 suo
915 2083 1048 2127 nimio
1076 2082 1306 2142 splendore
1334 2097 1434 2140 pcr-

47 2166 235 2216 rumpat.
274 2156 508 2200 Videamus
536 2156 580 2198 in
610 2155 748 2199 socios
773 2153 1052 2207 Maximiani,
1093 2163 1259 2212 quanto
1290 2152 1434 2195 sonitu

47 2226 336 2272 damnationis
359 2227 568 2285 insurgat.

104 2301 245 2343 XXV.
277 2318 296 2340 «
321 2301 409 2342 Nec
445 2296 586 2341 solum
631 2296 773 2348 hunc,
818 2295 976 2354 inquit,
1022 2293 1191 2338 sceleris
1226 2294 1291 2336 sui
1321 2307 1435 2336 mors

40 2369 157 2428 justa
196 2369 494 2414 condemnat:
523 2366 654 2410 trahit
693 2367 821 2409 etiam
850 2364 903 2407 ad
938 2365 1202 2407 consortium
1244 2363 1434 2406 criminis

47 2439 258 2498 plurimos
280 2448 430 2483 catena
455 2435 688 2493 sacrilegii,
714 2434 768 2478 de
790 2434 951 2492 quibus
975 2433 1183 2490 scriptum
1207 2441 1286 2486 cst,
1316 2450 1334 2471 «
1358 2434 1437 2474 Vc-

50 2527 70 2550 »
107 2524 270 2553 nenum
301 2506 497 2567 aspidum
526 2505 608 2549 sub
638 2503 762 2547 labiis
788 2518 937 2547 eorum
960 2536 971 2556 ,
1003 2516 1190 2562 quorum
1220 2517 1266 2545 os
1301 2500 1434 2545 male-

96 2600 104 2617 ¹
124 2594 201 2626 Vide
219 2593 264 2624 lib
283 2604 289 2624 ι
313 2596 424 2624 contra
442 2591 582 2623 Petilian.
601 2600 673 2631 cap.
703 2599 749 2619 ιο.

235 2657 409 2687 cxxxix
1194 2641 1244 2680 213
