1825 3264
327 243 380 279 36
747 242 779 270 s.
817 242 1042 269 Ancum-mi
1082 239 1258 265 Episcom

383 315 538 358 LVIII.
576 313 833 353 Pssanws
856 306 962 350 dixit
986 324 993 349 2
1024 323 1041 344 «
1077 307 1183 347 Nam
1210 316 1310 346 cum
1333 316 1429 346 reus
1452 299 1557 345 falsa
1580 314 1702 344 com-

323 385 482 437 mittaS,
508 381 571 424 bis
603 378 816 438 baptisma
839 391 919 435 ego
947 389 1037 418 non
1063 373 1192 428 facio,
1217 372 1336 433 quod
1354 370 1486 416 semel
1507 372 1596 430 ipse
1614 384 1703 413 non

319 453 439 498 facis.
460 470 478 492 »

379 523 491 566 LIX.
529 523 804 564 Aucusrnws
825 514 1046 575 respondit
1068 533 1076 559 :
1109 516 1196 559 Nec
1214 528 1311 558 reos
1341 527 1418 557 nos
1441 511 1599 572 probas
1627 529 1636 554 ε
1662 518 1706 554 et

323 594 356 638 si
374 607 470 636 reus
491 591 704 650 baptismo
725 587 834 632 falso
850 586 1054 646 baptizat,
1080 600 1170 629 non
1188 584 1353 629 habent
1375 593 1525 628 v‘erum
1548 581 1707 641 baptis-

324 678 461 718 mum,
486 669 704 722 quotquot
726 660 780 703 ab
803 659 860 702 eis
884 657 1173 716 baptizantur,
1197 655 1273 716 qui
1293 654 1412 714 apud
1432 669 1506 699 vos
1528 668 1618 698 non
1636 667 1708 697 so·

324 732 415 777 lum
430 731 662 785 manifesti,
684 729 759 773 sed
778 729 906 772 etiam
927 727 1088 772 occulti
1104 727 1192 786 jam
1217 727 1276 770 rei
1293 735 1409 771 sunt.
1429 726 1470 770 Si
1487 725 1602 768 enim
1618 737 1709 767 rem

327 804 404 848 Dei
426 803 515 857 dat,
537 803 610 861 qui
634 801 894 859 baptismum
915 798 990 843 dat
1008 834 1019 856 ,
1038 813 1137 842 curn
1155 799 1243 858 jam
1271 801 1361 842 Deo
1380 812 1476 841 reus
1493 806 1578 850 est,
1599 810 1712 855 quo-

326 873 459 918 modo
489 888 578 916 rem
606 872 679 916 Dei
701 872 802 925 dat,
828 874 860 914 si
893 885 989 914 reus
1011 884 1164 914 verum
1189 870 1451 929 baptismum
1486 883 1574 912 non
1597 865 1672 910 dat
1693 867 1712 909 Ρ

330 944 413 989 Sed
428 945 541 988 enim
558 943 788 1002 expectatis
802 950 850 986 ut
869 951 912 986 et
922 941 1046 987 vobis
1063 956 1161 985 reus
1180 941 1248 995 sit,
1265 939 1388 1000 quasi
1402 937 1522 1000 quod
1533 937 1714 982 daturus

327 1025 390 1060 est
406 1025 595 1060 vestrum
615 1014 682 1058 sit.

387 1088 478 1129 LX.
516 1088 774 1129 PE‘riLlAix‘Us
798 1083 927 1127 dixit:
949 1102 969 1125 «
992 1086 1102 1128 Nam
1126 1083 1160 1127 si
1182 1083 1292 1127 veris
1314 1082 1418 1126 falsa
1443 1081 1712 1140 permisceas,

326 1156 477 1199 iisdem
500 1170 612 1213 saepe
635 1155 822 1213 vestigiis
852 1168 1003 1197 verum
1028 1152 1188 1198 falsitas
1210 1153 1421 1197 imitatur.
1449 1151 1533 1206 Sic,
1557 1151 1615 1195 sic
1633 1151 1715 1194 ho-

329 1225 488 1268 minem
513 1224 687 1268 simulat
714 1233 881 1268 naturae
904 1224 1072 1282 pictura
1091 1239 1259 1276 verum,
1287 1239 1385 1283 quae
1405 1221 1627 1267 coloribus
1649 1236 1718 1264 ex-

330 1296 477 1354 primit
498 1294 625 1339 falsas
650 1294 778 1338 facies
796 1295 1002 1338 veritatis.
1027 1295 1110 1349 Sic,
1138 1296 1197 1339 sic
1221 1293 1384 1354 speculi
1406 1294 1521 1338 nitor
1545 1292 1715 1337 vultum

331 1366 459 1423 rapit,
485 1373 534 1407 ut
566 1373 735 1408 revocet
758 1363 906 1408 oculos
928 1364 1160 1408 intuentis:
1188 1365 1262 1419 sic,
1289 1365 1348 1409 sic
1370 1364 1501 1409 offert
1523 1362 1719 1423 proprios

331 1435 606 1479 venientibus
628 1433 790 1488 vultus,
816 1443 865 1478 ut
887 1436 974 1493 ipsa
993 1435 1163 1479 sibimet
1181 1436 1366 1480 invicem
1391 1434 1518 1478 facies
1538 1434 1719 1478 venien-

332 1506 384 1549 tis
406 1515 603 1549 occurrat
632 1526 639 1549 2
666 1515 927 1564 tantumque
951 1504 1065 1549 valet
1087 1506 1251 1550 munda
1275 1504 1460 1560 fallacia,
1488 1515 1536 1549 ut
1559 1505 1638 1563 ipsi
1657 1519 1718 1558 se,

333 1578 408 1635 qui
430 1577 658 1636 pervident
681 1576 822 1631 oculi,
849 1578 971 1636 quasi
993 1578 1037 1620 in
1056 1577 1191 1622 altero
1210 1594 1300 1622 sese
1322 1585 1599 1636 cognoscant.
1626 1578 1723 1635 Ipsa

333 1662 510 1706 quoque
527 1646 681 1690 umbra
705 1661 805 1690 cum
827 1647 990 1690 steterit
1009 1682 1018 1701 ‚
1041 1648 1248 1706 imagines
1273 1648 1463 1707 geminat
1485 1661 1639 1704 magna
1671 1660 1722 1688 ex

334 1726 455 1779 parte
479 1715 703 1760 mendacio
734 1716 930 1760 dividens
951 1718 1173 1760 unitatem.
1198 1718 1423 1777 Numquid
1446 1716 1544 1762 ideo
1567 1730 1720 1761 verum

337 1797 415 1843 est,
433 1789 533 1848 quia
552 1789 690 1846 figura
706 1788 947 1831 mentitur?
974 1786 1055 1832 Sed
1074 1788 1191 1831 aliud
1205 1798 1267 1832 cst
1283 1788 1501 1833 hominem
1525 1788 1721 1847 pingere,

338 1859 456 1902 aliud
476 1873 693 1917 generare.
711 1861 820 1903 Nam
839 1858 935 1918 quis
956 1859 1063 1916 patri
1082 1858 1192 1902 filios
1208 1858 1440 1918 exoptandi
1457 1857 1584 1902 falsos
1599 1857 1726 1916 fingit

340 1929 553 1983 infantes,
588 1939 662 1973 aut
689 1929 784 1988 quis
815 1930 993 1988 picturae
1028 1929 1254 1974 mendacio
1279 1946 1401 1974 veros
1423 1920 1628 1973 haeredes'
1650 1945 1721 1972 ex-

342 2002 516 2058 pectet?
544 1999 744 2043 Profecto
779 1999 990 2043 dementis
1033 2001 1165 2044 animi
1188 2010 1272 2055 est,
1303 2001 1488 2045 demisso
1523 2015 1574 2044 eo
1606 1997 1727 2059 quod

341 2085 492 2114 verum
515 2079 593 2123 est,
612 2085 755 2113 amare
777 2070 1006 2129 picturam.
1037 2089 1056 2111 »

404 2143 517 2184 LXI.
540 2145 814 2185 Amusvas
827 2141 1070 2200 respondit:
1091 2145 1230 2185 Ita-ne
1244 2157 1331 2186 non
1349 2142 1581 2195 erubescis,
1599 2143 1727 2186 etiam

344 2212 376 2253 si
403 2211 447 2254 in
472 2211 648 2254 homine
671 2210 944 2255 fallacissimo
969 2211 1115 2267 fuerit,
1141 2212 1400 2271 baptismum
1426 2212 1586 2257 Christi
1608 2210 1728 2256 falsi-

343 2291 474 2325 tatem
504 2284 695 2326 vocare?
729 2282 851 2326 Absit
873 2282 1051 2342 quidem
1082 2293 1129 2326 ut
1152 2283 1424 2327 Dominicum
1458 2282 1729 2327 frumentum

345 2351 463 2411 quod
483 2367 557 2410 per
587 2361 727 2395 totum
750 2368 918 2410 agrum,
944 2352 985 2395 id
1011 2362 1089 2405 est,
1111 2354 1229 2397 hunc
1252 2353 1489 2407 mundum,
1512 2369 1649 2414 usque
1675 2354 1730 2397 ad

347 2437 549 2474 messem,
576 2422 619 2465 id
643 2431 728 2473 est,
754 2438 890 2482 usque
912 2423 954 2465 in
976 2424 1105 2467 finem
1129 2424 1274 2468 saeculi
1299 2425 1412 2468 inter
1433 2426 1593 2469 zizania
1616 2440 1729 2469 cres-

346 2493 617 2550 cerejussum
639 2502 717 2546 est,
742 2493 892 2537 vestris
916 2492 1152 2538 maledictis
1176 2495 1384 2540 interiisse
1405 2496 1621 2540 credatur.
1645 2498 1730 2539 Ve-

348 2571 592 2606 rumtamen
614 2571 656 2606 et
685 2562 728 2606 in
757 2563 856 2622 ipsis
888 2563 1082 2618 zizanii5‚
1117 2581 1218 2624 quae
1246 2581 1385 2626 usque
1415 2567 1461 2610 in
1486 2567 1618 2610 finem
1641 2571 1729 2611 non
